3728 6000
95 215 148 274 ³43

616 215 802 273 actitatur
820 213 965 271 ADBATlS
980 211 1009 270 S.
1028 209 1246 268 Tltttottoutcl

1692 211 1743 267 ill

130 343 200 398 Nam
216 340 363 398 similitudo
378 341 425 398 iila
439 340 527 414 panis,
557 357 618 413 quae
642 341 670 396 in
697 341 777 397 altari
806 339 895 396 earnis
909 340 935 401 Α
951 346 1045 413 gustus
1064 336 1233 412 suffragium,
1258 337 1413 395 necessario
1431 346 1458 394 et
1477 335 1521 409 pio
1540 334 1745 408 consilioquasi

97 431 183 489 oculis
210 447 239 485 se
263 430 375 503 ingerit,
391 446 442 503 per
455 446 485 487 se
502 431 634 502 inspecta,
658 436 768 486 nonest
794 444 895 500 corpus

98 518 221 576 Domini.
239 519 293 575 Sed
308 535 370 575 curn
384 527 456 575 esset
465 518 593 592 quiddam
600 519 684 590 priori
692 517 856 584 substantiae,
867 516 895 572 id

97 616 139 664 eat
152 608 214 680 paui
226 609 371 675 inhaerens,
383 607 425 663 vel
435 608 569 676 accidens,
581 608 715 680 migrante
730 606 757 661 in
768 606 895 662 Domini·

98 713 159 752 cum
173 712 276 768 corpus
290 696 442 752 substantia
460 696 506 752 cui
521 696 678 762 inherebat,
694 695 833 764 remansit,
861 695 895 751 ad

97 786 282 858 peragendum
302 784 373 841 sacri
392 785 543 839 institutum
573 785 702 857 mysterii.
723 783 803 852 Quod
831 784 895 855 qui-

96 874 159 932 dem
174 883 267 931 contra
278 890 357 929 usum
372 884 398 929 et
414 874 547 930 rationem
561 880 603 930 est
624 874 769 930 mundaum
784 873 895 945 sapien-

62 1022 65 1031 ,
99 963 153 1031 tiae,
191 971 220 1018 ut
255 964 362 1019 sublata
400 963 551 1018 substantia
586 962 746 1018 substantiae
770 961 897 1018 accidens

98 1050 239 1108 subsistat.
255 1051 309 1107 Sed
323 1050 378 1125 legi
393 1058 495 1107 naturae
509 1066 564 1106 non
578 1050 702 1120 subjacet
729 1052 802 1106 Deus
817 1068 825 1114 ;
840 1050 897 1106 imo

98 1140 183 1212 ipsius
198 1141 267 1212 legis
282 1141 325 1196 lox
333 1149 373 1196 est
381 1148 488 1196 creator
507 1155 582 1194 suus.
606 1140 750 1209 Potestque
760 1139 891 1195 acciden-

99 1230 137 1286 tia
151 1229 284 1285 subducto
300 1229 457 1285 substantiae
474 1228 660 1295 fundamento,
681 1228 724 1285 rel
747 1228 894 1293 continere,

100 1317 143 1373 rel
165 1318 191 1373 iu
207 1317 290 1373 aliam
312 1317 459 1373 transferre
481 1316 654 1372 substantiam
680 1334 687 1371 :
711 1316 757 1388 qui
786 1325 895 1384 terram,

100 1407 144 1464 vel
153 1407 300 1463 secundum
312 1423 395 1462 unum
411 1406 569 1478 prophetam
578 1404 713 1478 appendit
729 1406 760 1461 in
771 1406 896 1461 attritum

100 1496 159 1565 (tot
174 1498 261 1566 xxm),
277 1493 321 1551 vel
336 1494 483 1551 secundum
494 1493 584 1559 alium,
597 1510 681 1566 super
690 1493 896 1564 moriosunda·

100 1586 153 1651 m't,
169 1588 198 1640 et
209 1584 421 1655 superflumr'no
436 1584 608 1655 praeparavit
622 1597 684 1638 enm
694 1582 783 1654 (Psoi.
800 1582 891 1651 xxm).

948 427 1130 500 perfunctorie
1150 426 1317 483 admittitur:
1334 444 1388 501 quo
1410 434 1529 500 peracto,
1551 426 1578 480 iu
1593 424 1746 497 percipien-

947 517 984 573 do
999 517 1352 575 sacramentocousumitur.
1364 514 1664 588 Consumptibilisenim
1673 521 1741 582 erat,

949 615 976 662 ot
990 606 1108 661 obnoxia
1122 605 1286 676 corruptioni
1299 625 1305 662 :
1317 607 1389 677 quod
1404 622 1465 662 esse
1498 620 1551 659 nau
1583 610 1670 675 potest
1680 617 1745 657 san·

949 702 1021 751 etum
1054 694 1131 763 illud,
1147 694 1181 749 de
1213 711 1266 765 quo
1296 693 1625 765 Prophetazllondobir,
1647 691 1744 762 inquit,

949 784 1087 841 Sanetaun
1106 788 1189 840 tunm
1212 783 1305 840 videre
1336 785 1545 855 corruptionem
1563 782 1650 853 (Prot.
1684 781 1744 847 xv).

949 872 1056 928 Deinde
1069 889 1128 929 oum
1139 889 1238 943 corpus
1252 873 1318 928 illud
1326 872 1448 929 sacrificii
1462 873 1553 928 rivere
1569 870 1676 942 negatis
1691 870 1746 925 vita

950 961 1072 1030 animali,
1105 961 1202 1018 vellem
1222 962 1348 1018 diceretis
1365 963 1493 1033 apertius,
1514 977 1594 1033 quam
1608 959 1646 1014 ibi
1661 959 1745 1014 vitam

949 1050 1211 1106 animalemdicatis.
1224 1050 1376 1106 Diciteuim
1386 1050 1551 1122 Apostolus:
1567 1050 1600 1106 tlt
1623 1049 1745 1115 spiritus

950 1138 1625 1212 uerteretanimoeteorpusconserveturindiem
1634 1136 1746 1192 Domini

951 1229 1149 1300 (troesenen).
1163 1228 1319 1284 Secundum
1329 1227 1617 1292 hancdistinotiouem‚
1627 1241 1707 1298 quam
1717 1225 1745 1279 in

951 1318 1024 1374 omni
1039 1316 1150 1374 homine
1164 1317 1294 1388 possibile
1304 1316 1476 1382 estiuveniri,
1491 1315 1620 1372 durevitae
1634 1314 1745 1369 discer-

950 1415 1059 1471 nuntur,
1074 1422 1134 1477 quae
1147 1405 1262 1463 invicem
1272 1405 1324 1462 sibi
1338 1407 1534 1462 adversentur:
1551 1403 1697 1476 spiritualis
1718 1409 1745 1458 et

950 1495 1085 1551 animalis.

985 1585 1086 1640 llurum
1113 1584 1184 1640 euim
1209 1585 1298 1653 trium,
1314 1583 1571 1655 spiritusvidelicet‚
1590 1581 1698 1648 animae,
1718 1589 1746 1637 et

101 1672 153 1742 Qui
167 1672 247 1726 etiam
262 1672 296 1726 de
310 1673 361 1728 hoc
374 1671 434 1744 ipso
449 1686 562 1743 corpore
573 1685 623 1726 suo
649 1669 753 1740 dequo
780 1672 895 1744 agimus,
910 1693 937 1754 B
951 1674 1084 1744 corporis,
1104 1689 1165 1730 cnm
1185 1673 1239 1729 duo
1258 1674 1353 1729 ultima
1372 1674 1459 1745 primo
1479 1674 1609 1734 serviunt,
1634 1671 1687 1724 rita
1703 1677 1747 1725 est

99 1760 152 1816 hoc
174 1760 332 1816 mirabiliter
362 1764 503 1831 operatur,
535 1758 607 1831 quud
636 1758 717 1814 etiam
738 1758 771 1814 da
804 1759 895 1815 divina

99 1849 159 1917 ejus
187 1848 396 1904 substantiavix
412 1863 509 1919 capere
533 1855 621 1917 potest
646 1847 771 1904 humanae
799 1847 896 1904 animae

98 1936 250 2004 infirmitas,
266 1944 295 1991 ut
305 1937 405 1992 clausis
417 1935 510 2006 januis
520 1934 587 1990 illud
604 1935 764 2002 introducat,
792 1944 819 1992 et
833 1937 895 2008 pal-

99 2025 190 2099 pabile
211 2024 331 2097 prebeat
349 2027 442 2096 (teon.
460 2025 507 2094 xx)
524 2042 531 2088 ;
549 2032 646 2080 etcum
674 2023 701 2078 in
725 2029 896 2080 sacramento

98 2114 269 2170 distribuitur
292 2113 426 2182 fidelibus,
450 2113 531 2168 saciat
558 2112 592 2167 de
614 2127 647 2167 eo
676 2111 748 2184 quod
768 2114 895 2184 scriptum

99 2211 153 2260 est:
169 2204 365 2272 Quimultum,
376 2218 434 2259 non
455 2201 723 2272 abundauit5etqut
744 2201 895 2268 modicum,

98 2293 317 2349 nonmtnorom't
329 2290 364 2359 (ll
379 2292 440 2348 Cor.
458 2290 518 2359 rur)
535 2309 541 2344 :
559 2288 751 2360 unoquahorae
761 2299 897 2345 momento

100 2389 128 2438 et
140 2381 167 2435 in
182 2381 296 2435 dextera
312 2380 401 2435 Patris
419 2378 513 2434 sedeat
524 2377 551 2432 in
576 2377 663 2446 coelis,
679 2385 705 2432 et
728 2377 898 2434 sacrificetur

100 2470 129 2526 iu
145 2468 340 2524 monsaaltaris
355 2484 361 2521 :
378 2467 497 2539 itemque
512 2481 565 2521 uuo
581 2475 745 2521 momentus
759 2467 824 2522 solis
838 2474 899 2523 ortu

105 2573 191 2628 usque
225 2556 259 2612 ad
286 2571 425 2622 occasum,
458 2563 483 2611 et
509 2554 546 2609 ab
565 2554 692 2624 aquilone
711 2554 745 2609 ad
765 2562 895 2623 austrum,

102 2653 202 2719 praesto
221 2645 253 2700 sit
286 2645 412 2700 omnibus
444 2642 580 2709 fidelibus,
613 2643 667 2700 hoo
694 2644 767 2714 quod
791 2644 899 2699 tradidit

102 2735 171 2806 ipse,
188 2734 214 2788 in
230 2733 272 2788 sui
284 2732 443 2789 memoriam
454 2730 570 2788 fideliter
583 2730 792 2787 celebrantibus.
820 2732 900 2802 Quod

952 1762 1099 1833 spiritualis
1113 1777 1120 1827 ;
1135 1777 1197 1817 eum
1213 1762 1266 1817 duo
1285 1762 1373 1828 prima
1386 1761 1489 1825 ultimo,
1502 1762 1556 1815 vita
1575 1768 1616 1815 est
1641 1759 1745 1813 anima-

949 1850 992 1906 lis.
1013 1852 1091 1906 llaoe
1106 1851 1189 1906 vitam
1205 1851 1342 1922 appellare
1357 1851 1500 1905 animalem
1522 1849 1687 1904 consuetudo
1704 1854 1745 1902 est

951 1938 1159 2011 Scripturarum.
1169 1939 1498 2013 Talisquippeesthomo,
1509 1938 1552 2007 qui
1562 1953 1614 1992 aon
1630 1936 1745 2007 percipit

950 2045 991 2092 ea.
1006 2027 1424 2099 quaebetaunt.1taoanunntta
1445 2026 1567 2088 animali.
1580 2027 1627 2096 qui
1653 2025 1745 2081 vivero

950 2117 1015 2172 dicit
1045 2132 1142 2188 corpus
1170 2117 1278 2182 Christi,
1309 2132 1361 2171 non
1388 2116 1455 2172 vivit
1477 2115 1545 2185 ipse,
1561 2115 1692 2186 pejorque
1707 2121 1748 2169 est

950 2205 1024 2261 omni
1043 2204 1165 2261 animali.
1188 2204 1265 2274 erod
1285 2205 1308 2259 si
1328 2220 1426 2260 nomen
1446 2203 1620 2259 animalitatis
1648 2204 1675 2258 in
1695 2204 1748 2258 hoc

951 2301 1130 2357 coarctemus,
1151 2293 1332 2348 utauimalom
1352 2294 1433 2348 vitam
1456 2292 1590 2359 dicamus,
1611 2309 1662 2362 qua
1681 2293 1748 2346 rivi·

952 2380 1048 2437 ficator
1076 2388 1178 2436 tantum
1202 2397 1299 2453 corpus
1327 2386 1354 2436 ot
1385 2381 1576 2444 sensificatur:
1594 2380 1748 2452 quicunque

951 2469 1057 2541 corpori
1073 2469 1172 2525 Christi
1188 2478 1247 2540 post
1257 2471 1485 2526 resurrectionem
1501 2486 1534 2525 ex
1547 2469 1660 2525 mortuis
1671 2469 1749 2523 dero·

952 2567 998 2631 gat
1023 2559 1116 2620 vitam,
1140 2566 1167 2614 et
1190 2574 1285 2614 sensns
1306 2567 1407 2615 nostrae
1433 2567 1543 2626 natura,
1559 2558 1620 2612 licet
1635 2557 1748 2611 alterius

953 2647 1059 2721 gloriae,
1088 2646 1178 2702 rideat
1205 2647 1275 2702 unda
1295 2655 1406 2712 astruat,
1437 2647 1507 2718 quod
1526 2647 1590 2702 dicit
1608 2660 1615 2715 ;
1631 2646 1749 2701 manime

953 2752 1017 2792 oum
1032 2734 1164 2790 membris
1175 2738 1277 2791 auterat
1294 2735 1499 2791 resurrectionis
1518 2751 1604 2806 spem,
1617 2751 1696 2807 quam
1721 2734 1749 2788 iu

102 2823 138 2879 dc
152 2837 268 2893 corpore
281 2822 404 2895 cogitare
426 2837 481 2876 oon
507 2828 595 2891 polest
622 2820 729 2891 aliquis,
758 2820 803 2893 qui
823 2823 857 2876 sit
872 2822 898 2877 in

102 2927 226 2984 corpore.
256 2912 305 2966 Est
337 2910 419 2983 igitur
452 2909 480 2963 iu
518 2909 651 2980 mysteriis
670 2925 733 2965 vera
766 2910 900 2965 Dominioi

953 2825 1040 2895 cipite
1050 2824 1156 2879 videtur
1170 2824 1313 2895 perimere.
1324 2825 1396 2879 Ecce
1411 2826 1461 2879 hoc
1476 2832 1524 2885 est,
1541 2825 1612 2894 quod
1627 2824 1749 2894 inopere

954 2922 1041 2969 restro
1051 2930 1095 2968 me
1110 2912 1232 2979 offendit,
1245 2913 1426 2968 etnoonullos
1443 2912 1554 2968 tratmm
1576 2918 1745 2969 nostrorum.

103 3001 226 3072 corporis
258 2999 417 3065 substantia,
451 2997 498 3053 sed
528 2998 632 3070 absque
668 2997 772 3054 risibili
809 2999 901 3069 specie
956 3002 985 3056 ln
1015 3018 1095 3072 quem
1115 3018 1224 3058 sensum
1254 3001 1335 3056 etiam
1357 3000 1424 3055 illud
1453 3001 1750 3068 concurrerevidetur,

104 3104 155 3145 sua
176 3104 183 3158 ;
204 3093 231 3145 et
250 3096 293 3144 est
311 3103 377 3144 sera
411 3086 517 3158 species
537 3086 650 3141 risibilis
668 3086 758 3158 panis,
777 3086 901 3142 sodabs·
957 3091 1029 3162 qnod
1043 3091 1124 3162 paulo
1143 3091 1266 3161 superins
1277 3090 1424 3145 dixeratis.
1444 3090 1489 3146 Sic
1503 3089 1749 3157 enimilrilepitur:

103 3194 157 3252 que
188 3177 338 3233 substantia
368 3192 426 3231 sua.
469 3175 546 3232 Unde
575 3174 671 3231 beatus
710 3178 901 3249 Augustinus:
959 3179 1157 3250 «Quapropter
1170 3180 1215 3251 qui
1227 3179 1362 3234 risibilem
1377 3194 1474 3249 panem
1490 3177 1613 3234 sacrificii
1623 3177 1749 3242 comedit,

106 3289 118 3317 a
140 3265 229 3338 Quod,
241 3263 485 3339 inquit,videtisin
507 3263 596 3329 altari,
612 3264 742 3332 panisest
769 3272 797 3320 et
821 3264 902 3329 calix,
957 3276 983 3322 et
1002 3267 1165 3322 invisibilem
1191 3284 1206 3321 a
1225 3268 1306 3323 corde
1325 3282 1375 3323 suo
1403 3282 1457 3322 nou
1471 3267 1606 3322 credendo
1621 3266 1751 3336 repellit:

103 3356 178 3430 quod
193 3355 263 3413 oculi
277 3354 433 3410 renuntiant
443 3353 521 3409 vobis
533 3371 540 3417 ;
553 3352 626 3424 quod
652 3360 741 3408 autem
757 3352 825 3407 lidos
852 3369 903 3425 po·
957 3357 1092 3412 Christum
1106 3357 1216 3421 occidit,
1227 3357 1271 3428 qui
1296 3357 1379 3412 ritum
1395 3356 1556 3412 avii'ilirato
1578 3355 1710 3428 sejungit,
1727 3363 1754 3410 et

103 3446 185 3502 stulat
200 3445 366 3510 instruenda,
383 3442 462 3513 panis
486 3456 584 3512 corpus
609 3448 650 3496 eal
661 3441 775 3501 Christi:
794 3447 820 3497 et
835 3443 905 3498 calix
957 3445 1084 3500 dontibus
1103 3447 1159 3499 suis
1175 3454 1314 3501 mortuum
1339 3447 1420 3501 laniat
1438 3462 1537 3515 corpus
1556 3444 1678 3499 sacrificii
1696 3460 1703 3514 ;
1720 3460 1755 3500 aa

106 3535 220 3607 sanguis
244 3541 286 3589 est
302 3530 481 3588 christini]
498 3531 526 3584 B.
556 3529 825 3587 ambrosius-utta
854 3530 905 3584 sint
958 3549 1007 3604 por
1032 3534 1084 3589 hoc
1106 3536 1352 3604 reusestcorporis
1375 3541 1403 3590 et
1428 3534 1569 3607 sanguinis
1596 3533 1752 3588 Domini...

107 3638 168 3693 qua
182 3629 269 3688 eraut,
285 3630 312 3676 et
337 3621 363 3675 in
380 3618 454 3674 aliud
479 3625 686 3674 commutentur.
705 3641 716 3666 n
733 3618 805 3673 Nihil
832 3619 904 3674 euim
958 3622 992 3677 Et
1007 3621 1034 3676 in
1050 3623 1236 3677 huncsensum
1252 3639 1403 3678 consonare
1417 3623 1533 3691 ridetur,
1547 3621 1676 3692 quidquid
1690 3637 1754 3692 pro·

107 3709 207 3765 salsum
225 3709 372 3778 putandum
387 3714 429 3763 est
445 3706 470 3761 io
485 3705 617 3762 sacriticio
632 3707 764 3770 veritatis,
780 3708 822 3763 vel
838 3707 906 3762 sieut
959 3713 1075 3780 positum
1092 3710 1135 3767 vel
1150 3721 1317 3781 assumptum
1332 3721 1372 3766 ast
1383 3713 1409 3765 in
1417 3711 1550 3766 sententia
1578 3711 1621 3765 illa
1648 3712 1682 3764 de
1698 3726 1755 3766 ma-

106 3796 136 3852 tit
146 3797 173 3852 in
188 3812 330 3869 magorum
350 3794 504 3867 prestigiis,
516 3794 562 3850 ubi
572 3793 716 3850 delusione
729 3796 842 3867 quadam
858 3795 906 3851 tal·
960 3799 1027 3853 teria
1041 3799 1164 3854 sacriticii
1178 3800 1273 3856 sancti.
1290 3800 1368 3868 Quod
1393 3808 1481 3855 utrum
1496 3801 1664 3855 correctione
1679 3798 1754 3852 indi·

107 3885 200 3942 luatur
217 3884 300 3955 oculi,
317 3891 343 3938 ut
362 3883 487 3939 videatur
502 3882 567 3938 illud
595 3898 655 3938 esse
681 3884 753 3954 quod
781 3901 834 3940 aon
865 3891 909 3939 est
961 3888 1472 3962 goat,vestrolegentiumquejudioin
1491 3888 1659 3960 derelinquo.
1676 3889 1755 3945 Nunc

108 3969 742 4044 omniuo;sedveraspeciesrisibilispanis,
772 3989 833 4044 quae
861 3971 911 4027 tuit
962 3993 1044 4031 uuum
1060 3985 1109 4043 est,
1125 3979 1196 4047 qnod
1212 3979 1477 4048 precorcharitatem
1498 3985 1626 4042 vestram,
1648 3993 1696 4047 per
1709 3977 1755 4045 ip·

108 4064 136 4121 in
147 4080 227 4136 pnue,
236 4065 296 4136 ipsa
316 4063 387 4119 lacta
403 4071 501 4136 praeter
520 4062 700 4120 substantiam
722 4081 811 4132 auam,
839 4083 909 4138 quo·
962 4081 1022 4119 sum
1040 4066 1085 4135 qui
1098 4074 1136 4121 est
1151 4067 1272 4121 charitas
1287 4085 1295 4133 3
1313 4083 1346 4121 oe
1362 4083 1406 4121 mc
1433 4066 1510 4137 quasi
1537 4065 1571 4120 de
1600 4066 1757 4134 integritate

109 4152 256 4209 dammodo
279 4152 308 4207 ir.
334 4152 425 4208 aliena
440 4152 640 4224 peregrinatur,
667 4153 822 4210 continente
849 4171 909 4211 eam
962 4152 1024 4207 srdei
1038 4154 1321 4221 rostrredulritantem,
1333 4156 1404 4226 quod
1417 4155 1498 4226 longe
1520 4154 1554 4208 sit
1568 4169 1583 4207 a
1598 4158 1680 4209 corde
1695 4168 1758 4209 meo

110 4241 157 4314 qui
172 4241 316 4306 tecitoam,
332 4248 359 4296 et
374 4241 407 4296 ad
423 4257 502 4295 suum
523 4240 708 4298 transferente
722 4258 834 4313 corpus.
963 4250 988 4298 at
1003 4242 1165 4298 conscientia
1180 4259 1250 4303 mea.
1271 4243 1410 4299 aestimetis
1425 4244 1539 4312 inopus
1566 4242 1646 4297 studii
1675 4242 1757 4296 nestri

145 4329 312 4401 Quoetameu
323 4330 453 4386 translata
467 4331 501 4386 ad
516 4346 614 4402 corpus
641 4330 759 4398 Domini,
796 4348 851 4387 non
877 4350 910 4388 eo
964 4331 1041 4403 quasi
1056 4331 1208 4386 censoriam
1225 4331 1316 4386 tulisse
1331 4332 1490 4386 sententiam
1509 4330 1672 4400 jactabunda
1685 4345 1756 4399 qua-

109 4418 192 4476 modo
205 4419 287 4475 estad
298 4418 375 4483 illud,
385 4416 696 4491 quomodoaccidcoscd
708 4421 904 4490 substantiam:
921 4398 949 4461 D
964 4421 1026 4473 dam
1038 4420 1188 4475 temeritate
1205 4461 1211 4483 ,
1229 4420 1278 4475 sed
1293 4419 1408 4475 fraterna
1423 4421 1551 4475 charitate
1574 4427 1601 4473 et
1624 4419 1757 4474 sollicitu-

110 4509 291 4581 quiacorpus
312 4507 430 4574 Domini,
460 4513 594 4580 qnantum
619 4507 648 4561 in
670 4523 716 4562 sua
745 4508 908 4577 substantia,
964 4508 1027 4562 dine
1038 4507 1136 4574 amica,
1153 4515 1222 4563 teste
1238 4508 1307 4571 Deo,
1321 4508 1427 4578 loquor.
1442 4524 1492 4578 pro
1508 4506 1585 4561 vobis
1612 4507 1755 4575 sollicitas,

108 4594 535 4663 uecalbumetiicitalbedoilla,
556 4596 764 4652 necrotundum
790 4598 909 4652 rutundi·
963 4595 1116 4652 sicvellem
1139 4597 1232 4651 ethoc
1261 4603 1288 4652 at
1302 4612 1383 4652 omne
1400 4612 1469 4664 opus
1485 4595 1564 4650 studii
1579 4594 1663 4648 vestri
1678 4594 1756 4649 etla-

110 4683 335 4755 tasilia3sicqua
365 4684 401 4740 de
433 4682 553 4755 reliquis.
585 4683 638 4740 Sed
655 4684 730 4756 quia,
750 4684 818 4740 sicut
844 4685 909 4742 dicit
964 4684 1216 4754 borisexquisitmu
1232 4693 1326 4740 essert
1349 4685 1583 4754 circumspectum,
1600 4684 1756 4754 priusquam

110 4774 144 4830 D.
156 4771 337 4845 Augustinus,
349 4772 493 4828 visibiliter
501 4788 615 4830 necesse
630 4773 824 4840 estcolebrari,
836 4774 908 4846 quod
965 4774 1050 4829 exiret
1064 4774 1092 4828 in
1107 4788 1206 4827 manus
1218 4788 1324 4840 aornim,
1340 4774 1386 4842 qui
1401 4771 1467 4827 loris
1482 4780 1553 4839 suot,
1569 4780 1595 4825 ut
1610 4770 1757 4840 quimdere

110 4866 201 4915 tamen
234 4877 347 4917 necasse
374 4867 416 4916 est
434 4860 605 4917 invisibiliter
635 4861 770 4933 intelligi:
787 4862 909 4934 adquod
965 4860 1506 4928 illudvellet,uouiuveairat,ubidentem
1517 4858 1755 4931 possetinlrger03

111 4948 262 5004 necessaria
295 4957 335 5004 est
361 4949 469 5019 species
505 4949 605 5005 illaad
625 4949 745 5022 mysterii
767 4950 909 5019 ritum,ad
964 4958 991 5004 et
1015 4949 1192 5005 utsiucerum
1207 4964 1254 5004 aas
1268 4949 1358 5004 uultus
1371 4957 1462 5019 posset
1476 4949 1637 5003 incrustare.
1651 4947 1755 5005 llalete.

145 5072 191 5142 (ln
204 5076 323 5143 utraque
336 5073 430 5129 codice
450 5074 659 5145 manuscripto,
671 5075 720 5142 qut
730 5090 790 5145 proe
802 5074 934 5130 monibus
960 5077 1013 5135 est.
1031 5072 1089 5129 ltaec
1104 5073 1185 5128 verbu
1212 5071 1381 5140 praedictam
1409 5074 1556 5141 epistolam
1570 5076 1734 5145 sequuntur
1748 5093 1757 5128 :

113 5165 126 5192 r
146 5144 222 5200 linit
232 5143 351 5214 epistola
365 5143 474 5200 domina·
491 5143 651 5206 Guttlelrni,
661 5143 922 5216 quondomalrbutis
932 5148 960 5199 S.
980 5143 1139 5199 Theoderici
1154 5143 1291 5215 :sedproe
1304 5143 1395 5199 nimio
1408 5144 1544 5201 desiderio
1557 5147 1757 5216 perfectionis,

112 5218 140 5271 et
154 5217 297 5286 exoptata
310 5217 500 5286 paupertatis,
516 5215 553 5270 od
567 5215 701 5270 ultimum
712 5216 845 5273 monachi
861 5216 1073 5287 Sipntocenals).
1091 5238 1102 5262 ·

385 5336 487 5410 lner'ptt
497 5338 631 5411 prolapus
645 5338 677 5393 D.
695 5336 888 5394 Gutltelmiod
902 5336 1030 5396 abbatem
1047 5336 1260 5395 CloroeuutltrS.
1280 5338 1466 5394 bernardum.

150 5433 314 5492 Charissimo
324 5450 374 5491 suo
388 5435 477 5493 electo
486 5451 519 5492 ex
532 5435 669 5503 millibus,
678 5452 743 5492 suus
752 5436 798 5492 ille
808 5435 936 5508 seipsum.
953 5438 1020 5493 Cum
1036 5452 1134 5506 nuper,
1150 5436 1250 5507 reipsa
1278 5436 1415 5511 exigente,
1444 5433 1550 5492 cuidam
1567 5433 1642 5490 tratri
1665 5433 1757 5491 breri-

109 5515 151 5563 ter
164 5506 198 5562 de
224 5507 399 5564 sacramentis
422 5507 601 5579 scripsissem,
621 5515 729 5582 sumpto
743 5505 807 5563 inde
820 5508 960 5585 cogitandi
982 5508 1101 5576 exordio,
1126 5508 1246 5563 rationes
1265 5509 1394 5580 quasdam
1420 5523 1452 5565 ex
1480 5507 1587 5564 Petrum
1614 5506 1756 5563 sententiis
