3728 6000
324 466 692 620 tlt-llllllt
738 472 1225 624 ttllbltltllt
1276 477 1522 628 llllll

851 673 1005 717 ADVERSUS

396 779 740 894 DOGMATA
794 786 1007 895 PETRI
1053 789 1454 902 ABAELARDI.

603 973 787 1043 (Bibliotheca
808 975 1012 1044 dialecticasse,
1030 983 1049 1031 t.
1066 977 1113 1042 lV,
1128 992 1159 1048 p.
1184 977 1259 1047 238.)

512 1173 797 1273 MONITUM
832 1174 1029 1272 DOMNI
1078 1175 1353 1273 TISSIERI.

142 1338 217 1396 Hanc
232 1341 448 1413 Disputatiouem
464 1346 586 1403 Andreas
599 1364 615 1403 a
630 1348 747 1419 Quercu,
764 1359 855 1406 noster
869 1351 1018 1421 Maurique,
1029 1354 1058 1406 et
1071 1350 1127 1417 alii,
1139 1350 1285 1406 Guillelmo
1299 1350 1533 1407 ssuneodorico
1549 1351 1669 1406 tribuunt
1685 1350 1694 1380 ι
1698 1354 1730 1404 38
1747 1390 1753 1403 .

106 1404 206 1464 Verum
220 1427 301 1494 snpra
315 1414 452 1470 Guillelmi
467 1418 616 1491 legitimum
631 1426 734 1490 partum
749 1423 828 1477 unico
844 1421 912 1477 libro
926 1428 1085 1476 contentum
1102 1422 1270 1491 protulimus,
1287 1421 1423 1477 Gaulrido
1439 1423 1594 1478 Carnotcnsi
1610 1430 1636 1476 ct
1650 1387 1756 1501 Sdier·

100 1480 193 1562 nardo
207 1491 347 1554 scriptum,
363 1502 418 1557 quio
432 1503 538 1544 errores
552 1491 685 1546 dboelardi
701 1493 821 1548 noudum
845 1495 886 1547 eis
910 1491 1012 1564 cogniti
1034 1491 1217 1547 declarantur.
1241 1493 1298 1548 lloc
1318 1497 1410 1547 aulem
1433 1493 1548 1548 alterum
1576 1508 1645 1574 opus
1669 1492 1756 1571 tribus

105 1548 181 1607 libris
193 1552 347 1610 distinctum
363 1568 390 1611 ει
404 1559 512 1628 praesuli
527 1561 740 1632 Rotbomagensi
761 1570 954 1632 nuncupatum,
970 1561 1073 1617 editum
1091 1570 1140 1629 εει,
1155 1572 1299 1633 postquam
1315 1565 1342 1620 S.
1361 1563 1517 1618 Bernartius
1534 1565 1603 1618 l’etrr
1618 1562 1755 1618 abaelardi

106 1635 214 1678 errores
229 1624 373 1682 insectatus
386 1639 441 1691 est;
458 1638 484 1685 et
499 1630 541 1686 bic
559 1648 588 1686 se
603 1633 694 1705 inique
715 1649 731 1687 a
754 1644 847 1690 sancto
869 1633 952 1688 Patre
972 1633 1122 1703 impetitum
1144 1633 1172 1687 in
1196 1635 1328 1705 Apologia
1349 1635 1483 1688 adversus
1504 1634 1630 1689 eumdem
1654 1633 1756 1703 scriptu

105 1692 273 1750 mendaciter
285 1697 465 1754 calumniatus
479 1710 530 1755 εει.
550 1703 601 1758 Ηίε
615 1719 683 1775 ergo
699 1713 791 1759 noster
804 1705 890 1759 abbas
912 1718 1064 1774 anonymus
1084 1704 1192 1759 beatum
1213 1705 1380 1759 Bernardum
1407 1711 1510 1769 tuetur,
1537 1712 1564 1758 et
1587 1705 1757 1759 demonstrat

105 1762 200 1818 verbis
214 1766 348 1823 dbaelardi
363 1769 488 1825 adductis
502 1788 609 1828 errores
623 1774 648 1829 ei
662 1775 859 1830 asanctissimo
872 1777 950 1830 Patre
959 1776 1121 1846 imputatos,
1134 1791 1196 1830 vere
1206 1775 1240 1830 ab
1252 1776 1309 1847 ipso
1320 1776 1432 1831 traditos
1442 1783 1469 1829 et
1478 1775 1630 1846 evulgatos.
1644 1775 1754 1827 Hortum

106 1841 198 1889 autem
212 1836 349 1905 abbatum,
366 1840 502 1897 Guillelmi
517 1843 618 1900 scilicet
632 1853 659 1899 et
673 1847 801 1917 anonymi
817 1849 895 1914 hujus
908 1845 1080 1910 testimoniis,
1097 1846 1151 1900 imo
1166 1846 1256 1903 verbis
1280 1846 1430 1911 Abaelurdi,
1458 1862 1519 1916 quae
1543 1847 1596 1916 ipsi
1619 1845 1755 1909 referunt,

105 1905 271 1962 refutabitur
282 1910 417 1965 calumnia
432 1928 526 1967 eorum
540 1915 585 1986 qui
601 1916 629 1968 B.
644 1917 808 1971 bernardum
832 1926 925 1972 eontra
946 1916 1055 1971 Petrum
1077 1916 1248 1971 abaelardum
1264 1917 1455 1988 disputantem,
1474 1919 1561 1971 larvas
1575 1917 1706 1970 duntaxat
1728 1922 1757 1969 ει

102 1975 249 2057 chimaeras
263 1978 358 2034 dicunt
370 1983 542 2050 insectatum,
558 2001 610 2041 nou
627 1985 787 2055 doctrinam,
802 2004 884 2069 quam
899 1987 944 2042 ille
958 1995 1091 2041 tueretur.
1115 1986 1182 2055 Qua
1203 1987 1299 2057 injuria
1319 1989 1347 2043 in
1369 1989 1461 2042 sedem
1485 1987 1671 2057 apostoticam,
1687 1994 1714 2040 et
1730 1986 1758 2040 in

106 2045 259 2103 coincxlium
273 2049 440 2120 Senonense,
456 2070 550 2110 coram
565 2057 662 2137 quibus
673 2058 791 2127 capitula
806 2058 935 2113 librorum
949 2058 1086 2113 abaelardi
1103 2058 1171 2114 lecto
1185 2067 1255 2123 sunt,
1281 2067 1307 2113 et
1332 2058 1365 2113 ab
1388 2059 1427 2113 eis
1451 2057 1590 2125 damnata,
1606 2056 1754 2112 redundat.

100 2112 159 2186 'Qui
173 2125 245 2173 tanta
261 2119 388 2178 facilitate
402 2122 430 2178 S.
448 2125 554 2180 Patrem
574 2130 734 2199 ignorantia
758 2129 905 2195 damnant,
930 2136 956 2183 et
979 2128 1151 2184 dbaelardum
1174 2129 1335 2194 absolvunt,
1360 2129 1387 2182 in
1410 2137 1464 2183 tem
1488 2144 1601 2198 pravum
1621 2128 1758 2198 judicium

105 2188 196 2269 lorsan
209 2189 311 2247 inducti
326 2203 386 2249 sunt
398 2211 430 2249 ex
446 2194 562 2253 lectione
579 2199 763 2278 responsionis
775 2200 898 2270 ejusdem
913 2198 1066 2263 Abaelardi,
1092 2208 1155 2253 anta
1175 2199 1209 2253 30
1234 2215 1321 2254 annos
1345 2215 1407 2254 cum
1426 2198 1486 2253 aliis
1511 2200 1673 2268 qtribusdom
1697 2199 1758 2280 ejus

101 2261 234 2329 operibus
249 2262 337 2328 editas,
353 2265 382 2319 in
396 2281 447 2335 qna
462 2282 565 2322 errores
579 2269 629 2322 sibi
644 2271 758 2340 scriptos
772 2271 900 2336 damnat,
919 2278 946 2324 et
966 2286 1031 2324 suos
1051 2286 1111 2325 esse
1134 2270 1279 2325 inliciatur.
1303 2271 1403 2326 Verum
1426 2271 1568 2339 responsio
1592 2270 1639 2324 illa
1668 2279 1759 2340 potrus

100 2327 276 2387 inscribenda
290 2342 356 2399 erat,
373 2338 546 2393 liclraclatio
560 2354 689 2396 errorum
705 2343 785 2397 Petri
796 2341 944 2406 lboelardi,
977 2357 1037 2394 narn
1053 2341 1207 2411 Responsio
1221 2349 1316 2397 contra
1331 2341 1481 2395 calumnias
1495 2341 1678 2411 objectorum,
1690 2355 1754 2395 cum

105 2397 277 2482 Guillelmus,
292 2412 320 2459 et
333 2421 485 2477 anonymus
498 2409 584 2464 abbas
598 2412 744 2467 sententias
757 2413 878 2479 eiusdem
894 2358 1028 2467 Abaeiardi
1050 2411 1108 2466 lusc
1132 2412 1257 2476 reserant,
1276 2427 1381 2466 errores
1406 2412 1439 2465 de
1462 2412 1559 2480 quibus
1574 2411 1752 2467 accusabatur

100 2483 115 2523 a
137 2478 269 2529 artissime
283 2477 460 2533 continentes.
481 2478 539 2534 Nec
552 2497 714 2554 quemquam
729 2492 845 2549 moveat,
859 2481 933 2555 quod
946 2485 974 2536 iu
990 2482 1122 2551 operibus
1142 2483 1275 2537 dbaelardi
1300 2498 1386 2549 nuper
1406 2481 1484 2537 editis
1506 2498 1558 2537 uon
1579 2483 1748 2553 reperiantur

100 2484 140 2594 iffi
154 2556 267 2625 errores,
284 2561 344 2601 nam
367 2548 428 2602 libri
442 2547 480 2602 illi
496 2551 540 2620 qui
555 2552 604 2606 bos
618 2553 802 2618 continebant,
826 2570 881 2608 nun
905 2561 966 2608 sunt
986 2553 1060 2623 typis
1084 2553 1189 2608 excusi.
1214 2553 1256 2607 llli
1282 2553 1354 2607 enim
1375 2553 1479 2608 caeteris
1498 2552 1637 2633 operibus,
1654 2552 1752 2634 quibus

96 2611 208 2668 admisti
230 2614 353 2682 luissent,
369 2620 518 2688 perniciem
541 2630 641 2677 certam
656 2625 821 2679 attulissent.
847 2625 931 2680 Porro
954 2624 1060 2678 initium
1084 2624 1155 2678 illius
1177 2624 1365 2694 disputationis
1392 2639 1446 2679 non
1471 2624 1619 2678 edidimus.
1646 2624 1753 2677 l’ruuus

100 2682 174 2763 enim
188 2688 328 2756 quaternio
342 2687 419 2744 deest
433 2691 591 2761 exemplari,
608 2695 681 2763 quod
696 2696 804 2751 unicum
819 2695 964 2766 reperitur,
981 2702 1008 2749 et
1023 2694 1089 2748 illud
1106 2694 1153 2749 luit
1166 2695 1231 2750 olim
1247 2694 1417 2749 bibliothecae
1432 2694 1610 2761 claraevallis,
1627 2701 1709 2766 atque
1726 2693 1753 2749 in

103 2767 162 2822 ejus
174 2754 251 2812 initio
265 2758 324 2814 haec
339 2760 488 2828 verbalem
502 2763 566 2817 olim
581 2765 681 2836 scripta
696 2777 769 2821 sunt.
796 2768 877 2822 Deest
892 2782 961 2821 unus
976 2773 1132 2835 quaternus,
1151 2766 1195 2836 qui
1214 2765 1338 2820 habuerit
1353 2764 1533 2820 obedientiam
1554 2766 1683 2821 librorum
1709 2780 1755 2819 re-

102 2825 200 2950 guirat.
216 2830 250 2882 At
264 2843 317 2883 non
332 2830 419 2885 solnm
434 2847 488 2887 uon
504 2842 626 2904 repertus
641 2844 681 2891 est
694 2837 738 2892 ille
754 2844 910 2917 quaternus,
926 2835 975 2891 sed
991 2836 1071 2890 etiam
1087 2836 1172 2891 codex
1188 2835 1233 2891 ille
1249 2852 1264 2891 e
1280 2835 1444 2891 bibliotheca
1457 2835 1506 2890 illa
1521 2835 1642 2891 sublatus
1655 2855 1661 2890 :
1674 2851 1755 2907 quem

126 2894 224 2953 ndreae
242 2897 380 2967 aQuerou
396 2901 489 2957 virens
510 2904 641 2985 possedit,
658 2914 685 2962 ει
700 2923 751 2978 ego
767 2909 840 2963 illum
857 2908 944 2978 ipsum
959 2907 1109 2976 exscripsi.
1133 2905 1248 2962 adverte
1264 2908 1335 2962 hunc
1349 2921 1516 2986 anonymum
1532 2907 1651 2962 intortio
1676 2906 1758 2975 hujus

99 2966 195 3037 operis
209 2968 279 3026 libro
290 2971 364 3026 illam
382 2972 516 3028 abaelardi
538 2977 699 3032 sententiam
715 2978 850 3044 retollere,
867 2995 920 3049 qua
933 2983 1072 3032 statuebat
1096 2978 1222 3032 omnibus
1248 2977 1363 3050 gratiam
1379 2977 1429 3032 Der
1443 2977 1552 3033 oderri.
1576 2978 1675 3033 Verum
1700 2978 1758 3032 haec

102 3051 157 3093 nou
172 3039 307 3096 abaelardi
320 3044 428 3114 propria
443 3052 491 3111 est,
505 3046 554 3100 sed
568 3047 791 3105 scholasticorum
813 3050 954 3104 doctorum
977 3049 1146 3114 communis,
1172 3049 1226 3102 imo
1248 3056 1274 3102 et
1297 3050 1422 3113 Petrum,
1444 3065 1526 3120 quam
1549 3050 1618 3104 inter
1644 3055 1757 3104 caeteros

102 3112 216 3181 egregie
230 3120 317 3167 tuetur
332 3115 449 3183 Prosper
462 3117 602 3187 Augustini
619 3119 766 3189 discipulus
782 3121 808 3174 in
823 3120 900 3174 libris
910 3121 949 3174 lte
965 3119 1107 3175 vocatione
1137 3119 1242 3174 entium
1254 3136 1261 3172 ε
1274 3120 1319 3188 qui
1331 3117 1492 3174 etiamillam
1505 3119 1540 3174 ad
1551 3119 1679 3190 parvulos
1695 3118 1756 3173 sine

101 3176 238 3251 baptismo
252 3183 418 3240 decedentes
432 3186 562 3242 extendit.
575 3188 645 3244 Sane
662 3205 711 3245 nec
723 3190 894 3256 Guillelmus,
910 3205 960 3245 nec
975 3191 1003 3246 S.
1017 3135 1166 3244 Bernarfius
1181 3191 1250 3244 lianc
1266 3190 1427 3245 seutentiam
1443 3190 1471 3245 in
1485 3189 1628 3246 abaelardo
1642 3190 1756 3243 domna·

99 3259 182 3331 runt,
199 3252 253 3308 imo
268 3253 319 3335 ipsi
333 3271 393 3309 eam
406 3257 508 3324 passim
522 3257 629 3314 docent.
646 3260 709 3315 Pela
731 3262 837 3316 ianismi
854 3261 964 3332 quidem
980 3260 1151 3316 abaelardum
1168 3259 1366 3323 insimularunt,
1378 3259 1451 3329 quod
1466 3260 1569 3318 diceret
1584 3277 1634 3317 uos
1648 3259 1754 3316 viribus

102 3319 180 3379 liberi
195 3324 297 3380 arbitrri
311 3340 393 3398 posse
403 3326 477 3383 bona
491 3342 584 3400 agere,
600 3338 650 3387 etc.
667 3277 784 3388 scribac
799 3333 832 3388 dc
848 3348 876 3388 re
889 3332 984 3388 itemrn
998 3330 1025 3385 in
1041 3330 1261 3386 adnotationibus
1276 3331 1377 3386 nostris
1390 3331 1472 3387 inira.

103 3587 121 3625 n
151 3502 371 3628 bdltvldlEmerit'o.
395 3504 544 3577 videque
565 3507 600 3563 de
624 3509 675 3565 hac
697 3509 878 3581 disputatione
906 3507 1041 3564 disserunt
1068 3515 1192 3564 auctores
1216 3507 1312 3565 Gallias
1340 3507 1480 3565 litteraria
1506 3520 1598 3580 supra,
1614 3505 1669 3563 col.
1688 3506 1752 3575 lai,

126 3612 132 3625 .
214 3613 220 3628 .
261 3590 316 3629 mr.
353 3590 419 3632 xro.

105 3673 1747 3701 ———-——-·—-—.-....-...----—-—---—-

685 3787 870 3890 LIBER
908 3788 1163 3892 PRIMUS.

104 3970 198 4047 (lleesl
210 3977 394 4053 principiam,
406 3984 440 4037 ul
449 3982 513 4055 jcm
529 3984 691 4041 monuimus
701 4005 711 4041 .·
721 3986 753 4041 ia
768 4001 798 4042 cc
812 3989 910 4040 actem
921 3984 994 4057 quod
1010 3988 1149 4054 superest,
1162 3985 1310 4054 refutatur
1324 3982 1425 4053 dogma
1436 3982 1583 4046 Aboelardi,
1614 3980 1753 4038 atentiam

243 4051 297 4106 soli
311 4053 403 4120 Patri,
418 4054 590 4126 rapientium
605 4055 687 4124 Filio,
704 4056 911 4128 benignitatem
927 4056 1051 4128 Spiritui
1065 4059 1165 4112 sancto
1181 4056 1313 4112 barabae
1328 4069 1414 4110 sensu
1430 3998 1612 4121 tribuentisg

140 4322 151 4346 r
172 4296 203 4354 si
217 4304 272 4353 tam
286 4299 447 4372 evangelica
462 4315 542 4370 quarn
557 4301 705 4373 apostolica
719 4301 793 4358 diota
807 4301 895 4357 discu-
909 4302 937 4363 A
951 4301 1016 4375 qnia
1028 4301 1169 4372 sapientiae
1183 4302 1255 4358 cedit
1269 4301 1387 4373 potentia
1403 4302 1430 4356 in
1444 4298 1615 4356 discussione
1640 4296 1749 4368 judicii,

102 4383 210 4452 tiernus,
223 4387 299 4455 juxta
312 4387 400 4458 ipsius
415 4389 560 4446 locutionis
575 4391 766 4460 proprietatem
794 4390 896 4444 intelli·
950 4391 995 4445 ubi
1011 4391 1124 4462 aquitae
1133 4390 1409 4460 magisexaminanda
1420 4396 1470 4454 est,
1481 4404 1563 4460 quam
1573 4386 1752 4456 vispotentiae

101 4476 203 4547 gimus,
218 4491 250 4530 ea
265 4493 325 4547 quae
337 4477 372 4530 ad
388 4478 537 4548 potentiam
552 4478 695 4548 pertinent,
708 4479 778 4533 Patri
794 4478 897 4550 specia—
949 4480 1110 4536 exerceuda.
1125 4502 1136 4526 s
1153 4480 1186 4533 Et
1200 4479 1288 4534 inira:
1304 4501 1316 4527 ι
1334 4479 1368 4534 Ut
1382 4495 1413 4532 ex
1430 4493 1515 4547 supra
1530 4476 1627 4548 positis
1641 4475 1751 4544 jamdu-

102 4563 164 4618 liter
179 4561 286 4631 ascribi,
311 4571 339 4618 ut
360 4563 423 4620 hinc
438 4580 545 4634 quoque
569 4573 661 4636 aperte
683 4565 775 4637 colligi
798 4568 896 4637 possit,
950 4570 1014 4624 dum
1029 4567 1183 4638 specialiter
1198 4567 1308 4621 nomine
1318 4566 1407 4620 Patris
1418 4565 1510 4621 divIna
1524 4565 1643 4636 putentia
1655 4563 1748 4618 decla·

102 4648 333 4709 vocabuloPatris
349 4652 543 4723 omnipotentia
565 4653 624 4725 ipsa
646 4655 804 4724 specialiter
819 4655 897 4710 desi·
951 4659 1043 4717 ratur,
1059 4651 1098 4706 sie
1113 4651 1221 4705 nominc
1250 4650 1309 4705 Filii
1324 4648 1457 4720 sapientia
1489 4647 1665 4720 significatur.
1702 4645 1752 4700 Est

101 4741 189 4813 gnari.
206 4740 248 4796 uit
263 4740 362 4812 quippe
379 4740 460 4796 Filius
476 4757 482 4794 :
501 4742 566 4809 Quae
582 4744 667 4799 Pater
684 4743 779 4815 posuit
800 4741 831 4797 ia
846 4759 899 4798 cuc
950 4747 1040 4795 autem
1055 4738 1144 4794 diviua
1168 4737 1299 4810 sapientia
1322 4739 1467 4810 quaedam,
1483 4745 1512 4792 ut
1526 4737 1563 4791 ita
1578 4736 1678 4799 dicam,
1697 4750 1753 4805 po-

102 4833 241 4902 poleslaic
255 4829 328 4899 (Aci.
344 4831 374 4899 ι),
390 4844 457 4894 non,
475 4845 535 4898 qnae
551 4830 633 4885 Filius
648 4839 674 4886 et
689 4831 805 4902 Spiritus
832 4846 898 4886 san·
952 4828 1035 4884 tentia
1062 4827 1148 4897 ipsius
1172 4828 1230 4884 Dei.
1248 4849 1259 4875 ι
1282 4828 1314 4881 Ει
1342 4827 1411 4880 iulra
1439 4827 1473 4880 de
1502 4824 1603 4895 Spiritu
1629 4831 1750 4879 sancto:

103 4924 171 4973 ctus.
189 4940 200 4965 n
225 4918 259 4972 Et
280 4916 351 4971 iulra
365 4915 400 4971 do
416 4915 538 4972 eodem:
559 4941 570 4966 ιι
587 4917 655 4972 Cum
678 4918 717 4973 ait
739 4919 897 4989 Apostolus,
955 4938 966 4964 a
983 4915 1136 4988 benignitas
1144 4916 1283 4987 ipsaque
1292 4913 1528 4984 nomineSpiritus
1539 4911 1626 4968 sancti
1637 4912 1753 4966 demon·

103 5007 194 5075 ipsum
215 5020 231 5060 a
254 5005 366 5060 mortuis
398 5006 581 5061 resurrexisse
607 5023 655 5075 per
675 5006 792 5077 gloriam
815 5007 900 5061 Patris
951 5012 1059 5070 stratur,
1076 5019 1131 5059 non
1145 5010 1184 5059 est
1200 5005 1293 5075 aliqua
1309 5003 1336 5057 in
1351 5004 1408 5057 [teo
1424 5001 1554 5073 potentia,
1565 5001 1623 5055 sive
1640 4999 1751 5070 sapien·

104 5091 196 5160 (Rom.
213 5093 260 5161 m),
277 5092 406 5158 innuitur,
423 5092 510 5163 tnagis
525 5092 559 5148 ad
573 5108 715 5164 personam
732 5094 816 5148 Patris
836 5110 901 5164 per·
953 5094 1001 5159 tia,
1018 5101 1046 5148 ut
1061 5091 1186 5148 videlicet
1201 5092 1289 5162 ipsum
1305 5091 1454 5162 benignum
1470 5105 1544 5154 esse,
1562 5089 1596 5144 sit
1610 5103 1670 5143 esse
1697 5104 1751 5158 po-

103 5180 201 5248 tinere,
214 5180 295 5251 juxta
309 5179 378 5250 ejus,
396 5187 423 5234 ut
442 5179 544 5237 dictum
565 5189 616 5247 est,
640 5181 845 5252 proprietatem,
868 5197 902 5238 ea
953 5189 1064 5246 tentem,
1082 5180 1123 5235 vel
1139 5181 1287 5252 eapientem
1306 5197 1312 5235 :
1328 5180 1378 5235 sed
1393 5180 1451 5235 haec
1464 5180 1524 5247 ejus
1539 5177 1645 5233 bouitas
1661 5176 1752 5249 magis

70 5280 168 5342 ¹'quur
182 5268 309 5340 potentiae
323 5276 396 5334 sunt,
412 5269 578 5325 ascribenda
594 5286 669 5336 essc;
688 5270 755 5326 sicut
774 5270 852 5337 Filio,
868 5287 902 5327 ea
954 5269 1102 5326 secundum
1114 5271 1202 5340 ipsum
1215 5269 1358 5325 charitatis
1369 5268 1496 5324 affectum
1511 5267 1554 5322 vel
1567 5264 1691 5321 ellectum
1710 5281 1754 5321 ao·

105 5373 166 5428 quae
180 5358 215 5413 ad
229 5355 311 5412 animi
325 5355 457 5414 rationem
470 5359 513 5415 vel
527 5358 685 5429 sapientiam
700 5359 844 5431 pertinent,
861 5360 903 5415 si·
954 5358 1083 5430 cipienda
1097 5367 1169 5414 est·
1187 5359 1252 5415 llaec
1266 5367 1355 5413 autem
1370 5357 1467 5414 eodem
1480 5356 1577 5412 ordine
1592 5354 1684 5411 verbis
1699 5353 1753 5410 eis·

107 5445 286 5514 autiudioare
301 5453 351 5516 est,
365 5447 438 5518 quod
454 5447 625 5505 discretionis
648 5456 698 5503 est.
735 5448 812 5504 Unde
833 5448 901 5504 scri·
955 5448 1028 5514 dem,
1044 5447 1106 5504 licet
1126 5446 1194 5504 lonis
1213 5446 1338 5514 diversis,
1360 5447 1433 5502 sicut
1449 5445 1493 5502 bic
1517 5445 1604 5517 posita
1627 5447 1700 5509 sunt,
1717 5443 1752 5498 ab

108 5541 245 5612 ptumast:
256 5535 661 5608 Pateromrtcjudlclamdcdil
671 5535 742 5594 Filio
752 5536 901 5609 (leca.1r);
954 5535 1065 5609 antiqno
1080 5543 1205 5611 serpente
1219 5552 1269 5610 per
1281 5552 1345 5593 eum
1359 5535 1387 5592 in
1401 5535 1557 5608 diabologia
1570 5532 1619 5589 illa
1633 5531 1753 5591 evomita
