3728 6000
40 221 97 279 869
445 214 512 272 tta.
535 206 582 271 DE
602 207 851 270 tttsaltlcoltott
870 204 914 265 ET
931 205 1090 267 tusrltta.
1108 238 1142 248 -
1156 206 1254 266 PARS
1273 210 1293 265 l.
1646 218 1696 277 870

38 349 126 405 quem
145 344 220 402 nulla
240 343 378 416 asperitas
407 339 631 399 contradictionis
660 338 759 409 pulsat.
785 335 839 392 Sed
853 338 881 396 Α
897 337 929 390 ta
944 331 1026 408 [illm
1045 334 1174 390 Praelatus
1189 334 1234 406 qui
1243 351 1328 406 prava
1336 336 1426 393 studet
1436 352 1531 411 agere,
1544 349 1573 395 et
1587 345 1689 413 tamen,

38 436 105 493 boee
117 443 247 502 rectores,
265 432 311 505 qui
326 432 434 503 seipsos
451 430 577 501 diligant,
593 426 743 498 hisprocul
757 424 839 480 dubio
891 423 927 479 ad
941 425 999 479 haec
1014 423 1086 478 ridet
1100 423 1222 478 subditos
1236 432 1337 492 tacere,
1353 424 1413 496 ipse
1436 427 1544 483 sibimet
1560 430 1634 487 testis
1647 440 1688 488 ost

42 523 184 593 exhibent,
201 538 217 577 a
232 521 333 593 quibus
348 537 378 576 se
404 519 479 575 nosci
500 517 623 590 possein
638 515 727 571 studio
742 512 839 586 gloriae
893 512 958 585 quia
972 512 1032 583 plus
1048 511 1160 568 veritate
1178 529 1207 569 se
1222 513 1325 585 appetit
1339 514 1427 586 diligi,
1444 532 1525 587 quam
1547 527 1643 576 contra
1657 537 1687 577 se

37 612 200 686 temporalis
211 611 316 665 timent.
329 631 341 659 a

37 711 110 766 Car.
134 708 253 766 XXXII.
279 706 355 774 Quot
376 705 461 761 malis
479 702 610 777 pratalia
633 700 761 757 adulatio
782 715 840 756 nort

166 784 208 836 cst
223 776 425 851 impendenda,
443 777 491 832 sed
514 773 714 831 contradictio.

81 870 140 928 Sed
156 886 189 925 ex
205 868 300 924 eadem
316 865 479 930 adulatione,
495 863 566 918 unde
581 862 626 918 hic
639 867 759 915 rectores
774 873 841 931 erga

40 961 186 1019 subditos:
204 957 267 1011 inde
282 954 347 1010 alibi
361 971 422 1025 cap.
439 955 473 1009 tt
490 951 527 1025 [a]
544 969 550 1005 :
569 968 575 1004 :
595 973 606 998 ι
624 948 752 1005 Subditos
774 961 841 1019 erga

40 1054 166 1107 rectores
183 1043 302 1101 ostendit
324 1041 488 1114 arguendos.
512 1040 675 1107 Plerumque
696 1044 784 1092 rector
806 1050 840 1090 eo

40 1140 104 1211 ipso
120 1151 174 1209 quo
188 1133 294 1190 caeteris
314 1130 474 1202 praeminet
497 1125 660 1192 intumescit,
686 1132 713 1180 et
727 1124 790 1178 dum
806 1120 840 1176 ad

40 1242 122 1282 usum
151 1229 245 1279 cuncta
269 1219 421 1290 subjacent,
446 1217 509 1271 dum
539 1215 572 1269 ad
597 1221 687 1268 votum
711 1211 842 1268 velociter

38 1317 116 1385 jussa
131 1309 312 1382 complemur,
326 1307 390 1362 dum
407 1322 501 1361 omnes
516 1302 629 1367 subditi,
645 1301 667 1354 si
693 1316 746 1370 qua
771 1300 840 1354 hene

41 1412 123 1477 gesta
132 1408 203 1464 sunt,
216 1397 342 1452 laudibus
353 1393 479 1461 ederunt,
490 1391 560 1447 mala
571 1398 660 1446 autem
671 1389 755 1461 gestis
766 1386 840 1442 nulla

41 1488 203 1548 auctoritate
227 1485 424 1550 contradicunt,
449 1482 512 1537 dum
540 1480 701 1551 plerumque
731 1476 840 1532 laudant

41 1581 127 1637 etiam
143 1575 215 1647 quod
230 1574 379 1645 reprobare
393 1572 544 1627 debuerant
563 1589 570 1636 3
589 1567 716 1622 seductus
740 1565 775 1620 ab
797 1565 840 1618 his

893 616 948 655 non
962 599 1018 656 vult
1031 599 1152 656 defendi.
1176 601 1243 657 llinc
1264 602 1359 657 Petrus
1383 602 1596 674 increpationem
1613 608 1688 664 l’auli

894 687 1010 744 libenter
1024 688 1130 760 accepit
1143 687 1252 758 (Galat.
1262 707 1291 757 ιι,
1302 691 1361 755 Η);
1378 691 1441 748 binc
1452 692 1537 749 David
1545 696 1690 753 correctio·

894 793 957 832 nem
979 777 1082 832 subditi
1106 777 1222 832 libenter
1244 778 1347 832 audivit
1367 779 1408 849 (ll
1421 782 1484 853 llep.
1500 799 1550 851 ιιιι,
1564 784 1602 852 7),
1627 786 1691 855 quia

894 874 922 921 et
936 874 1057 922 rectores
1072 865 1136 921 boni
1149 867 1213 920 dum
1228 865 1334 937 privato
1349 882 1442 925 amore
1465 869 1580 941 diligere
1595 889 1625 929 se
1640 889 1690 930 ne-

894 956 993 1024 sciunt,
1016 954 1111 1009 libore
1132 955 1258 1025 puritatis
1280 956 1397 1011 verbum
1419 972 1436 1012 a
1461 958 1587 1026 subditis,
1614 962 1691 1021 obse·

895 1045 987 1117 quium
1009 1043 1166 1098 humilitatis
1184 1043 1334 1098 credunt.»
1360 1044 1417 1101 Sed
1441 1062 1504 1103 eece
1525 1062 1587 1104 cum
1604 1066 1689 1123 supe·

895 1133 949 1187 rius
963 1132 1036 1188 visus
1049 1133 1083 1186 sit
1095 1132 1195 1200 dicere,
1215 1139 1244 1187 ut
1266 1132 1365 1187 subditi
1386 1135 1503 1205 praelalis
1525 1135 1646 1196 fraterne
1662 1144 1691 1197 et

894 1221 979 1276 libere
998 1220 1185 1278 contradicant
1203 1229 1229 1276 et
1256 1230 1381 1293 arguant,
1407 1231 1433 1278 et
1462 1224 1564 1295 praelati
1592 1228 1649 1284 haec
1675 1245 1692 1285 a

894 1310 1009 1365 subditis
1034 1310 1150 1382 benigue
1174 1318 1200 1365 et
1222 1311 1364 1365 humiliter
1385 1313 1544 1384 suscipiant,
1567 1315 1691 1376 dicens:

897 1398 1068 1454 «Laudabile
1092 1398 1202 1470 quidem
1233 1415 1293 1455 esse
1316 1399 1439 1456 subditos
1462 1403 1612 1476 corrigere,
1641 1406 1692 1462 sed

894 1487 1055 1542 laudabilius
1087 1488 1214 1558 praelatos
1235 1488 1428 1545 correctionem
1457 1492 1562 1559 audire,
1590 1515 1602 1542 a
1633 1496 1692 1552 haec

891 1575 1077 1632 contradicere
1092 1576 1207 1642 videtur,
1223 1576 1297 1648 quad
1311 1577 1391 1633 modo
1405 1586 1506 1636 temere
1519 1588 1545 1637 et
1560 1580 1691 1641 indiscre-

40 1669 86 1742 qui
101 1667 174 1723 inira
188 1670 342 1736 suppetunt,
371 1677 456 1732 super
482 1675 512 1715 se
539 1657 658 1712 animum
688 1655 794 1719 tollunt,
812 1661 838 1708 et
852 1690 878 1749 B
894 1672 917 1718 re
932 1663 988 1719 fiat,
1006 1664 1081 1720 Unde
1097 1664 1211 1720 subdit:

40 1759 104 1813 dum
121 1755 188 1812 loris
202 1755 296 1809 lavore
310 1751 500 1812 cheumdatur,
517 1749 588 1802 inlus
611 1747 721 1801 veritate
737 1759 837 1799 vacua-

41 1856 92 1901 tur.
111 1866 122 1895 ι
141 1844 214 1900 Ecce
228 1839 365 1914 quomodo
377 1837 553 1909 corporaliter
576 1835 748 1889 vitandisunt
762 1832 837 1897 mali,

41 1943 96 1990 tam
112 1931 218 2005 praelati
234 1945 314 2002 quam
329 1927 437 1991 subditi,
454 1942 488 1980 ne
503 1923 605 1979 scilicet
627 1921 729 1978 favoris
742 1929 839 1976 aucto·

41 2023 132 2090 ritate,
147 2018 192 2076 vel
205 2014 370 2072 detensionis
383 2012 493 2079 auxilio,
510 2011 553 2067 rel
568 2025 699 2066 ascensus
714 2007 839 2074 concilio,

40 2110 143 2164 malurn
160 2115 185 2162 et
198 2113 317 2162 nostrum
333 2109 359 2158 et
377 2117 456 2157 suum
476 2099 657 2155 cumulemus.
676 2096 754 2153 Unde
775 2096 839 2150 item

41 2198 106 2254 alibi
123 2199 208 2268 (part.
223 2211 264 2260 ur,
279 2209 339 2264 cap.
356 2193 388 2246 31
406 2189 460 2263 [17]
484 2188 607 2244 subditos
629 2204 664 2242 ne
687 2201 776 2256 usque
804 2184 839 2239 ad

41 2302 208 2345 consensum
223 2298 251 2339 et
261 2283 381 2338 savorem
393 2279 523 2335 malorum
534 2276 653 2348 prelatis
663 2274 840 2343 subjiciantur

41 2377 170 2431 admonet
185 2373 278 2429 dicens
291 2386 297 2424 :
312 2366 499 2424 adrlmonendi
512 2375 571 2420 sunl
582 2365 707 2429 humiles,
723 2379 756 2417 ne
764 2362 839 2431 plus-

40 2480 121 2538 quam
137 2461 251 2533 expedit
264 2462 320 2515 sint
330 2457 456 2527 subiecti,
467 2472 501 2511 ne
510 2452 838 2522 cumstudentplusquam

40 2568 156 2609 necesse
172 2560 210 2606 est
227 2548 372 2604 hominibus
394 2545 503 2614 subjici,
527 2540 726 2614 compellantur
755 2541 837 2594 etiam

40 2643 107 2700 vitia
122 2657 172 2713 per
186 2639 369 2695 adulationem
384 2636 489 2690 scilicet
504 2631 650 2687 numerari.
665 2654 675 2678 ι

73 2744 140 2797 Can.
156 2736 284 2794 XXXlll.
307 2735 382 2805 Quod
392 2735 423 2789 in
433 2734 507 2788 naulo
515 2748 576 2786 non
587 2726 835 2786 estohedieadam.

77 2830 159 2888 Unde
184 2827 347 2882 Ambrosius
367 2824 394 2878 in
410 2823 481 2877 libro
511 2822 550 2876 De
572 2819 723 2891 paradiso:
742 2839 752 2865 a
772 2817 837 2871 Non

40 2931 149 2987 semper
161 2913 261 2969 malum
276 2916 383 2967 estnon
398 2907 512 2962 obedire
528 2912 675 2976 praecepto.
692 2901 719 2957 Si
737 2901 837 2956 bonnm

39 3016 79 3062 est
93 3010 272 3076 prmceptnm,
288 3000 398 3054 honesta
413 3000 455 3052 est
469 2993 598 3050 obeditio.
612 2990 690 3061 Quod
705 2989 728 3045 si
739 2989 837 3060 impro-

41 3095 105 3151 bum
120 3100 174 3161 est,
189 3105 244 3146 non
258 3088 373 3146 obedire
389 3085 462 3141 utile.
482 3109 493 3132 ι

76 3213 145 3269 Car.
162 3210 292 3266 xxxlv.
314 3206 390 3276 Quod
405 3206 517 3278 praelati
535 3203 606 3259 mali
619 3205 688 3258 suat
703 3197 840 3272 arpaeaut

248 3285 276 3337 et
287 3277 462 3351 corripiendi
477 3294 494 3332 a
508 3275 636 3331 subditis.

77 3405 151 3462 Vere
166 3401 238 3458 enim
266 3399 318 3455 nisi
344 3397 443 3452 subditi
473 3395 536 3450 mali
557 3392 677 3465 praelatis
701 3388 841 3447 vitabundi

41 3491 194 3566 aliquando
209 3491 272 3553 sint,
287 3504 322 3543 ne
337 3487 371 3542 ad
386 3494 478 3541 volum
494 3483 563 3538 mala
577 3483 653 3552 jussa
675 3479 840 3551 compleant,

41 3584 90 3640 sed
106 3597 169 3639 cum
190 3580 348 3634 auctoritate
365 3575 436 3630 mala
451 3589 543 3630 eorum
560 3570 718 3641 reprobant,
731 3576 759 3622 ut
774 3583 842 3622 con-

43 3673 182 3728 tradicant
192 3666 344 3724 seductioni
360 3664 477 3726 illorum,
495 3678 558 3716 reos
573 3678 603 3715 se
617 3661 698 3714 siant.
721 3658 748 3712 Si
763 3657 840 3711 enim

44 3762 122 3818 asina
133 3758 245 3814 Bnlaam
265 3770 398 3810 sessorem
409 3768 493 3822 usque
506 3752 539 3805 ad
549 3750 669 3823 gladium
678 3745 768 3818 augeli
780 3744 844 3799 sub·

43 3851 175 3914 vertisset,
191 3861 282 3901 nonne
297 3854 512 3914 uterqueeorum
523 3838 687 3895 sententiam
700 3833 843 3889 subisset?

43 3940 123 3995 Nunc
138 3943 231 3990 autem
247 3932 271 3988 ei
286 3931 394 3995 restitit,
409 3930 499 3985 calces
517 3926 607 3992 allisit,
634 3923 727 3979 verbis
749 3929 845 3978 contra

45 4022 346 4093 naturamincrepavit,
374 4019 413 4073 sio
441 4034 471 4072 se
500 4025 528 4071 ut
552 4016 627 4070 illum
653 4011 782 4068 servavit.
800 4009 846 4064 Sic

46 4123 72 4173 et
86 4113 189 4170 Paulus
204 4110 302 4167 restitit
316 4107 453 4163 infaciem
469 4107 556 4170 Petro,
583 4104 646 4174 qnia
668 4098 845 4171 reprehensi-

45 4205 108 4259 bilis
132 4209 201 4260 erat.
223 4198 444 4268 Undeseriptum
461 4201 503 4251 est
530 4194 558 4247 in
587 4191 704 4262 epistola
729 4190 783 4258 (82)
813 4186 846 4241 ad

46 4294 246 4362 Hieronymum
259 4306 287 4341 :a
307 4287 401 4341 Petrus
411 4284 484 4356 quod
500 4282 606 4337 tiebata
616 4280 699 4335 Panlo
711 4274 848 4332 utiliterli·

46 4383 152 4438 bertate
167 4376 306 4434 charitatis
322 4381 425 4429 sanctas
442 4387 474 4428 ac
491 4371 615 4443 benignae
633 4369 732 4440 pietate
756 4365 847 4420 humi·

45 4471 128 4527 litatis
143 4467 257 4538 accepit,
277 4472 361 4537 atque
376 4463 414 4517 ita
427 4461 517 4516 rarius
531 4476 564 4515 ac
587 4458 703 4513 sanctius
730 4452 848 4526 posteris

49 4558 167 4632 praebuit
183 4554 348 4626 exemplum,
362 4567 416 4624 quo
427 4566 481 4605 non
495 4548 709 4620 dedignarentur
720 4544 850 4614 majores,

51 4646 141 4704 sicubi
155 4645 225 4700 torte
240 4644 307 4699 recti
320 4641 457 4696 tramitem
472 4638 657 4709 reliquissent,
674 4634 755 4688 etiam
770 4648 785 4687 a
800 4646 852 4700 po-

52 4733 212 4793 sterioribus
222 4731 333 4805 corrigi,
350 4739 376 4785 et
389 4729 523 4802 prioribus
538 4727 613 4797 qnasi
625 4723 706 4779 Paulo
717 4719 854 4778 confiden-

51 4827 107 4881 tius
121 4824 257 4880 auderent
267 4822 350 4876 etiam
361 4819 483 4873 minores
494 4831 541 4887 pro
550 4812 721 4869 defendenda
731 4825 853 4880 evange·

48 4915 104 4971 lica
117 4912 242 4980 veritate,
256 4910 333 4966 salva
349 4908 467 4963 iraterna
477 4905 617 4972 charitate,
630 4901 770 4958 resistere.
783 4900 854 4954 Nam

53 5020 118 5062 curn
134 5001 220 5057 satius
235 5000 269 5054 sit
284 4997 431 5054 atenendo
446 4995 554 5060 itinere,
571 4995 600 5048 in
620 4991 696 5046 nullo
719 5004 800 5060 quam
828 4987 856 5041 in

55 5093 152 5165 aliquo
167 5089 316 5156 declinare,
333 5088 419 5142 multo
437 5094 527 5139 tamen
542 5090 584 5138 est
599 5080 748 5137 mirabilius
758 5085 784 5133 et
798 5076 857 5131 lau·

52 5181 175 5238 debilius
195 5178 321 5249 accipere
344 5176 462 5231 libenter
476 5171 668 5245 corrigentem,
684 5163 858 5238 quamauda·

53 5281 114 5330 cler
131 5268 268 5328 declinare
282 5265 448 5323 deviantem.
467 5287 478 5313 ι

55 5387 125 5446 cnr.
140 5383 260 5440 XXXV.
280 5379 355 5452 Quod
370 5379 508 5453 prelatus
518 5375 721 5434 correctionem
731 5367 857 5427 suddito-

232 5471 297 5512 rum
313 5453 439 5510 dicenter
451 5450 587 5523 amplecti
599 5448 688 5504 dedet.

93 5566 167 5623 llam
193 5561 347 5636 Gregorius
374 5559 403 5616 in
429 5557 615 5616 pastoralibus
629 5556 715 5627 (part.
729 5552 771 5625 ιι),
795 5562 857 5621 cap.

895 1791 958 1845 Cle.
975 1790 1101 1844 xxxvl.
1118 1789 1194 1858 Quod
1207 1787 1385 1847 subditione
1397 1797 1502 1850 temere
1514 1796 1558 1851 vet
1576 1813 1685 1864 amara,

928 1862 1141 1988 ἓιθιέθὶὲιῖιηὶἰὶὶει·
1155 1866 1184 1917 et
1198 1863 1318 1919 discrete
1338 1867 1471 1936 prolator
1485 1869 1690 1936 repreteadere

931 2072 942 2096 ι
960 2048 1049 2118 (laid.)
1064 2047 1117 2103 Sed
1132 2048 1204 2103 inter
1218 2048 1276 2105 haec
1289 2058 1402 2107 necesse
1418 2059 1610 2123 est,quatenus
1624 2054 1691 2111 suh·

893 2135 1013 2191 ditorum
1029 2153 1114 2201 mens,
1129 2153 1190 2192 cum
1213 2138 1322 2208 quidem
1343 2147 1417 2195 recta
1438 2143 1541 2197 sentire
1565 2143 1691 2214 potuerit,

892 2224 931 2280 sic
952 2224 980 2279 in
1000 2225 1075 2281 vocis
1098 2225 1249 2281 libertatem
1271 2227 1395 2296 prodeat,
1419 2236 1559 2286 attamen
1582 2232 1693 2291 libertas

892 2315 919 2368 in
935 2315 1090 2384 superbiam
1106 2330 1159 2369 non
1174 2323 1306 2385 erumpat,
1323 2332 1367 2382 ne,
1384 2317 1448 2371 dum
1472 2319 1540 2375 torte
1555 2318 1691 2377 immode-

893 2403 978 2458 ratius
1003 2403 1103 2474 linguae
1124 2403 1164 2458 eis
1184 2403 1293 2458 libertas
1313 2405 1481 2472 conceditur,
1504 2409 1567 2463 vitae
1588 2408 1623 2465 ab
1649 2410 1693 2466 bia

892 2492 1033 2547 humilitas
1043 2492 1190 2547 amittatur.
1210 2513 1221 2542 ι
1239 2493 1287 2548 llic
1302 2492 1335 2548 dc
1357 2495 1543 2564 superioribus
1558 2497 1626 2554 nihil
1641 2514 1689 2555 re-

892 2589 998 2649 tractat,
1014 2582 1066 2635 nisi
1084 2587 1175 2636 tamen
1189 2589 1220 2635 ut
1233 2582 1371 2638 humiliter
1384 2581 1441 2639 liat.

892 2697 960 2752 Car.
975 2696 1116 2750 XXXVII.
1138 2695 1213 2763 Quod
1230 2697 1344 2765 subditi,
1361 2700 1488 2769 quamuis
1525 2702 1692 2757 relatorum

926 2769 996 2849 uitia
1012 2766 1232 2852 reprehendant,
1259 2772 1355 2823 lamen
1376 2771 1416 2825 eis
1436 2717 1567 2827 satagere
1589 2772 1693 2828 debent

927 2839 1110 2907 subjectaneis
1125 2841 1326 2895 reuerentiam.

928 2949 995 3001 llam
1011 2947 1092 3017 (part.
1109 2947 1149 3015 ιιι)
1166 2947 1191 2999 in
1212 2946 1310 3000 cadum
1334 2947 1452 3017 capitulo
1473 2949 1507 3004 ⁶28
1524 2948 1560 3022 [tl
1577 2967 1584 3004 τ
1603 2971 1614 3001 ι
1633 2951 1689 3009 td-

853 3051 878 3115 C
894 3035 1021 3090 monendi
1036 3035 1137 3089 subditi
1146 3041 1218 3102 sunt,
1228 3051 1261 3089 ne
1272 3035 1478 3106 praepositorum
1490 3053 1600 3094 suorum
1609 3039 1691 3096 vitam

894 3131 1003 3192 temere,
1019 3123 1046 3178 id
1065 3130 1105 3178 est
1119 3137 1173 3178 non
1187 3138 1235 3177 suo
1250 3122 1359 3189 ordine,
1370 3123 1412 3178 vel
1429 3140 1482 3179 non
1497 3141 1546 3182 suo
1557 3130 1689 3197 tempore,

893 3211 936 3269 rel
953 3212 1012 3266 aliis
1035 3210 1252 3282 incompetentiis
1265 3210 1400 3279 judicent,
1416 3211 1518 3283 siquid
1540 3229 1589 3269 eoa
1611 3230 1693 3286 agere

895 3299 1145 3372 reprehensibiliter
1160 3300 1265 3367 rident,
1280 3315 1315 3353 ne
1329 3299 1400 3355 unde
1416 3302 1486 3354 mala
1507 3310 1580 3358 recte
1595 3302 1693 3358 redar-

896 3397 991 3462 guunt,
1008 3389 1071 3444 inde
1087 3405 1134 3459 per
1153 3387 1279 3444 elationis
1299 3387 1445 3459 impulsum
1465 3389 1492 3443 in
1513 3390 1697 3460 profundiora
1741 3407 1742 3411 ’

896 3485 1073 3552 mergantur3
1097 3476 1146 3532 sed
1167 3477 1207 3532 sic
1232 3493 1322 3531 rerum
1344 3492 1426 3547 prava
1443 3479 1513 3549 apud
1536 3496 1565 3535 se
1591 3479 1696 3548 dijudi-

897 3574 968 3634 cant,
983 3574 1012 3622 ut
1028 3574 1118 3622 tamen
1138 3566 1232 3621 divino
1258 3567 1354 3622 timore
1375 3575 1401 3621 et
1426 3583 1519 3622 amore
1544 3569 1697 3638 constricti,

898 3657 949 3712 sub
971 3657 1010 3711 eis
1025 3657 1123 3728 jugum
1147 3656 1311 3710 reverentiae
1335 3671 1390 3710 non
1421 3663 1557 3712 recusent.
1580 3681 1591 3705 ι
1617 3657 1699 3715 Facta

898 3746 999 3817 quippe
1013 3743 1218 3815 praepositorum
1234 3744 1291 3799 oris
1306 3742 1397 3816 gladio
1411 3744 1535 3800 lenienda
1550 3762 1606 3801 non
1622 3754 1698 3814 sunt,

899 3834 983 3890 etiam
1012 3850 1073 3889 eum
1095 3840 1167 3888 recte
1187 3833 1413 3903 reprehendenda
1440 3833 1606 3904 rideantur;
1637 3835 1699 3907 quia

899 3940 951 3980 nec
966 3925 1147 3988 vehementer,
1165 3938 1215 3977 nec
1239 3937 1340 3992 amare,
1365 3923 1413 3978 sed
1435 3921 1530 3979 leniter
1554 3931 1582 3979 et
1596 3931 1700 3980 secrete

900 4013 935 4069 ad
952 4019 1057 4083 tempus
1081 4018 1144 4065 sunt
1163 4009 1319 4083 arguenda.
1347 4011 1375 4066 Si
1399 4010 1472 4067 enim
1495 4011 1623 4082 praelatus
1649 4027 1698 4068 se·

902 4106 978 4156 crete
994 4106 1099 4170 peccat,
1115 4106 1143 4153 ut
1159 4097 1241 4153 etiam
1264 4098 1388 4170 superius
1403 4098 1437 4154 de
1456 4098 1573 4154 subditis
1598 4099 1700 4154 dictum

902 4197 953 4256 est,
970 4195 1074 4245 secrete
1098 4188 1253 4260 arguendus
1273 4191 1316 4243 est
1339 4203 1355 4242 a
1378 4187 1500 4243 subdito.
1520 4186 1636 4256 Quodsi
1652 4205 1699 4244 se-

903 4288 1006 4334 cretum
1029 4276 1216 4350 publicaverit,
1235 4277 1304 4333 siout
1327 4276 1413 4333 Cham
1436 4276 1621 4347 damnabitur,
1639 4281 1704 4347 qula

902 4369 987 4441 patris
1005 4367 1124 4425 varenda
1138 4366 1253 4422 detexit.

906 4496 970 4552 Gar.
987 4491 1227 4560 XXXVHLOuod
1236 4490 1531 4562 subditipreelatorum
1541 4490 1652 4547 occulta
1666 4488 1705 4546 ui·

944 4569 986 4624 tia
998 4567 1143 4639 publicare
1158 4580 1216 4618 non
1231 4563 1342 4626 dehent,
1358 4562 1406 4617 sed
1421 4562 1511 4632 mame
1527 4563 1707 4628 toleraretis

943 4655 1008 4695 erran
1023 4637 1124 4692 merito
1140 4632 1430 4704 constituaturptebia
1443 4635 1583 4705 princeps,
1593 4632 1708 4705 eulpam

944 4726 1025 4764 suam
1040 4710 1071 4762 in
1086 4708 1125 4762 eis
1141 4706 1297 4760 vindicent.

947 4815 1025 4872 Unda
1039 4812 1181 4868 anacletus
1196 4825 1267 4882 papa
1282 4809 1309 4864 in
1328 4807 1445 4882 epistola
1466 4825 1515 4864 sua
1530 4810 1568 4880 (3)
1585 4809 1711 4866 omnibus

910 4904 1056 4977 episcopis,
1072 4902 1161 4974 cap.5
1177 4918 1184 4956 ε
1203 4923 1213 4948 ι
1232 4900 1375 4955 Sententia
1394 4898 1479 4954 Cham
1494 4897 1541 4954 lilii
1555 4900 1614 4955 Noe
1625 4901 1707 4955 dam·

915 5000 1016 5052 nantnr
1027 4993 1074 5065 qui
1090 5006 1201 5048 suorum
1216 4988 1348 5045 dictorum
1365 4986 1408 5044 vel
1431 4987 1637 5059 prepositorum
1652 4988 1711 5044 cul—

913 5099 976 5157 pam
997 5081 1114 5155 produnt
1129 5081 1175 5151 qui
1198 5079 1284 5151 patris
1307 5076 1432 5149 pudenda
1454 5092 1510 5133 non
1531 5077 1647 5150 operuit,
1665 5077 1714 5133 sed

912 5171 1059 5229 deridenda
1079 5170 1250 5226 monstravit.
1269 5167 1370 5222 Ductor
1384 5173 1474 5220 autem
1489 5165 1531 5222 val
1550 5173 1640 5237 pastor
1658 5166 1713 5223 Ec·

912 5260 1011 5331 clesiae,
1028 5260 1081 5314 sia
1105 5257 1158 5313 lida
1179 5255 1382 5314 exorbitaverit.
1399 5252 1450 5308 erit
1469 5270 1485 5309 a
1507 5251 1635 5310 fidelibus
1649 5270 1712 5311 om·

912 5353 977 5409 nino
991 5349 1176 5422 corrigendus,
1200 5347 1249 5403 sed
1268 5360 1316 5416 pro
1339 5342 1465 5416 reprobis
1487 5344 1607 5400 moribus
1622 5345 1711 5419 magis

913 5441 1086 5508 tolerandus3
1102 5439 1166 5512 quia
1180 5443 1299 5494 rectores
1309 5431 1438 5491 Ecclesiae
1452 5449 1469 5489 a
1492 5435 1550 5491 Deo
1568 5433 1709 5505 judicandi

913 5543 985 5605 sunt,
1001 5531 1118 5590 sicutait
1132 5529 1286 5598 Propheta;
1307 5525 1381 5582 neas
1402 5523 1484 5582 stetit
1511 5523 1544 5580 iu
1567 5540 1710 5598 synapapa
