3704 6000
109 224 164 284 ’Μ
698 222 745 280 DE
762 219 1010 280 secutarum.
1027 223 1142 282 -ΠΒ,
1158 222 1184 280 1.
1713 224 1767 280 'iti

110 350 257 410 ahlaturus
269 360 328 411 erat
341 353 378 409 ab
391 351 477 410 oculis
490 349 600 419 nostris,
616 356 644 407 et
665 347 801 406 sideribus
823 346 913 405 illata·
925 347 955 413 Α
969 348 997 405 in
1010 349 1080 406 libro
1100 350 1141 406 De
1161 350 1341 407 sacramentis
1362 366 1369 407 :
1394 374 1406 401 ι
1430 352 1501 422 Quia
1514 353 1602 410 crucis
1626 354 1710 426 ipsius
1724 354 1765 410 si-

108 458 166 511 rus,
177 442 366 501 uenenarium
382 448 442 498 erat
455 448 484 497 ut
494 440 574 497 nobis
588 439 616 495 in
631 441 682 495 hac
696 437 740 495 die
755 453 916 495 sacramen·
968 448 1068 512 gnatus
1078 454 1109 495 es
1122 437 1220 507 iorma,
1236 439 1271 494 ab
1285 439 1374 509 ipsius
1386 444 1517 512 passione
1531 443 1659 514 accepisti
1673 444 1766 516 signa·

110 539 169 587 tam
180 531 309 603 corporis
322 538 350 589 et
363 529 559 605 sanguinissui
572 526 915 594 consecraret,utcolere·
968 527 1060 585 culum
1083 535 1165 601 atque
1187 515 1406 595 similitudinem,
1431 539 1460 586 ut
1479 531 1513 587 ad
1534 532 1620 604 ipsius
1649 533 1766 588 formam

109 620 269 694 turjugiter
281 636 332 693 per
346 619 513 692 mysterium,
530 618 602 689 quod
613 616 698 673 semel
709 615 914 674 offerebaturiu
967 632 1105 689 resurgas,
1121 617 1206 688 ipsius
1219 617 1296 673 vivas
1317 616 1414 691 figura,
1431 621 1477 691 qui
1499 628 1610 693 peccato
1625 619 1767 677 cmcifixus

107 708 243 781 pretium
257 713 289 765 at
308 707 375 781 quia
391 707 550 781 quotidiana
572 714 600 764 et
620 706 759 763 indefessa
786 704 914 762 currebat
967 716 1010 763 est
1023 715 1051 762 et
1064 707 1122 762 lieo
1135 706 1213 761 vivit.
1234 727 1247 758 s

106 813 162 870 pro
175 798 324 855 hominnm
334 798 423 854 salute
433 797 596 868 redemptio,
606 804 738 868 perpetua
747 795 830 851 etiam
840 799 914 851 esset
1003 794 1073 865 Quia
1085 795 1168 867 igitur
1180 794 1318 851 beneficiis
1341 805 1368 854 et
1390 800 1525 869 exemplis
1547 808 1602 855 tam
1622 800 1763 867 eximium,

108 886 308 958 redemptionis
328 885 443 953 ohlstio,
466 894 493 942 et
512 885 642 957 perennis
665 883 712 939 ills
734 883 842 940 victima
867 882 912 938 vi·
968 892 1077 954 umque
1096 883 1161 940 utile
1184 884 1262 940 nobis
1285 889 1328 941 est
1351 889 1474 958 corporis
1487 888 1588 944 Christi
1607 906 1766 946 sacramen-

107 983 187 1033 seret
197 977 227 1031 iu
242 974 385 1042 memoria,
403 982 431 1031 et
450 989 559 1046 semper
580 989 704 1046 presens
718 972 831 1029 essetis
848 989 912 1043 gra·
966 981 1033 1039 turn,
1049 973 1191 1029 videamus
1206 989 1240 1029 ne
1254 974 1333 1030 nohis
1348 984 1451 1031 tantam
1472 979 1590 1049 gratiam
1605 977 1703 1049 aliquis
1718 994 1765 1033 er-

108 1066 156 1122 tia.
187 1067 255 1121 Item
279 1063 448 1136 Augustinus
462 1063 489 1118 in
516 1078 641 1119 sermone
663 1063 704 1118 De
723 1069 822 1134 quarta
841 1061 912 1118 feria
966 1064 1191 1135 rorsuppiantet,
1213 1062 1261 1119 scd
1284 1065 1375 1136 potius
1393 1066 1453 1136 ipsa
1474 1066 1537 1122 iidei
1562 1068 1766 1133 variassent

108 1156 183 1227 (cap.
199 1155 252 1220 tt:
280 1175 291 1202 a
314 1152 343 1209 Si
360 1153 523 1226 sanguinem
547 1150 649 1208 Christi
672 1159 726 1207 tota
751 1167 812 1208 cum
827 1167 910 1208 reve·
965 1153 1146 1210 oertosadea
1160 1168 1221 1225 que
1244 1153 1362 1219 exhibet,
1386 1153 1425 1210 sic
1449 1154 1535 1210 fortes
1559 1156 1705 1212 constituat
1729 1157 1765 1211 ad

107 1243 198 1300 rantis
211 1241 342 1314 percipis,
358 1256 511 1314 cognosces
526 1257 574 1311 per
588 1239 666 1296 ilium
680 1248 727 1295 tua
747 1240 797 1296 tihi
811 1239 911 1295 dimitti
964 1256 998 1297 ea
1017 1258 1078 1311 que
1100 1249 1203 1297 monet.
1227 1239 1329 1296 infirmi
1357 1243 1440 1307 enim,
1465 1244 1513 1316 qui
1535 1245 1765 1300 circumferuntur

107 1340 234 1406 peccata
258 1355 271 1381 s
294 1331 361 1387 Item
378 1332 405 1384 in
427 1329 527 1385 codem
551 1330 627 1400 (cap.
644 1329 672 1395 ti)
688 1348 723 1384 :-
747 1329 798 1403 Tu,
818 1329 912 1385 anima
964 1330 1131 1387 omnivento
1146 1330 1287 1398 doctrine,
1309 1332 1401 1386 statim
1418 1340 1448 1388 ut
1468 1334 1582 1388 audiunt
1605 1351 1666 1406 qaas
1690 1334 1765 1407 igno·

108 1421 274 1487 Christiana,
289 1420 355 1475 side
377 1435 412 1474 ne
434 1417 544 1474 deseras
564 1432 687 1474 mensam
706 1419 801 1488 sponsi
815 1418 864 1487 tui,
881 1427 910 1474 ut
963 1426 1035 1487 rant,
1053 1420 1089 1477 de
1109 1419 1172 1476 fidei
1186 1419 1298 1476 veritate
1313 1419 1446 1484 dubitant,
1459 1438 1540 1493 quos,
1550 1432 1680 1493 quantum
1696 1439 1763 1494 pos·

107 1509 407 1583 pulchrapermanaas.
420 1506 907 1578 Camesojusquotidiemanduoahis,
962 1525 1066 1579 sumus,
1093 1511 1150 1566 lieo
1178 1517 1325 1579 annuente,
1356 1526 1457 1567 sanare
1499 1511 1664 1566 studeamus.
1696 1511 1766 1580 Quia

106 1595 905 1669 utriumaetornamhaheas,etsangainenejusposahis.»
962 1598 1035 1655 enim
1062 1607 1263 1656 sacramentum
1298 1608 1342 1655 est
1381 1599 1471 1672 figam
1504 1599 1624 1656 venatis
1655 1600 1764 1659 Christi,

146 1686 340 1758 Quotidianam
352 1684 434 1759 igitur
458 1683 561 1740 Christi
576 1684 787 1745 immolationem
807 1701 908 1757 pecca-
924 1703 952 1764 Β
966 1691 993 1739 et
1019 1684 1047 1738 in
1070 1682 1162 1755 ligura
1175 1684 1338 1740 sacramenti
1365 1683 1395 1739 ur
1416 1683 1506 1756 tigura
1527 1683 1700 1756 imaginarie
1724 1698 1767 1741 ao

109 1786 202 1835 torum
216 1774 381 1841 remissioni,
406 1773 469 1831 rite
489 1781 600 1830 aeterne
620 1772 757 1846 adeptioni
778 1790 911 1832 neceam
966 1772 1046 1828 tionis
1074 1772 1212 1840 sacrificii,
1240 1773 1268 1828 in
1304 1780 1343 1829 tot
1380 1771 1474 1845 figuris
1509 1771 1652 1829 veritatem
1679 1774 1765 1829 latero

109 1866 190 1933 rhrn,
207 1874 233 1922 et
245 1863 423 1921 sufficientem
446 1861 526 1919 nohis
547 1862 725 1919 astruximus.
747 1863 802 1935 lpsi
820 1871 912 1921 autem
965 1861 1087 1928 titubant,
1113 1861 1233 1917 maxime
1261 1877 1323 1918 cum
1346 1860 1455 1917 dicatur
1473 1860 1596 1917 Christus
1611 1859 1697 1917 semel
1710 1861 1765 1915 im-

111 1955 225 2011 Christo
239 1969 294 2010 non
307 1953 440 2025 supplicio
461 1951 599 2023 passionis
620 1951 663 2008 rel
682 1951 827 2009 occisionis
850 1969 912 2013 esse
965 1950 1061 2005 molari
1075 1950 1103 2005 in
1122 1950 1222 2022 seipso,
1245 1962 1272 2006 et
1293 1949 1413 2021 quotidie
1434 1948 1462 2004 in
1486 1957 1664 2017 sacramento,
1687 1949 1766 2020 quasi

110 2044 265 2108 molestam,
288 2042 337 2098 sed
360 2041 480 2113 quedam
503 2040 593 2112 ipsius
616 2041 753 2112 passionis
775 2041 911 2115 imagine·
964 2053 1047 2094 verus
1069 2037 1188 2111 intelligi
1214 2039 1323 2102 debeat,
1354 2053 1415 2094 cam
1436 2036 1537 2094 dicitur
1560 2038 1589 2093 in
1612 2039 1713 2110 seipso,
1737 2046 1767 2094 et

109 2132 280 2189 tionenohis
303 2131 396 2187 utilem
417 2129 634 2186 admemoriam
661 2130 862 2196 concitandam,
885 2139 913 2187 et
965 2142 1133 2195 nonestus,
1163 2125 1212 2182 sed
1240 2125 1417 2197 imaginarius
1444 2126 1473 2181 ia
1499 2134 1681 2182 sememonto.
1711 2126 1767 2182 Sed

108 2221 286 2279 devotionem
299 2218 463 2293 aagendam,
477 2226 504 2275 et
517 2218 693 2274 imitationem
710 2219 911 2290 provocandam
964 2215 1107 2272 sciendum
1121 2215 1187 2286 quia
1200 2214 1324 2270 Christus
1337 2214 1472 2271 immolari
1494 2213 1592 2271 dicitur
1610 2215 1638 2269 in
1662 2215 1765 2283 seipso,

110 2308 289 2368 ostendimus.
317 2309 372 2365 Cur
399 2307 472 2364 enim
501 2307 598 2362 heatus
627 2307 784 2363 Ambrosius
812 2308 906 2379 (ioan.
965 2303 1046 2360 idest
1063 2304 1092 2359 in
1113 2306 1233 2360 hunuano
1254 2302 1353 2371 forma,
1375 2311 1403 2360 et
1423 2304 1451 2358 in
1471 2311 1653 2371 sacramento,
1679 2304 1706 2358 iu
1725 2312 1768 2359 est

110 2400 269 2469 chrysost.)
292 2397 327 2455 ad
355 2396 572 2454 recordationem
595 2396 690 2452 mortis
716 2397 774 2466 ejus
795 2396 911 2454 hostiam
964 2392 992 2447 in
1008 2393 1087 2465 panis
1101 2393 1195 2451 etvini
1209 2393 1312 2459 iorma;
1328 2408 1384 2449 non
1407 2392 1472 2465 quin
1494 2402 1547 2448 mm
1569 2409 1632 2449 vere
1650 2392 1695 2447 hic
1710 2392 1766 2447 im-

110 2487 215 2546 Christi
233 2487 354 2559 quotidie
367 2484 460 2543 offerri
483 2484 595 2551 diceret,
617 2492 645 2540 et
666 2492 788 2540 nostrum
805 2484 911 2540 sacriti-
964 2480 1081 2537 molatur
1102 2482 1131 2537 in
1152 2482 1241 2554 seipso
1262 2488 1392 2553 quantum
1420 2481 1456 2537 sd
1483 2481 1673 2548 substantiam,
1698 2480 1769 2537 sicut

109 2579 194 2645 mam,
209 2576 365 2648 exemplum
380 2574 451 2630 illius
471 2572 611 2641 secriiioii,
625 2574 650 2628 si
670 2573 750 2629 tantis
770 2572 911 2632 beneficiis
965 2567 1014 2632 ihi,
1028 2570 1075 2626 sed
1090 2578 1120 2626 ut
1133 2580 1209 2627 notet
1223 2571 1268 2629 hio
1292 2578 1319 2627 et
1337 2570 1376 2626 ihi
1400 2570 1540 2627 diversam
1555 2570 1681 2640 ejusdem
1698 2569 1767 2625 sub·

110 2683 163 2725 nos
176 2665 259 2723 vellet
274 2681 337 2721 esse
358 2664 481 2736 ingratos
497 2670 523 2718 et
542 2678 598 2719 non
612 2663 702 2735 magis
724 2662 870 2721 deuotione
884 2670 912 2721 et
966 2660 1072 2714 stenae
1092 2660 1222 2715 sormam.

110 2755 261 2812 imitatione
274 2762 378 2820 nostra,
395 2760 478 2808 tante
491 2751 589 2825 gratiae
603 2767 665 2807 esse
680 2749 841 2808 obnoxios‘l
856 2751 910 2810 Sed
1252 2749 1365 2806 CAPUT
1387 2748 1478 2805 xv11.

109 2849 204 2901 amen
219 2843 283 2915 qnia
305 2840 571 2900 consacramentales
586 2848 612 2896 et
634 2839 845 2911 concorporales
861 2857 910 2896 so·
966 2845 1765 2921 omuurptetteroattrtpttcirrrdettureorpcscuristi.

110 2950 174 2990 mus
188 2933 309 3000 Christo,
324 2931 387 2988 licet
401 2945 456 3003 non
466 2944 540 2999 vera,
551 2929 600 2986 sed
612 2928 774 3002 imaginaria
783 2930 912 3001 passione
1000 2937 1058 2993 liae
1071 2937 1105 2994 de
1119 2952 1203 2994 causa
1213 2937 1296 2993 etiam
1312 2937 1399 2993 sancti
1413 2935 1449 2992 ds
1463 2951 1579 3008 corpore
1594 2942 1620 2992 et
1633 2935 1767 3008 sanguiue

109 3022 140 3079 in
152 3021 245 3094 seipso
259 3020 422 3086 immoletur,
439 3035 502 3074 vere
518 3027 608 3074 tamen
632 3026 660 3073 et
678 3033 733 3074 aon
746 3017 911 3090 imaginaria
965 3024 1075 3081 Domini
1094 3027 1170 3082 varie
1191 3026 1348 3099 loquuntur,
1367 3025 1417 3082 sod
1440 3041 1496 3081 non
1518 3025 1667 3090 contrarie,
1697 3025 1767 3081 adeo

109 3110 243 3184 mono
262 3110 292 3165 in
310 3107 442 3165 memhris
465 3108 521 3164 suis
544 3107 706 3176 immolatur,
728 3107 911 3178 quandonos,
966 3121 996 3169 ot
1009 3114 1104 3170 heatus
1127 3115 1315 3186 Hieronymus
1334 3112 1402 3169 iliud
1424 3111 1577 3183 dupliciter,
1602 3113 1767 3185 Augustinus

108 3200 157 3275 qni
172 3199 199 3256 in
214 3199 375 3256 memoriam
390 3198 525 3269 passionis
540 3213 597 3252 susa
611 3203 811 3252 sacramentum
832 3202 913 3253 anm
966 3210 1056 3259 autem
1079 3202 1218 3275 tripliciter
1242 3210 1343 3259 munst
1363 3202 1448 3273 accipi
1471 3202 1582 3258 uehere.
1605 3204 1636 3255 1n
1656 3218 1710 3273 quo
1731 3217 1767 3258 ns

108 3306 168 3346 suae
182 3289 291 3362 pietatis
304 3288 414 3361 agimus
425 3285 605 3343 sacrificando
614 3284 716 3357 ipsum,
732 3283 823 3340 llendo
833 3291 914 3343 etcor
966 3293 1020 3348 sihi
1034 3292 1078 3349 vel
1091 3292 1151 3347 aliis
1165 3292 1267 3349 sanctis
1287 3291 1431 3347 dissentire
1453 3290 1606 3357 videantur,
1627 3290 1766 3362 quomodo

107 3387 228 3435 nwmm
244 3393 310 3435 vera
324 3375 531 3448 compunctione
551 3374 705 3443 atterendo,
722 3379 841 3429 mortem
857 3381 912 3429 tam
966 3396 1065 3452 corpus
1079 3380 1178 3435 christi
1192 3378 1295 3450 duplex
1309 3377 1475 3435 eredendum
1489 3378 1524 3433 sit
1534 3378 1688 3433 videamus.
1758 3436 1761 3441 ,

105 3467 146 3539 pii
160 3474 187 3523 et
201 3466 297 3524 dilecti
320 3464 429 3522 Domini
450 3471 477 3520 ei
495 3463 582 3535 patris
604 3461 810 3518 annuntiamus.
838 3461 912 3517 Sicut
1000 3469 1046 3525 Ait
1059 3469 1242 3540 Hieronymus
1256 3467 1284 3522 in
1298 3467 1442 3537 epistolam
1457 3465 1492 3521 ad
1514 3466 1646 3537 Ephesios
1664 3465 1726 3535 (lib,
1743 3483 1763 3535 l,

106 3556 184 3614 enim
196 3557 364 3612 cumPetrus
377 3553 483 3610 diceret
499 3569 505 3607 :
522 3549 912 3624 Domine,quooadis?Chri·
965 3557 1028 3628 0,1‚
1045 3565 1111 3614 rom.
1138 3557 1197 3624 Vll,
1222 3554 1277 3613 ool.
1296 3556 1358 3622 553,
1380 3555 1427 3611 ed.
1451 3554 1533 3627 tica)
1551 3574 1557 3609 :
1576 3577 1587 3603 a
1613 3555 1765 3626 Dupliciter

105 3654 166 3702 stus
192 3644 356 3716 respondit:
391 3642 479 3699 Venio
506 3644 622 3699 Romam
643 3641 749 3697 tiaram
771 3638 910 3710 crucifici.
965 3646 1078 3719 sanguis
1096 3644 1197 3701 Christi
1213 3651 1241 3700 et
1263 3659 1328 3701 earo
1345 3643 1517 3716 intelligitur,
1540 3643 1594 3698 red
1614 3643 1765 3713 spiritualis

105 3735 151 3791 rel
164 3733 235 3790 sicut
249 3733 348 3788 l‘autus
363 3731 418 3787 ait:
434 3732 554 3803 suppleo
563 3746 595 3786 eo
611 3745 671 3802 quoe
681 3728 787 3784 desunt
798 3729 910 3798 passio·
962 3734 1012 3791 illa
1026 3743 1108 3806 atque
1121 3732 1225 3801 diuina,
1248 3733 1285 3789 de
1307 3749 1361 3805 qua
1383 3732 1442 3804 ipse
1463 3732 1523 3788 ait.-
1537 3731 1607 3789 Coro
1622 3748 1686 3800 meo
1700 3748 1764 3789 vers

105 3839 180 3879 num
201 3821 308 3878 christi
327 3822 356 3877 in
383 3835 472 3877 corne
493 3834 554 3875 mec
572 3818 687 3887 (coloss.
706 3832 726 3884 ι,
743 3816 788 3886 at)
806 3832 813 3870 :
828 3815 865 3871 ita
882 3825 908 3874 et
962 3825 1006 3878 cst
1019 3820 1108 3887 silas,
1124 3825 1154 3877 ct
1166 3821 1286 3893 sanguis
1300 3836 1379 3876 meas
1393 3834 1457 3875 cere
1472 3822 1515 3874 est
1529 3822 1628 3890 potem
1639 3826 1664 3873 ot
1681 3833 1687 3871 :
1703 3819 1765 3875 Nisi

104 3910 235 3967 omnihus
251 3908 382 3966 memhris
396 3908 453 3964 suis
474 3907 646 3978 competitur,
669 3913 698 3960 ut
720 3912 746 3960 et
763 3903 815 3959 sibi
836 3918 908 3960 com·
961 3909 1204 3967 manducaveritis
1214 3925 1330 3966 carnem
1345 3924 1439 3965 meam
1454 3911 1482 3963 ct
1497 3907 1625 3964 biberitis
1640 3909 1762 3977 sangui-

103 3998 271 4071 patientihus
296 4011 466 4070 conregnare
491 3995 599 4051 facilius
622 3993 759 4060 credatur,
781 3991 844 4064 quia
866 4007 908 4048 re·
959 4015 1027 4055 nem
1041 3997 1463 4065 mcutn‚conlsahclitisvitcm
1471 4000 1610 4051 eternam
1623 4011 1629 4050 :
1642 3994 1761 4052 veloaro

103 4105 169 4153 vera
177 4086 336 4161 dignabitur
350 4100 397 4142 eos
411 4100 472 4141 esse
486 4083 635 4156 participes
645 4098 702 4138 snas
716 4080 824 4154 gloriae,
840 4096 906 4152 qno
957 4087 1004 4143 itta
1019 4102 1080 4160 qua
1094 4085 1226 4144 crucifixa
1239 4093 1291 4153 sss,
1307 4091 1334 4141 et
1356 4085 1466 4158 anguis
1485 4084 1535 4155 qui
1550 4085 1644 4139 miuus
1658 4082 1760 4140 effusus

101 4193 164 4234 rum
179 4192 234 4234 non
248 4175 412 4248 dedignatur
426 4189 486 4229 esse
510 4172 658 4244 participes
682 4185 820 4226 aerumnae.
837 4169 905 4226 Cum
957 4176 1140 4233 astlancea.»
1157 4173 1238 4245 Quod
1253 4190 1311 4231 non
1319 4173 1420 4229 dixisse
1433 4181 1564 4245 quantum
1573 4173 1608 4228 ad
1617 4173 1758 4244 duplicem

101 4266 178 4324 enim
195 4265 349 4336 vintimilio
364 4262 481 4329 Christo,
505 4276 576 4333 aqua
598 4257 766 4316 ”clifiteittr
779 4273 828 4330 llio
847 4273 902 4329 9⁰·
956 4264 1135 4338 substantiam
1150 4263 1304 4320 credendus
1317 4270 1369 4331 est,
1396 4262 1448 4318 aed
1467 4268 1597 4333 quantum
1614 4261 1648 4316 ad
1664 4261 1757 4330 dupli·

99 4355 176 4427 pulo,
188 4362 215 4411 et
228 4362 373 4425 utrumque
396 4367 466 4407 unus
486 4349 600 4424 sanguis
621 4347 678 4418 fiat,
695 4346 761 4420 quid
784 4346 838 4403 nisi
857 4361 902 4402 ca·
955 4369 1014 4410 uem
1029 4353 1156 4426 ejusdem
1179 4350 1335 4408 suessanum
1354 4350 1482 4416 formam,
1506 4365 1559 4421 qua
1573 4365 1645 4404 nuuc
1659 4349 1687 4404 jn
1703 4351 1757 4404 hu.

99 4444 165 4517 pitis
191 4452 218 4500 at
241 4443 425 4500 memhromm
454 4440 517 4495 inde
541 4436 731 4509 compassione
758 4443 786 4492 ei
813 4414 942 4492 morian
954 4457 1047 4510 mana,
1074 4458 1146 4498 nunc
1165 4440 1195 4496 ia
1220 4440 1301 4512 panis
1328 4448 1354 4495 et
1382 4439 1437 4495 riui
1460 4437 1622 4509 intelligitur
1651 4436 1750 4494 torma.

98 4533 228 4589 unitatem
243 4529 398 4606 significati
422 4529 499 4586 Unde
522 4527 691 4600 Augustinus
713 4524 743 4580 in
761 4524 811 4582 lib.
827 4541 845 4578 x
861 4523 901 4581 De
955 4530 1034 4601 Quod
1048 4529 1214 4604 hugusutum
1227 4528 1345 4599 apertius
1364 4527 1493 4595 ostendit,
1509 4526 1631 4597 quicum
1646 4526 1755 4582 tertium

98 4622 207 4678 ciuitate
221 4622 269 4678 Dei
285 4622 322 4692 (c.
338 4624 383 4687 ao,
407 4622 430 4674 t.
458 4617 518 4684 vit,
542 4616 594 4673 col.
619 4616 681 4685 256)
698 4631 704 4668 :
723 4637 735 4663 a
752 4613 839 4684 liujus
859 4616 901 4673 rei
953 4619 1064 4676 modum
1078 4618 1203 4689 corporis
1222 4617 1321 4673 Christi
1335 4615 1452 4673 dixisset
1471 4615 1629 4678 Ecclesiam,
1645 4615 1681 4671 de
1700 4631 1752 4672 eo·

97 4718 309 4779 sacramentum,
325 4708 515 4782 quotidianum
532 4704 616 4762 voluit
629 4702 760 4761 Ecclesiae
774 4719 835 4759 csse
849 4718 897 4760 sa-
952 4708 1014 4765 dem
1031 4707 1133 4778 duplici
1151 4721 1278 4778 corpore,
1294 4706 1367 4761 unde
1381 4705 1564 4776 Hieronymus
1577 4705 1614 4760 ita
1623 4704 1750 4763 disseruit

96 4799 239 4868 cadmum,
255 4815 316 4871 que
330 4814 392 4853 cum
404 4796 502 4869 capitis
510 4795 595 4866 ipsius
604 4809 705 4865 corpus
720 4792 766 4859 sit,
778 4792 897 4863 seipsam
948 4796 1016 4869 (loc.
1028 4799 1088 4864 cit„
1107 4795 1160 4853 ool
1179 4795 1244 4867 608)
1265 4809 1272 4850 :
1295 4817 1307 4843 s
1330 4796 1438 4866 corpus
1453 4792 1551 4850 christi
1566 4802 1609 4849 est
1630 4802 1657 4850 et
1680 4793 1748 4851 iliud

96 4905 149 4961 per
159 4888 248 4961 ipsum
260 4887 339 4944 discit
357 4885 463 4942 offerre.
483 4908 494 4934 ι
510 4885 572 4940 Non
594 4883 665 4939 enim
683 4889 774 4953 potest
797 4897 897 4954 corpus
948 4886 1092 4959 mysticum
1106 4885 1180 4957 qaod
1194 4901 1227 4940 cx
1241 4882 1396 4940 substantia
1413 4883 1492 4955 panis
1506 4891 1533 4939 et
1549 4882 1602 4938 vini
1616 4900 1666 4955 per
1682 4883 1747 4955 Spi-

95 4975 219 5035 cmciiixi
235 4993 306 5045 esse,
318 4973 516 5049 quiorucifixus
529 4988 584 5029 non
605 4980 660 5028 est.
679 4971 758 5028 Unde
776 4973 895 5043 Aposto·
947 4976 1029 5030 ritum
1043 4981 1168 5031 sanctum
1192 4980 1404 5030 consecratum
1430 4971 1462 5026 Et
1483 4970 1585 5025 addidit
1600 4990 1607 5026 z
1623 4993 1634 5020 ι
1652 4971 1746 5028 Caete-

94 5067 138 5124 lus
155 5085 161 5122 :
177 5069 234 5123 Par
246 5082 328 5136 pacm
343 5063 415 5120 mihi
429 5063 554 5120 mundas
568 5061 724 5130 crucifixus
738 5063 792 5127 cst,
802 5065 831 5117 et
845 5077 894 5133 epo
947 5080 1009 5120 rum
1023 5063 1090 5119 illud
1108 5078 1216 5134 eorpus,
1230 5062 1303 5134 quod
1318 5069 1412 5132 natum
1422 5069 1463 5116 est
1476 5076 1513 5116 cx
1527 5059 1612 5115 illaria
1626 5060 1744 5133 virgine,

93 5154 446 5226 marcomanorum).
464 5147 894 5222 UndeGrogoriusinllialogo·
945 5151 976 5209 in
1005 5152 1077 5224 quod
1104 5150 1170 5207 illud
1196 5150 1365 5216 transfertur,
1388 5156 1443 5206 etc.
1465 5171 1476 5198 s
1498 5148 1578 5218 Quod
1602 5149 1672 5204 istud
1695 5165 1745 5219 por

92 5260 155 5302 rum
174 5244 245 5300 lihro
260 5259 287 5301 ιι
301 5244 337 5314 (c.
353 5246 397 5310 59,
411 5241 463 5297 col.
480 5238 543 5311 iti)
560 5259 566 5295 :
586 5263 597 5289 a
614 5238 666 5308 Qui
684 5237 818 5308 passionis
832 5239 891 5294 llo·
944 5240 1176 5298 consecrationem
1191 5238 1287 5295 altaris
1303 5238 1330 5293 in
1344 5238 1411 5295 illud
1426 5237 1569 5294 transferri
1580 5246 1606 5293 et
1621 5238 1742 5294 converti

92 5342 201 5398 minicae
216 5341 345 5413 mysteria
359 5338 537 5409 celebramus,
554 5337 688 5394 dehemus
702 5336 801 5392 imitari
816 5335 891 5408 quod
945 5339 1023 5412 dicit,
1036 5347 1101 5396 nota
1114 5338 1240 5395 eamdem
1251 5326 1445 5393 substantiam.
1469 5334 1549 5406 Quod
1568 5344 1660 5392 autem
1682 5336 1742 5392 dis-

91 5439 208 5514 agimus.
224 5439 300 5495 l'unc
313 5452 381 5511 ergo
394 5452 457 5494 vere
478 5452 528 5507 pro
547 5435 627 5493 nobis
645 5436 705 5493 Deo
725 5434 813 5492 hostia
826 5435 890 5502 crit,
945 5438 1043 5506 cernit,
1059 5435 1165 5504 dicens,
1187 5437 1239 5492 hoc
1261 5435 1304 5492 vel
1325 5433 1402 5501 illud,
1422 5433 1497 5502 iacit,
1515 5441 1544 5489 ut
1565 5433 1666 5490 dictum
1687 5442 1739 5502 est,

91 5537 303 5612 cumaosipsos
317 5536 434 5595 hostiam
451 5536 631 5595 [scammuse
648 5535 715 5592 ltem
730 5534 893 5594 Ambrosius
944 5535 1092 5594 secundum
1126 5534 1262 5594 nisenam
1294 5531 1424 5590 formam.
1461 5531 1550 5604 Quam
1582 5531 1740 5590 substantie
