3728 6000
56 280 109 335 ιη
747 264 892 322 ΕΝΙΕΜΑ
912 265 1015 322 libet.
1656 276 1708 333 tte

55 406 135 453 etest
149 396 238 450 lorma
259 407 386 447 macrum
401 392 430 445 in
444 405 478 447 ee
498 389 656 444 verborum.
674 386 774 441 Forma
789 384 852 441 lidei
866 388 894 451 Α
909 396 974 453 tam,
990 388 1161 460 sapientiam,
1175 392 1334 460 potentiam,
1346 402 1372 449 et
1389 394 1451 451 eliis
1470 395 1496 450 in
1507 399 1577 452 huuc
1598 397 1705 452 modum

56 492 109 555 est,
124 483 259 548 dePatre,
276 486 303 535 et
316 478 397 542 Filio,
412 485 440 534 et
466 476 578 549 Spiritui
592 481 696 539 sancto,
708 475 780 529 sicut
801 473 857 542 jam
913 475 1123 547 quampluribus
1138 478 1300 535 nominibus.

56 588 130 645 saepe
145 570 247 628 dictum
262 576 313 634 est,
328 568 415 622 Deum
429 567 536 621 l‘atrem
556 579 625 628 esse,
645 564 729 617 Deum
748 561 858 630 Filium,
947 562 1052 632 Quibus
1067 580 1129 619 cum
1140 566 1221 621 etiam
1237 568 1359 626 homines
1373 573 1534 645 plerumque
1548 589 1708 647 nuncupen-

54 662 145 718 Deum
170 656 302 730 Spiritum
327 662 450 710 sanctum
466 668 473 723 ;
490 660 620 709 ettamen
635 666 690 705 non
716 658 771 705 tres
793 648 875 732 deos
912 657 963 718 tur,
980 651 1107 707 dicuntur
1135 656 1206 709 enim
1221 662 1247 711 et
1274 657 1324 729 ipsi
1353 661 1490 732 sapientes
1504 670 1531 717 et
1559 669 1708 733 putentes,

55 744 394 816 esse,seduuum1)eum.
412 743 508 799 Forma
529 755 596 797 vero
614 754 746 795 sanorum
762 738 790 792 in
805 736 859 792 fide
911 756 992 796 nemo
1007 748 1097 795 tamen
1112 741 1208 798 dicitur
1223 745 1355 817 sapientia
1370 750 1428 805 sire
1444 750 1574 820 potentia,
1591 749 1634 806 rel
1657 750 1709 805 ali·

54 837 204 894 verborum
218 840 269 900 est,
285 832 414 903 proprius
425 829 535 902 quidam
560 828 662 884 modus
677 825 811 897 loquendi
825 825 860 882 da
913 829 977 899 quid
993 828 1165 900 liuiusmodi;
1179 835 1243 903 quia
1266 850 1346 891 nemo
1361 852 1394 892 eo
1419 838 1501 893 modo
1528 838 1637 909 sapiens
1650 839 1710 895 sive

55 927 126 991 Deo,
150 921 301 980 secuudum
316 920 373 975 baec
387 919 449 991 ipsa
475 934 536 990 quae
559 914 742 987 praemisimus
758 931 764 968 :
779 929 859 986 quem
911 925 1073 988 potensest,
1091 921 1226 988 quomodo
1249 923 1343 987 Deus;
1359 939 1421 980 cum
1437 926 1489 981 boc
1503 926 1538 980 sit
1563 926 1622 981 Deo
1636 942 1710 996 esse,

55 1029 90 1070 ex
114 1010 278 1068 auctoritate
306 1006 404 1064 Christi
431 1005 551 1076 Domini,
564 1013 591 1060 et
618 1003 805 1075 apostolorum
833 1010 860 1058 et
912 1006 985 1078 quod
1001 1021 1106 1077 sapere,
1123 1008 1195 1077 quud
1210 1025 1307 1080 posse;
1325 1019 1351 1065 et
1365 1011 1425 1082 ipse
1439 1014 1710 1085 suasapiantia,ipse

57 1100 273 1172 apostolicorum
293 1097 448 1163 doctorum,
463 1096 521 1166 jam
536 1093 601 1149 olim
615 1110 678 1148 usus
699 1091 860 1148 Clrristiaute
913 1095 1087 1165 suapotentia
1103 1095 1206 1152 sicsic
1222 1097 1255 1152 de
1267 1099 1388 1168 veritate,
1400 1100 1435 1156 de
1450 1101 1594 1167 charitate,
1610 1110 1638 1158 et
1649 1101 1710 1157 aliis

56 1189 166 1262 pietatis
196 1186 318 1244 obtinuit
338 1185 413 1241 circa
426 1183 537 1240 nomina
551 1181 652 1248 divina,
666 1186 695 1236 et
709 1195 742 1237 ea
756 1196 817 1250 quae
831 1179 860 1233 in
912 1182 1066 1252 hujusmodi
1080 1184 1233 1240 nominibus
1251 1185 1459 1261 intelligendum
1469 1197 1521 1256 est,
1532 1189 1637 1246 scilicet
1647 1190 1710 1262 qui-

55 1277 231 1335 coulessioue
258 1273 321 1329 fidei
350 1272 478 1328 dicuntur
505 1270 540 1326 de
566 1272 657 1332 Patre,
673 1275 702 1324 et
730 1268 808 1336 Filio,
833 1274 861 1322 ot
911 1270 963 1326 bus
978 1271 1189 1327 substantialiter
1202 1274 1273 1329 Deus
1288 1274 1341 1331 dici
1357 1280 1456 1348 potest.
1470 1278 1708 1333 Diviuorumenim

58 1367 161 1438 Spiritu
177 1370 287 1418 sancto.
307 1360 404 1417 blodus
427 1365 518 1415 autem
546 1357 590 1413 bic
606 1357 736 1429 loquendi
753 1357 787 1411 de
803 1357 860 1411 Deo
910 1359 1050 1414 nominum
1064 1375 1119 1415 non
1134 1361 1282 1417 uniformis
1296 1364 1366 1418 ratio
1383 1372 1432 1420 est.
1449 1366 1509 1420 Alia
1523 1365 1638 1421 enimde
1648 1367 1707 1422 Deo

56 1452 196 1526 propriam
223 1450 369 1522 quamdam
398 1447 481 1504 habet
508 1445 679 1517 disciplinam
708 1443 813 1516 regulis
827 1458 859 1499 ac
912 1446 1128 1502 substantialiter
1147 1448 1276 1504 dicuutur
1292 1471 1299 1517 ;
1316 1451 1369 1506 alia
1383 1452 1474 1508 aliter.
1492 1454 1561 1509 Nam
1581 1454 1608 1508 iu
1626 1454 1709 1510 rebus

57 1540 186 1598 terminis
199 1537 262 1594 fidei
277 1535 409 1592 munitam
423 1554 431 1602 ;
446 1535 480 1590 sd
495 1533 649 1591 docendum
664 1533 738 1605 loqui
753 1532 787 1586 de
802 1533 859 1586 beo
911 1549 1020 1607 qunque
1034 1550 1114 1590 omne
1124 1537 1197 1607 quod
1211 1545 1261 1608 ost,
1278 1547 1322 1593 aut
1337 1540 1500 1610 subjectum,
1516 1547 1562 1597 aut
1573 1543 1601 1597 in
1611 1542 1710 1613 subje-

57 1626 257 1685 rationabiliter
284 1623 437 1681 secundum
462 1622 595 1678 munnam
619 1620 692 1689 fidei,
707 1625 735 1676 et
755 1634 859 1691 praepa·
912 1625 956 1679 cto
971 1630 1021 1690 est,
1036 1623 1088 1678 hcc
1116 1631 1160 1680 est
1183 1629 1230 1681 aut
1250 1626 1410 1694 substantia,
1426 1633 1474 1683 aut
1494 1629 1631 1685 aeeideus.
1648 1632 1710 1687 Nou

57 1716 159 1773 randos
171 1715 300 1772 homines
314 1713 349 1769 ad
364 1711 539 1785 cogitandum
555 1727 586 1766 ac
601 1710 772 1765 sentiendum
785 1707 901 1798 inei-B
917 1715 1003 1766 tamen
1019 1711 1060 1768 sic
1075 1719 1115 1768 est
1126 1713 1154 1766 in
1164 1713 1231 1770 Deo.
1242 1715 1389 1784 Nunquam
1403 1716 1474 1771 enim
1495 1717 1529 1773 de
1544 1718 1601 1774 Deo
1611 1719 1712 1775 dicitur

58 1805 179 1861 labiliter
192 1803 227 1859 de
241 1800 384 1858 ineffabili.
399 1799 503 1857 idcirco
518 1803 610 1854 autem
624 1796 748 1865 dicimus,
758 1810 859 1853 sccun-
915 1798 1015 1871 aliquid
1056 1800 1204 1856 secundum
1240 1802 1380 1871 accidens,
1410 1805 1459 1861 sed
1487 1821 1575 1876 neque
1605 1822 1713 1879 semper

58 1896 120 1950 dum
150 1893 288 1948 rationem
316 1888 389 1957 lidei,
405 1888 469 1961 quia
494 1886 591 1943 modus
616 1886 659 1941 bic
682 1884 812 1956 loquendi
826 1885 862 1941 de
914 1887 1062 1942 secundum
1087 1888 1275 1944 substantiam.
1310 1890 1415 1946 Dicitur
1442 1893 1514 1948 euim
1543 1901 1570 1948 et
1595 1893 1630 1948 ad
1657 1894 1711 1950 ali·

57 1984 115 2039 Deo
128 1978 352 2051 habetquaedsm
365 1977 476 2049 pmpria
490 1974 586 2041 verba,
603 1972 774 2030 rationabilia
795 1971 860 2043 qui·
915 1974 992 2046 quid.

58 2072 130 2140 dem,
147 2069 265 2125 sednon
279 2064 471 2136 intelligibilia,
487 2063 540 2118 uisi
556 2063 583 2117 in
597 2063 703 2118 ratione
717 2060 791 2129 fidei,
805 2075 862 2116 nou
951 2062 1003 2120 Ubi
1017 2064 1105 2134 primo
1134 2064 1275 2120 sciendum
1291 2074 1331 2122 est
1357 2069 1484 2140 quoniam
1500 2069 1713 2140 praedicamenta

58 2167 149 2217 autem
165 2157 195 2213 in
206 2156 310 2211 ratione
324 2170 419 2210 sensus
445 2151 569 2209 humaui.
588 2149 667 2220 Quod
682 2149 753 2205 onim
778 2147 861 2222 paulo
915 2151 1070 2222 hujusmodi
1087 2151 1175 2207 aliena
1190 2169 1206 2209 a
1221 2160 1314 2210 natura
1327 2155 1389 2212 tidei
1404 2164 1477 2223 sunt,
1495 2157 1567 2211 sicut
1581 2158 1712 2213 substan-

59 2256 120 2303 ante
147 2245 278 2310 diximus,
294 2242 358 2316 quia
376 2264 387 2290 ι
403 2241 476 2296 Deus
497 2248 537 2295 est
564 2241 651 2306 Pater,
668 2239 744 2293 Deus
765 2236 860 2303 Filius,
915 2238 952 2293 tia
965 2245 992 2293 et
1005 2238 1141 2306 accidens,
1157 2245 1186 2294 et
1200 2241 1273 2312 quod
1283 2241 1382 2298 dicitur
1396 2244 1430 2299 ad
1445 2243 1559 2315 aliquid,
1571 2248 1599 2299 et
1612 2260 1710 2316 genus,

59 2336 132 2391 Deus
162 2332 278 2405 Spiritus
304 2338 423 2396 sanctus,
435 2336 464 2385 et
491 2335 581 2382 nmen
596 2343 651 2383 uon
665 2334 720 2381 tres
744 2325 794 2391 dii,
810 2325 860 2380 sed
915 2333 941 2382 ot
955 2326 1070 2398 species,
1087 2335 1113 2382 et
1127 2337 1225 2384 caetera
1239 2328 1313 2383 talia.
1337 2332 1522 2388 Instrumenta
1536 2332 1635 2403 quippe
1650 2337 1714 2388 sunt

59 2439 130 2478 unns
141 2429 187 2478 est
199 2422 284 2486 Deus,
299 2441 310 2468 r
327 2425 465 2488 utcunque
484 2415 599 2487 capitur,
613 2413 761 2469 secundum
773 2413 860 2468 ratio·
915 2414 974 2471 baec
988 2416 1143 2470 communia
1157 2423 1184 2471 et
1202 2415 1325 2489 vulgaria
1339 2418 1451 2474 rationis
1465 2426 1491 2474 ct
1504 2420 1571 2473 artis
1584 2419 1714 2475 humanae

56 2526 122 2568 uem
137 2524 235 2565 sensus
249 2506 371 2563 humaui.
381 2509 413 2560 ln
425 2504 506 2560 rebus
516 2503 589 2560 enim
601 2502 727 2558 humanis
738 2503 862 2557 humana
915 2502 950 2557 ad
962 2502 1160 2559 discernendas
1175 2519 1222 2558 res
1232 2518 1390 2561 communes
1401 2520 1407 2574 ;
1420 2506 1503 2560 rebus
1510 2514 1600 2561 autom
1613 2506 1713 2562 divinis

60 2599 131 2655 ratio
145 2603 229 2669 perat
239 2595 290 2651 sibi
305 2593 386 2650 tidem
396 2611 403 2647 :
415 2591 549 2648 indivisis
564 2606 630 2647 vero
642 2586 858 2662 praeceditlides,
914 2605 1026 2661 prorsus
1039 2590 1161 2663 indigna,
1175 2599 1203 2646 et
1216 2608 1231 2646 a
1246 2591 1333 2649 lormu
1347 2608 1478 2650 sanorum
1493 2594 1521 2648 in
1544 2593 1598 2650 lide
1608 2595 1713 2651 verbo-

57 2686 161 2744 deinde
175 2686 236 2755 ipsa
250 2682 293 2738 sui
308 2681 416 2755 generis
430 2680 529 2736 format
551 2678 604 2734 sibi
619 2678 763 2734 rationem.
784 2677 862 2733 Siout
914 2694 971 2734 rum
987 2678 1083 2736 aliena.
1100 2678 1179 2734 ltatio
1201 2687 1291 2735 tamen
1317 2679 1380 2736 fidei
1396 2681 1472 2751 quasi
1486 2697 1588 2738 morem
1613 2698 1713 2755 gerens
1813 2690 1816 2695 '

61 2774 136 2832 enim
148 2790 195 2829 res
208 2770 312 2842 est,sic
326 2769 361 2826 de
377 2784 409 2824 ea
431 2767 513 2824 fidem
535 2776 653 2839 captare,
668 2771 696 2822 et
717 2765 861 2822 locutionis
915 2766 1041 2823 humanae
1051 2768 1150 2822 rationi
1161 2767 1238 2822 illata
1254 2766 1307 2822 sibi
1321 2766 1357 2823 ab
1369 2768 1524 2824 bominibus
1539 2785 1594 2826 non
1611 2769 1716 2841 respuit

56 2864 179 2920 sormam
193 2860 257 2916 fidei
270 2857 450 2931 coaptandam
465 2872 535 2920 esse,
552 2854 707 2912 rectissima
727 2853 794 2909 ratio
809 2858 859 2909 est.
914 2855 1024 2912 omuino
1040 2855 1083 2911 vel
1111 2855 1203 2926 abjicit
1214 2875 1220 2920 ;
1233 2856 1283 2912 sed
1310 2857 1423 2913 assumit
1437 2874 1468 2914 ea
1482 2858 1544 2927 sibi,
1558 2867 1585 2914 et
1607 2857 1715 2915 confor-

56 2954 138 3006 Amat
153 2955 246 3005 autem
260 2946 361 3003 locutio
375 2944 434 3001 sire
447 2942 588 3015 inquisitio
602 2943 636 2998 de
660 2943 729 3009 Deo,
746 2941 862 2998 humiles
914 2944 1015 3000 mando
1030 2943 1138 3016 singula
1162 2946 1219 3000 suis
1233 2946 1336 3018 regulis
1356 2954 1383 3002 et
1405 2947 1569 3018 coaptando,
1585 2945 1614 3001 in
1629 2946 1714 3004 obse-

57 3054 91 3097 ω
105 3038 249 3109 simplices
262 3036 292 3091 in
304 3041 464 3106 paupertate
479 3033 589 3103 spiritus
599 3032 686 3087 Deum
696 3037 859 3103 querentes,
915 3033 1007 3103 quium
1022 3030 1086 3087 fidei
1110 3047 1142 3089 ac
1157 3033 1316 3089 servitutem
1331 3034 1493 3105 captivatum
1503 3035 1715 3107 {quodammodo

56 3143 130 3199 quos
143 3126 181 3182 ad
196 3123 387 3196 inquirendum
402 3137 457 3177 non
472 3120 615 3177 curiositas
626 3119 692 3192 ugit,
708 3118 757 3174 sed
772 3119 860 3191 pietas
914 3122 1016 3194 redigit
1029 3136 1123 3177 eorum
1138 3121 1314 3178 intellectum.
1327 3123 1396 3179 lliuc
1417 3126 1469 3191 est,
1481 3122 1555 3195 quod
1565 3131 1620 3178 tam
1630 3124 1715 3180 muita

58 3215 152 3270 trabit.
165 3211 407 3284 Amalloqui,nou
419 3209 511 3267 verbis
529 3206 862 3279 praecipitationisetslie-
914 3209 1034 3279 nomina,
1052 3225 1112 3280 quae
1140 3208 1168 3263 in
1195 3209 1277 3265 rebus
1292 3211 1480 3266 communibus
1501 3211 1611 3267 uomina
1626 3227 1715 3267 rerum

57 3302 119 3372 uis;
135 3301 263 3373 sedipsis
277 3298 377 3373 quibus
391 3296 568 3368 semetipsum
582 3303 610 3352 et
632 3297 743 3350 Patrem
754 3298 783 3350 et
797 3293 862 3365 Spi-
916 3297 1098 3354 accidentium
1113 3300 1188 3364 sunt,
1199 3297 1374 3352 translataad
1393 3298 1489 3363 Deum,
1506 3297 1552 3354 ubi
1566 3298 1715 3356 secuudum

57 3391 142 3447 ritum
157 3396 282 3446 sanctum
292 3385 479 3442 manifestarit
493 3384 595 3441 mundo
609 3382 731 3439 Verbum
742 3382 793 3438 Dei
801 3381 862 3453 ipso
915 3387 1052 3441 rationem
1067 3383 1132 3440 tadei
1146 3398 1201 3440 non
1228 3385 1376 3440 admittitur
1386 3385 1488 3457 aliquid
1509 3387 1657 3442 secundum
1671 3402 1715 3442 ac-

58 3477 208 3536 locutionis
220 3477 387 3543 charactere,
403 3489 456 3545 quo
471 3471 554 3528 fidem
568 3470 708 3527 Trinitatis
724 3485 864 3543 pmpega·
916 3473 1023 3540 cidens,
1039 3472 1182 3544 predicari
1196 3472 1411 3528 substantialiter
1422 3473 1612 3530 inveniuntur.
1632 3474 1715 3530 Verbi

60 3574 160 3623 rerunt
175 3566 204 3620 iu
231 3564 333 3620 mundo
359 3562 482 3618 homines
497 3561 558 3616 Dei.
576 3559 639 3615 Odit
661 3558 863 3627 contentiones,
916 3560 1013 3633 gratis,
1030 3576 1090 3615 cum
1119 3559 1216 3615 dicitur
1239 3560 1316 3615 Deus
1344 3561 1404 3616 sine
1420 3562 1569 3631 quantitate
1589 3577 1714 3634 magnus,

60 3653 263 3719 animositates,
278 3651 422 3717 novitates,
434 3664 597 3722 pugnasque
607 3647 751 3705 rerbomm
767 3656 793 3702 et
806 3647 864 3701 iaa-
917 3649 975 3704 siue
990 3649 1119 3719 qualitate
1132 3649 1233 3717 bonus,
1249 3648 1314 3718 quid
1338 3648 1506 3721 intelligitur,
1519 3649 1569 3705 nisi
1599 3649 1671 3720 quod
1683 3664 1717 3706 aa

61 3744 138 3799 nium
147 3744 285 3798 tormenta
298 3739 495 3812 questionum
512 3736 572 3806 ipsa
586 3737 676 3809 magis
695 3734 864 3806 experientia
918 3753 978 3807 quae
999 3736 1153 3805 hujusmodi
1183 3743 1255 3803 sunt,
1287 3737 1435 3792 secuudum
1465 3738 1537 3807 quod
1569 3736 1719 3794 accidentia

62 3832 167 3888 doeens
178 3828 329 3896 credentes,
338 3835 366 3882 et
380 3825 529 3882 informans
537 3840 588 3894 per
604 3823 731 3879 meritum
748 3827 863 3878 etusum
918 3832 989 3890 sunt,
1005 3839 1060 3880 non
1074 3824 1261 3893 admittuntur,
1273 3831 1299 3878 et
1327 3832 1417 3879 tamen
1433 3825 1619 3890 admittuntur,
1636 3833 1663 3881 et
1676 3841 1718 3881 se-

60 3917 124 3975 fidei
137 3917 281 3990 pervenire
292 3915 328 3970 ed
336 3913 479 3986 praemium
487 3911 734 3982 contemplationis.
747 3909 866 3965 Nomina
917 3912 1036 3968 cundum
1051 3912 1102 3968 boc
1113 3911 1186 3981 quod
1198 3911 1358 3967 naturaliter
1372 3911 1399 3966 in
1414 3914 1472 3968 Deo
1488 3918 1562 3980 sunt,
1580 3913 1717 3984 quomodo

61 4002 403 4077 autem,quaeprimaejus
421 4001 557 4057 elementa
579 4015 637 4054 esse
652 3998 863 4066 diximussunt,
919 4016 1053 4074 nusquam
1077 3999 1142 4055 alibi
1178 4005 1250 4065 sunt,
1281 3998 1495 4056 substantialiter
1507 4001 1720 4072 praedicantur‘?

61 4092 232 4164 sirequibus
245 4108 295 4163 per
310 4091 486 4161 semetipsum
502 4086 737 4160 ipsasedirinitas
752 4085 865 4141 revela·
919 4089 972 4145 Sed
988 4097 1014 4145 et
1032 4089 1078 4143 ubi
1104 4087 1231 4144 accidens
1245 4104 1301 4143 non
1330 4095 1379 4156 est,
1395 4104 1484 4160 neque
1499 4089 1651 4145 substantia
1665 4097 1717 4159 est,

61 4183 102 4239 via
128 4181 158 4236 in
185 4180 298 4247 mundo,
320 4178 423 4234 seilimt
450 4176 549 4242 Patris,
566 4183 593 4232 et
622 4175 692 4245 Filii,
709 4177 736 4229 et
751 4173 867 4244 Spiritus
919 4194 971 4235 nec
985 4194 1047 4234 esse
1061 4185 1159 4249 potest,
1176 4194 1238 4249 quae
1252 4176 1334 4232 nullis
1356 4176 1540 4233 accidentibus
1559 4179 1659 4245 subest,
1675 4179 1719 4236 rel

62 4270 161 4337 macti,
176 4269 233 4324 sire
261 4267 361 4340 quibus
383 4282 418 4323 ex
448 4265 558 4323 diuersa
585 4261 803 4319 consideratione
824 4260 867 4316 sui
921 4267 1033 4322 subesse
1042 4271 1143 4339 potest.
1155 4265 1298 4322 Nullorum
1323 4281 1392 4322 vero
1406 4281 1518 4335 prorsus
1538 4266 1720 4323 accidentium

63 4359 176 4415 diverso
190 4356 312 4412 serundo
326 4354 400 4427 apud
413 4353 539 4410 homiues
558 4351 698 4407 nominari
713 4349 790 4406 tacit.
808 4350 867 4404 llo-
920 4356 1073 4426 susceptrix
1101 4371 1160 4411 asse
1183 4362 1272 4425 potest
1295 4369 1402 4409 summa
1430 4354 1476 4410 illa
1490 4354 1589 4410 divina
1616 4362 1719 4411 naturae

64 4445 133 4501 mini
146 4444 282 4516 siquidem
296 4441 408 4499 condito
433 4442 469 4497 ad
483 4439 637 4513 imaginem
652 4437 711 4505 Dei,
734 4436 866 4492 naturalis
880 4432 909 4495 D
922 4444 1095 4517 simplicitas:
1113 4460 1174 4516 quae
1188 4443 1211 4498 si
1228 4442 1554 4514 susciperet,simplicitas
1571 4457 1625 4496 uon
1636 4449 1717 4498 esset.

64 4535 138 4590 inest
151 4531 289 4604 appetitus
309 4529 473 4603 cognitionis
490 4528 541 4584 Dei
556 4535 584 4584 et
601 4526 724 4598 propriae
738 4524 866 4598 originis.

66 4622 107 4677 Ex
122 4637 158 4677 eo
172 4621 247 4677 enim
261 4619 337 4690 quod
347 4618 436 4673 nullus
448 4624 490 4674 est
502 4615 609 4671 enimus
627 4615 765 4669 humanus
779 4628 869 4683 quau-

65 4708 169 4765 tumris
196 4708 311 4764 rationis
338 4722 432 4778 capax,
447 4721 528 4778 quem
550 4710 648 4759 natura
662 4702 723 4774 ipsa
745 4701 869 4757 dubitare

67 4797 216 4869 permittat,
230 4793 296 4867 quin
311 4795 384 4850 Deus
397 4795 447 4855 sit;
464 4793 530 4867 quin
544 4791 579 4847 sit
606 4790 721 4847 Creator
737 4789 869 4857 omnium,

66 4888 94 4941 et
107 4884 232 4941 omnium
242 4891 364 4954 potestas
378 4889 405 4938 et
419 4879 593 4952 providentia
612 4894 697 4951 penes
712 4878 801 4950 ipsum
812 4877 847 4932 sit
860 4891 868 4948 ;

66 4982 168 5056 satagit
183 4981 263 5036 etism
279 4988 306 5036 et
320 4979 406 5034 ambit
418 4993 529 5049 semper
542 4977 622 5050 quasi
637 4975 799 5031 naturaliter
813 4975 869 5029 hu·

66 5092 149 5132 mana
163 5084 193 5133 et
206 5075 296 5148 pietas
309 5083 337 5132 et
350 5074 494 5131 curiositas
509 5073 679 5146 aliquatenus
689 5071 825 5143 suspicere
836 5070 872 5127 de

67 5190 111 5243 eo,
125 5172 193 5246 quid
207 5173 252 5227 sit.
269 5169 442 5242 Quapropter
470 5185 519 5225 sau
534 5167 684 5225 invisibilia
696 5166 746 5223 Dei
775 5181 824 5237 per
838 5179 872 5222 ea

69 5288 132 5345 quae
147 5265 219 5327 laeta
233 5276 296 5325 sunt
309 5266 488 5341 intelligenda
506 5282 555 5324 seu
576 5282 626 5339 per
640 5263 795 5321 naturalem
810 5278 872 5318 sen·

71 5364 266 5432 sumrationis,
282 5379 390 5435 seuper
410 5363 617 5435 donumgratiaa
639 5360 874 5430 revelantis,quot

70 5464 106 5521 de
120 5466 181 5522 lieo
194 5462 322 5520 homines
333 5461 569 5518 considerationes
579 5460 742 5529 habueruut,
759 5463 797 5513 tot
809 5456 873 5513 eum

71 5562 232 5622 nominibus
243 5567 480 5632 nuncuparemut,
491 5558 594 5616 scilicet
603 5565 752 5630 potentem,
766 5554 873 5626 sapien·

923 4533 974 4588 llla
987 4548 1086 4604 nempe
1101 4540 1197 4587 natura
1212 4532 1328 4602 simplex
1343 4546 1408 4586 vere
1423 4530 1537 4587 dicenda
1547 4535 1598 4596 cst,
1611 4530 1654 4587 cui
1664 4545 1721 4585 non

923 4622 957 4676 sit
966 4621 1070 4694 aliquid
1094 4621 1194 4676 habere
1211 4619 1284 4692 quod
1311 4619 1395 4691 possit
1409 4618 1548 4674 amittere:
1572 4618 1645 4688 quod
1661 4617 1720 4675 sive

922 4710 1089 4776 accedendo,
1105 4709 1163 4764 sive
1177 4707 1347 4775 decedendo,
1363 4706 1452 4762 videri
1467 4705 1556 4776 possit
1578 4705 1720 4774 mutabile,

924 4797 952 4852 id
970 4797 1043 4868 quod
1057 4795 1234 4862 immutabile,
1245 4795 1301 4850 sive
1312 4809 1372 4864 quse
1390 4808 1445 4848 non
1465 4792 1581 4849 aliudsit
1603 4792 1720 4862 habens,

925 4887 1054 4958 aliudque
1067 4884 1139 4957 quod
1153 4883 1246 4939 habet.
1262 4882 1299 4937 lit
1324 4881 1471 4938 secuudum
1487 4882 1537 4937 hoc
1553 4897 1660 4937 summa
1674 4881 1722 4937 illa

926 4984 1021 5032 natura
1039 4989 1104 5030 vere
1115 4971 1230 5043 simplex
1238 4977 1289 5038 est,
1299 4985 1332 5026 eo
1346 4969 1418 5042 quod
1433 4968 1572 5025 nonaliud
1594 4978 1635 5025 est
1653 4970 1681 5025 in
1692 4987 1725 5027 ea

927 5063 1042 5134 qualitas
1056 5061 1100 5119 rel
1115 5060 1260 5130 quantitas,
1275 5056 1349 5113 aliud
1364 5056 1516 5113 substantia
1532 5072 1538 5126 ;
1564 5074 1616 5114 nee
1633 5058 1724 5115 aliena

928 5149 1134 5226 participatione
1149 5148 1232 5204 estid
1247 5147 1320 5220 quod
1335 5152 1386 5214 est,
1401 5145 1458 5203 sive
1478 5154 1586 5217 potens,
1603 5147 1661 5205 sive
1675 5161 1723 5204 stt·

927 5243 1019 5316 piens,
1034 5239 1092 5296 sire
1106 5237 1200 5294 beata.

962 5355 1058 5412 Melius
1067 5368 1133 5425 ergo
1141 5351 1261 5408 essentia
1274 5349 1373 5406 dicitur
1386 5365 1469 5421 quam
1483 5349 1643 5419 substantia,
1655 5351 1725 5409 sicut

927 5457 955 5510 in
970 5449 1144 5526 sequentibus
1158 5447 1265 5521 plenius
1279 5446 1430 5519 apparebit.
1448 5446 1480 5502 lit
1495 5455 1585 5505 tamen
1598 5448 1658 5519 ipso
1673 5464 1724 5504 usu

928 5547 1069 5622 loquendi,
1084 5545 1203 5604 crebrius
1217 5544 1245 5600 iu
1259 5545 1318 5600 Deo
1332 5542 1441 5599 nornine
1465 5544 1620 5602 substantia
1633 5544 1724 5602 abuti-
