3728 6000
144 287 195 341 tta
609 279 762 339 toenitis
781 280 943 340 hortaattt
962 282 991 341 S.
1011 284 1203 345 athanasii
1225 286 1331 347 sabb.
1746 293 1798 348 180

140 407 274 466 sentiebat
317 414 387 463 stare
422 418 568 478 personam
608 412 746 461 tenentem
792 405 819 462 in
857 421 940 463 manu
959 408 1050 473 Atim
1070 426 1130 467 cum
1146 410 1254 468 audiret
1273 412 1362 470 adhuc
1377 413 1432 470 duo
1447 413 1554 483 majora
1576 413 1699 471 ecelesiae
1720 415 1804 487 signa

146 498 253 555 radium
268 497 431 562 eburneum,
447 504 474 550 et
492 495 623 551 rationein
639 496 710 551 hanc
726 494 870 552 habentem
886 513 948 553 cum
1004 499 1038 555 sd
1062 499 1179 557 otlicium
1204 506 1392 572 vespertinum
1420 502 1471 557 sub
1498 519 1530 558 se
1558 518 1641 574 porro
1663 504 1735 560 inira
1755 521 1804 575 per

149 586 386 643 circumstantibus
405 585 566 656 quibusdam
594 601 601 639 :
620 608 631 633 l
653 584 676 640 0
693 600 773 656 quam
787 585 865 643 deleo
878 586 950 642 abile
1004 590 1152 644 maximum
1166 591 1235 646 aeris
1248 593 1364 662 spatium
1384 592 1462 663 parili
1481 592 1570 648 sonitu
1590 594 1741 661 clangeret
1758 610 1803 648 re-

149 685 179 734 et
209 675 358 748 jocundum
391 673 491 729 divinis
527 673 608 728 rebus
644 674 786 730 intendere
817 676 949 744 animum,
1005 680 1310 752 cognovitquidesset,
1336 681 1505 752 advertitque
1521 682 1592 751 quod
1608 681 1739 737 altissime
1754 699 1804 754 per

152 765 282 837 quoniam
294 761 441 831 proficuum
457 764 594 832 sapientes
605 762 705 835 quique
720 763 746 816 in
760 763 849 818 talium
861 773 951 833 gesto·
1004 767 1099 822 nubila
1113 767 1223 823 tinnulus
1237 769 1282 825 ille
1297 771 1435 825 transiret.
1466 771 1534 826 Cum
1560 771 1612 827 hoc
1637 770 1798 840 intenderet,

152 871 212 910 rum
224 853 337 908 materia
348 861 460 922 possent
474 856 568 906 tenere
579 852 710 916 studium,
725 861 752 907 et
765 853 799 906 ad
810 853 951 909 utilitatem
1006 871 1059 911 nou
1088 864 1177 911 tamen
1204 858 1419 915 obliviscebatur
1441 860 1607 915 ascensionis
1634 877 1699 929 suae,
1734 860 1803 915 bea-

152 944 302 1000 anlmarum
329 956 440 995 suarum
466 940 535 995 dare
562 941 769 1012 pulchritudinis
799 942 948 1017 eloquium.
1005 952 1116 1016 tumque
1130 955 1272 1018 patronum
1284 947 1449 1019 longissimo
1464 950 1559 1003 interv.
1573 948 1609 1004 llo
1621 965 1738 1017 sequens
1749 949 1802 1004 ali-

149 1033 227 1088 Hanc
250 1031 428 1086 intentionem
452 1038 479 1084 et
493 1032 544 1085 hoc
559 1030 679 1085 studium
703 1030 752 1085 iste
771 1031 874 1086 hahere
898 1031 949 1087 de·
1006 1034 1113 1104 quando
1135 1050 1188 1090 non
1205 1036 1327 1099 videbat,
1355 1044 1455 1092 etcum
1472 1053 1502 1091 se
1523 1053 1585 1092 euin
1600 1038 1751 1108 perdidisse
1767 1038 1802 1094 ti-

151 1121 265 1184 buisset
288 1119 309 1174 si
326 1135 383 1174 suae
398 1119 498 1175 animae
512 1119 638 1185 salutem,
662 1135 827 1190 suorumque
838 1120 950 1176 fratrum
1004 1133 1102 1186 meret,
1116 1139 1202 1194 prope
1216 1132 1279 1180 ante
1295 1141 1324 1179 so
1339 1124 1476 1180 sentiebat
1491 1142 1562 1183 eum.

148 1210 290 1266 utilitatem
306 1208 382 1265 cordi
397 1209 544 1264 habuisset.
563 1231 574 1257 ι
1040 1212 1151 1268 Directo
1174 1228 1240 1286 ergo
1259 1215 1366 1269 tramite
1387 1231 1495 1270 sursum
1519 1214 1662 1271 videbatur
1675 1231 1805 1273 ascensus

184 1299 326 1357 Audiebat
350 1297 396 1355 ille
421 1299 504 1353 irater
523 1297 593 1364 haec,
623 1297 752 1371 venitque
767 1297 792 1353 ei
816 1298 843 1353 in
859 1307 950 1357 mente
1005 1315 1076 1367 esse,
1099 1303 1186 1359 donec
1202 1302 1235 1357 ad
1250 1303 1378 1359 circulum
1397 1304 1528 1376 pervenit,
1554 1320 1636 1375 supra
1651 1322 1730 1375 quem
1748 1305 1803 1362 mi·

153 1389 224 1461 quod
248 1388 346 1445 beatus
364 1387 525 1446 Laurentius
547 1395 630 1443 esset.
659 1388 753 1458 ltaque
772 1386 860 1443 stabat
876 1392 945 1445 atto·
1004 1390 1129 1447 rabiliter
1154 1392 1245 1448 hasil.
1278 1393 1428 1448 Videbatur
1449 1393 1473 1448 ei
1494 1392 1567 1448 orbis
1580 1393 1698 1448 mirabili
1713 1395 1804 1450 sonitu

150 1478 232 1541 nitus,
247 1485 409 1546 exspectans
427 1475 500 1548 quod
515 1475 633 1547 amplius
648 1476 816 1549 loqueretur.
1004 1479 1087 1546 volvi,
1097 1495 1204 1552 voxque
1219 1480 1373 1548 resonabat,
1384 1482 1478 1537 dicens
1496 1500 1502 1538 :
1521 1505 1529 1529 ·
1548 1481 1616 1551 Quis
1627 1483 1805 1553 respondebit

185 1567 252 1640 ill.
283 1568 378 1622 beatus
407 1581 473 1639 ergo
498 1574 601 1637 martyr
624 1566 730 1621 radium
758 1582 839 1638 quern
868 1582 950 1622 manu
1004 1567 1163 1624 tribulanti?
1181 1593 1192 1619 ι
1210 1569 1266 1625 Sub
1282 1569 1329 1626 illo
1348 1571 1415 1627 orbe
1428 1570 1540 1627 videbat
1553 1585 1644 1627 aerem
1661 1572 1804 1628 tenebres-

147 1656 267 1724 lenebat,
296 1657 433 1711 intentans
459 1654 627 1727 ejuscapiti.
644 1654 684 1711 sic
705 1655 744 1710 ait
767 1670 774 1711 :
797 1656 891 1726 «Quis
915 1674 948 1712 ex
1005 1672 1079 1725 cere,
1107 1665 1134 1711 et
1151 1657 1327 1713 dedeorsum
1348 1658 1423 1730 quasi
1439 1660 1569 1730 quasdam
1595 1659 1684 1716 larvas
1698 1678 1804 1717 sursum

149 1745 276 1803 omnibus
299 1745 401 1800 sanctis
427 1743 535 1815 maiora
559 1742 607 1798 tibi
636 1742 708 1799 bona
731 1745 865 1800 contulit?
893 1746 1098 1831 Suvaersus
1127 1746 1262 1802 subsilire.
1299 1747 1353 1803 Sed
1380 1764 1442 1802 cum
1469 1747 1604 1804 volventis
1625 1766 1706 1822 supra
1730 1750 1805 1807 orbis

149 1834 227 1904 cujus
240 1833 400 1890 umbraculo
412 1832 503 1905 magis
519 1831 682 1905 profecisti?
697 1832 764 1902 Quis
777 1834 865 1888 aluit?
878 1835 949 1905 Quis
1007 1847 1132 1886 somnum
1149 1832 1285 1897 audirent,
1315 1832 1383 1888 sicut
1395 1831 1488 1888 delicit
1506 1833 1604 1898 tumus,
1631 1832 1803 1903 deficiebant,

144 1923 261 1981 docutrt
291 1921 359 1991 Quis
384 1923 441 1978 Dea
457 1922 560 1978 servire
584 1928 610 1976 te
628 1921 739 1991 posuit?
770 1922 875 1990 Patere,
904 1925 948 1978 in·
1004 1920 1194 1976 etsecundum
1210 1936 1309 1977 nornen
1325 1921 1426 1976 diaboli
1442 1922 1570 1977 deorsum
1585 1921 1715 1979 fluebant.
1746 1925 1804 1980 l'ox

144 2027 238 2085 quam,
266 2010 290 2066 si
309 2026 362 2067 non
375 2011 417 2067 uis
436 2026 470 2068 ex
495 2010 623 2081 praesenti
637 2008 792 2066 infirmitate
806 2010 884 2067 finire
899 2013 944 2069 vi·
1005 2006 1065 2074 illa,
1086 2009 1131 2064 vel
1145 2024 1228 2064 sonus
1243 2009 1322 2080 quasi
1338 2009 1411 2083 ignis
1429 2018 1487 2065 erat
1502 2011 1550 2076 eis,
1567 2021 1591 2067 et
1608 2012 1684 2084 quasi
1699 2011 1803 2068 fulmen

145 2107 216 2157 tam.
235 2099 298 2156 »tn
312 2100 370 2157 haec
385 2100 432 2157 ille
443 2099 591 2154 intremuit.
610 2099 666 2155 rEt
680 2098 756 2172 quid,
772 2099 820 2166 sit,
834 2116 950 2171 respon·
1006 2096 1040 2152 de
1054 2097 1125 2153 coelo
1135 2098 1267 2154 terribile.
1295 2098 1404 2154 Videnti
1415 2106 1442 2154 et
1456 2099 1599 2155 admiranti
1617 2098 1692 2155 fratri
1705 2115 1802 2156 recor·

149 2189 216 2246 dere
231 2204 341 2260 possum
366 2189 412 2261 qui
438 2195 493 2242 tam
516 2187 604 2242 tristia
632 2187 734 2260 incipio
756 2187 859 2253 audire,
885 2189 949 2260 quid
1005 2184 1080 2240 datio
1107 2186 1177 2242 lacta
1193 2194 1232 2242 est
1255 2187 1326 2257 quod
1344 2187 1513 2243 Venerabilis
1527 2188 1597 2243 Beda
1616 2189 1691 2256 dicit,
1720 2202 1804 2258 supra

144 2278 253 2334 bonide
265 2285 365 2334 eastern
376 2284 471 2349 potero
486 2277 620 2347 sperarc‘l
635 2276 731 2331 Beatus
740 2276 867 2350 equidem
883 2279 951 2333 Lau·
1006 2274 1128 2330 lunarem
1150 2275 1281 2330 circulum
1306 2274 1460 2331 daemonum
1489 2275 1627 2346 prohiberi
1651 2292 1803 2346 arcessam,

149 2368 253 2424 rentiua
264 2375 393 2439 patronas
408 2380 485 2421 meus
499 2373 556 2427 est;
567 2364 614 2420 llle
625 2380 668 2420 me
683 2381 797 2436 puerum
812 2367 944 2438 suscepit,
1004 2378 1067 2420 cum
1089 2370 1116 2419 et
1137 2363 1209 2418 beati
1225 2363 1301 2419 Pauli
1320 2365 1437 2436 apostoli
1456 2366 1648 2422 recordaretur
1664 2364 1780 2422 dicentis
1796 2382 1803 2424 τ

148 2456 208 2528 ipsa
237 2454 349 2512 nutrivit
371 2464 398 2511 et
422 2454 524 2524 docuit,
553 2463 581 2510 at
605 2470 663 2526 prae
690 2453 818 2511 omnihus
845 2455 950 2513 sanctie
1007 2453 1097 2508 «Non
1126 2460 1169 2508 est
1195 2453 1276 2508 nobis
1302 2453 1456 2509 colluctatio
1484 2455 1618 2509 adversus
1644 2470 1752 2510 carnem
1778 2463 1807 2511 et

149 2545 252 2620 gratias
266 2544 353 2600 debeo
367 2542 416 2598 illi.
435 2566 447 2593 ι
1005 2542 1177 2612 sariguinem.
1205 2542 1254 2597 sed
1277 2542 1408 2598 adversus
1422 2543 1517 2598 muudi
1540 2552 1656 2600 rectores
1673 2543 1803 2600 tenebra·

183 2635 254 2690 Gum
280 2632 338 2688 hieu
365 2631 489 2699 dixisset,
533 2631 664 2687 subvenit
690 2630 716 2687 ei
740 2630 768 2687 in
794 2641 885 2689 mente
915 2650 950 2690 ne
1004 2631 1185 2699 cumbarum,
1211 2639 1306 2687 contra
1325 2631 1472 2701 spiritualia
1493 2632 1621 2704 nequitiae
1640 2630 1804 2690 incoelesti·

151 2722 222 2779 loits
238 2721 326 2777 illusio
341 2729 424 2788 esset,
453 2719 656 2794 quadridebst,
686 2721 949 2792 crepitquelrontem
1004 2718 1065 2782 bus,
1081 2721 1226 2792 »cogitare
1236 2722 1318 2793 caepit
1335 2737 1368 2775 ne
1380 2720 1449 2777 tone
1462 2722 1591 2779 hocesset
1602 2720 1805 2778 interliminium

152 2827 231 2868 suum
256 2811 336 2884 signo
349 2809 438 2866 crucis
458 2824 577 2864 armare.
601 2809 643 2864 Ad
659 2808 719 2865 hac
741 2810 835 2865 beatius
847 2820 951 2884 martyr
1004 2825 1104 2865 arcens
1118 2826 1132 2863 a
1148 2807 1258 2881 superis
1272 2808 1426 2865 daemonum
1442 2825 1590 2866 accessum.
1608 2810 1648 2866 Dc
1662 2811 1745 2866 verbo
1759 2825 1809 2865 su·

153 2898 315 2958 Laurentius
330 2917 337 2953 ι
355 2923 366 2946 ι
382 2900 454 2966 Non,
472 2897 566 2964 irater,
578 2897 766 2969 phantasmate
785 2899 948 2957 deluderis:
1005 2907 1058 2955 tem
1071 2897 1144 2971 quod
1161 2897 1282 2953 audierat
1304 2923 1313 2944 ·
1335 2898 1402 2969 Quis
1418 2900 1595 2971 respondebit
1613 2899 1773 2954 tribulanti?
1791 2925 1803 2948 a

150 2997 177 3046 et
192 2989 271 3044 nobis
295 2986 430 3043 familiare
444 2995 484 3042 est
508 2984 617 3059 signum
632 2988 730 3042 crucis.
760 2988 846 3061 Signo
862 2991 950 3047 erucis
1005 3003 1066 3043 cum
1088 2987 1238 3059 intelligere
1260 3002 1370 3041 sensum
1387 2987 1478 3054 vellet,
1503 2990 1584 3043 talem
1603 2988 1693 3043 subito
1713 2995 1804 3044 mente

148 3078 224 3136 Deus
238 3094 287 3148 per
298 3092 347 3133 nos
361 3076 541 3148 dignatusest
553 3076 628 3145 plura
640 3076 756 3145 operari.
769 3100 780 3124 a
795 3079 843 3133 ils
854 3078 951 3133 auditis
1007 3078 1128 3149 percepit
1147 3075 1322 3144 intellectum,
1343 3091 1394 3131 vox
1415 3076 1462 3131 illa
1482 3087 1575 3133 cantra
1590 3077 1726 3133 daemones
1747 3085 1800 3145 est,

147 3166 232 3224 irater
249 3166 295 3222 ille
311 3165 505 3221 miserantibus
519 3180 581 3219 eum
595 3164 698 3221 cunctis
712 3164 950 3223 circumstantibus
1008 3181 1135 3239 quaemus
1149 3165 1213 3237 quis
1233 3165 1289 3220 Deo
1304 3166 1431 3221 resistere
1445 3173 1546 3236 potest,
1571 3166 1614 3223 vel
1630 3165 1803 3238 respondere,

149 3256 186 3313 ad
204 3271 293 3329 genua
318 3255 379 3326 ejus
403 3264 445 3310 est
468 3262 631 3326 prostratus,
659 3253 782 3310 clamans
803 3264 830 3311 et
856 3263 953 3327 petens
1007 3254 1035 3309 id
1051 3262 1092 3309 est
1107 3264 1236 3310 rationem
1250 3270 1311 3309 cum
1322 3270 1355 3309 ea
1365 3255 1492 3325 poneret
1509 3255 1701 3311 tribulantem
1716 3263 1807 3311 autem

150 3346 210 3419 ejus
223 3345 452 3402 misericordiam.
1008 3343 1075 3398 dicit
1095 3343 1191 3409 Deum,
1214 3344 1277 3412 quia
1300 3343 1440 3398 demones
1473 3360 1561 3415 neque
1583 3344 1685 3414 justum
1719 3359 1808 3415 neque

185 3436 260 3492 Tunc
287 3433 500 3509 benignissimus
514 3433 611 3491 beatus
624 3442 726 3508 martyr
738 3435 898 3492 Laurentius
918 3436 953 3492 ad
1008 3448 1126 3504 equum,
1142 3433 1189 3487 sed
1204 3430 1274 3488 iorte
1288 3441 1314 3488 et
1328 3447 1376 3503 pro
1386 3431 1540 3488 fortitudine
1552 3447 1601 3487 sua
1616 3447 1664 3488 eos
1679 3431 1809 3488 tribulan-

148 3527 318 3582 voluntatem
332 3524 564 3581 circumstantium
587 3521 742 3590 sseausest,
772 3532 798 3578 et
814 3523 953 3595 jacentem
1009 3520 1308 3576 lemsrntiuntDeum.

149 3613 260 3683 virgula
279 3622 424 3685 tangens:
453 3612 577 3684 aspera,
602 3611 649 3676 ait,
680 3617 706 3666 et
731 3611 857 3670 diffidere
872 3615 951 3670 noli:
1042 3609 1117 3684 att.
1134 3610 1206 3665 Ecce
1229 3617 1445 3680 autemaparte
1460 3608 1585 3665 orientali
1605 3609 1686 3666 sedes
1700 3610 1806 3683 longis·

151 3716 262 3776 quoquo
287 3701 368 3756 modo
390 3700 520 3756 hactenus
543 3699 658 3767 vixeris,
682 3708 730 3754 sut
758 3701 823 3772 quid
851 3703 951 3775 egeria,
1006 3697 1077 3753 eima
1091 3698 1215 3770 apparuit
1229 3697 1253 3752 ei
1270 3698 1394 3762 intuenti,
1420 3714 1503 3769 supra
1522 3714 1603 3770 quam
1618 3713 1811 3770 personasse-

151 3789 260 3848 interim
280 3786 537 3855 omitteturdiseuti,
562 3796 589 3842 et
609 3796 649 3843 tot
669 3790 748 3843 annis
769 3790 825 3845 vita
847 3790 953 3847 incor-
1007 3787 1149 3842 debentia
1166 3787 1258 3842 hsbitu
1279 3787 1442 3843 monachali.
1471 3788 1612 3842 Sedebant
1641 3787 1754 3843 silentes
1782 3796 1810 3843 et

122 3906 132 3922 .
150 3895 219 3952 pore
229 3877 440 3951 prolongabitur
450 3876 576 3951 tibi.Ego
585 3876 758 3950 inspectaret
768 3878 847 3936 tastis
857 3881 952 3948 adero,
1007 3876 1160 3937 subtristes.
1188 3884 1215 3931 et
1237 3874 1296 3931 sine
1310 3877 1494 3945 suppedaneis
1509 3892 1602 3932 eorum
1616 3875 1809 3948 dependebant

153 3966 291 4042 quomodo
315 3966 349 4022 de
370 3966 415 4021 die
429 3966 456 4020 in
471 3965 544 4021 diem
563 3973 610 4021 tua
633 3964 789 4038 perficietur
811 3970 952 4038 correctio,
1006 3965 1100 4035 pedes.
1131 3964 1285 4021 Sami-rata
1303 3964 1368 4036 (aie)
1385 3974 1410 4020 et
1425 3963 1553 4022 demissae
1568 3981 1661 4020 eorum
1677 3975 1753 4020 erant
1768 3966 1810 4021 la-

154 4065 208 4114 tuas
222 4055 316 4112 salutis
332 4054 496 4119 sollicitudo,
525 4055 776 4129 negligentiumque
802 4067 953 4128 opportuna
1005 4054 1071 4111 cles.
1096 4054 1239 4110 Habebunt
1250 4069 1317 4109 sana
1333 4070 1383 4123 pro
1399 4054 1585 4111 consolatione
1601 4055 1721 4111 maxims
1735 4055 1809 4126 quod

155 4152 182 4205 et
204 4142 329 4201 modesta
356 4143 516 4201 admonitio.
545 4144 660 4209 Horum,
680 4144 803 4219 inquam,
832 4148 952 4204 omnium
1005 4143 1033 4199 in
1060 4142 1224 4213 purgatoriis
1249 4141 1328 4212 positi
1352 4142 1484 4199 carebant
1506 4143 1567 4198 visu
1591 4151 1617 4199 et
1637 4142 1808 4199 infestatione

155 4234 234 4291 testis
244 4233 341 4300 adero,
354 4240 380 4289 et
394 4232 418 4288 si
433 4233 530 4289 frustra
540 4232 622 4289 luerit
636 4232 687 4289 ista
702 4233 766 4290 vitre
782 4242 834 4292 tute
848 4235 952 4305 dilatio,

155 4322 284 4381 terribilis
307 4322 536 4397 negligentiarum
561 4328 590 4377 et
606 4329 781 4393 conmmptua
794 4322 832 4378 tui
846 4325 953 4380 exami-

155 4421 249 4471 nslor.
268 4434 280 4461 a

1005 4228 1173 4291 daemonum.
1201 4227 1308 4283 beatam
1333 4244 1411 4299 spem
1437 4226 1585 4283 retinentes
1609 4226 1807 4282 decalvatione

1006 4332 1063 4384 sua,
1080 4315 1222 4384 consolati,
1251 4315 1324 4388 quod
1348 4317 1388 4372 eis
1412 4315 1555 4371 sublustris
1569 4314 1701 4371 habitatio
1712 4315 1763 4372 erit
1776 4315 1805 4370 in

1007 4406 1166 4476 paenitentia
1180 4421 1242 4461 aua.

192 4500 268 4574 5111.
288 4498 338 4556 llis
353 4499 443 4557 verbis
458 4499 542 4554 irater
555 4500 581 4553 iu
602 4514 677 4568 spem
694 4499 828 4568 reduetus,
842 4491 998 4574 jamqueD
1047 4494 1164 4550 Fuerunt
1182 4509 1251 4563 quos
1270 4493 1307 4549 ibi
1329 4493 1497 4566 recognovit,
1529 4492 1630 4565 quique
1653 4506 1716 4549 aum
1733 4493 1809 4548 vide·

159 4605 332 4664 praesumens
347 4589 422 4660 loqui
445 4595 473 4643 et
493 4588 583 4643 levare
597 4594 680 4657 caput
695 4604 731 4642 :-
753 4589 835 4657 Ecca
860 4591 956 4660 inquit,

160 4679 271 4737 domine
283 4678 329 4746 mi,
353 4688 451 4749 quauta
463 4674 618 4731 infirmitate
632 4676 782 4747 deprimor,
806 4681 835 4733 et
846 4687 873 4733 ut
888 4678 958 4734 dini·

161 4775 203 4825 tur
216 4767 293 4832 mihi,
323 4765 474 4820 ardentium
488 4764 608 4821 febrium
630 4764 726 4821 dolore
743 4765 902 4822 insanabili!
924 4797 958 4810 -

160 4854 231 4927 Quid
246 4856 280 4911 de
297 4856 426 4927 praesenti
438 4854 535 4920 salute,
552 4854 811 4910 heatusbaurentiua
827 4864 956 4925 patronus

159 4945 206 5010 sit,
218 4944 353 5002 dubitaa‘l
368 4943 410 5000 Es
423 4943 477 5001 boc
491 4958 563 5000 auno
576 4941 749 5000 incommodo
763 4944 874 5002 minime
893 4963 955 5004 mo·

160 5048 247 5092 new,
266 5055 277 5082 tt

194 5128 373 5202 Respondeas
385 5137 475 5186 autem
490 5129 574 5186 irater
586 5128 744 5202 suppliciter
758 5131 827 5188 dixit
842 5152 848 5189 :
867 5154 878 5182 a
899 5133 951 5191 Be-

156 5229 341 5289 aedlntionem
359 5227 395 5283 da
419 5243 565 5301 superma,
595 5227 762 5295 beatissime,
792 5240 853 5304 post
867 5248 948 5305 quam

155 5336 314 5401 conpotem
329 5324 453 5383 dubitare
475 5326 651 5385 desitum.»
682 5326 771 5403 Quam
790 5337 951 5386 consecutus

154 5424 281 5495 surrexit,
307 5424 418 5499 iamque
432 5423 573 5483 confidens
587 5424 621 5485 de
635 5424 723 5502 gratia
738 5427 847 5500 patroni
860 5427 901 5485 sui
916 5430 950 5485 ad

153 5529 250 5589 naham
263 5523 324 5593 eius
338 5530 442 5582 tantum
455 5524 612 5597 preducem
627 5524 654 5583 ia
667 5524 751 5585 altum
765 5525 844 5597 sequi
857 5526 950 5599 caepit,

153 5620 952 5699 &numunianum-iassescentem-

1012 4590 1084 4651 runt,
1096 4582 1145 4638 sed
1159 4598 1209 4638 nec
1222 4583 1288 4638 sede
1299 4583 1414 4650 moveri,
1426 4599 1476 4638 nec
1490 4582 1514 4637 ei
1528 4582 1647 4654 colloqui
1663 4597 1815 4653 praesump-

1013 4679 1117 4727 serunt.
1142 4672 1215 4727 Vidit
1230 4680 1256 4728 et
1271 4681 1375 4744 patrem
1391 4687 1448 4727 suae
1463 4672 1553 4727 carnis
1569 4681 1643 4727 retro
1658 4671 1812 4742 projectum

1012 4760 1115 4816 absolvi
1130 4762 1234 4816 catenis
1250 4761 1347 4832 quibus
1358 4760 1457 4834 ligatus
1472 4761 1562 4816 luerat
1580 4760 1608 4814 in
1622 4759 1809 4817 carceralibus

1011 4851 1109 4920 poeuis.
1122 4850 1161 4904 lbi
1177 4849 1221 4904 diu
1237 4849 1317 4904 frater
1331 4849 1458 4916 substitit,
1475 4858 1502 4905 et
1516 4849 1551 4905 de
1561 4849 1716 4916 animabus,
1736 4848 1812 4921 quod

1010 4939 1158 5004 nesciebat,
1170 4938 1314 4993 intellexit.

1048 5035 1114 5091 Duae
1137 5041 1200 5090 sunt
1221 5034 1420 5107 egredientium
1436 5035 1587 5091 animarum
1610 5033 1811 5091 distributiones

1012 5134 1166 5192 secundum
1181 5132 1342 5188 meritorum
1357 5131 1536 5197 diversitates,
1567 5133 1727 5204 quibuscum
1743 5146 1808 5187 om·

1010 5232 1092 5290 nibus
1108 5231 1181 5286 salus
1195 5229 1362 5302 quandoque
1379 5229 1467 5285 lutura
1479 5240 1536 5298 est;
1552 5228 1623 5286 sicut
1637 5227 1810 5302 egredientes

1009 5330 1117 5395 animae,
1142 5341 1206 5400 quae
1229 5326 1317 5380 statim
1337 5325 1388 5380 sub
1402 5324 1554 5381 demonum
1577 5325 1739 5399 rediguntur
1753 5340 1807 5397 po-

1010 5434 1144 5492 testatem,
1170 5424 1268 5498 quibus
1292 5421 1320 5478 in
1342 5422 1398 5478 suis
1423 5422 1564 5479 tormentis
1588 5430 1616 5479 et
1637 5421 1806 5479 cruciatibus

1008 5524 1147 5593 insultant,
1180 5521 1268 5578 minas
1279 5519 1534 5594 damnationemque
1549 5519 1746 5593 sempiternam
1759 5519 1806 5577 in·

1007 5612 1807 5696 mnumhamrapoeaitaatiaaaimsraugrartaima
