3728 6000
97 240 148 297 aaa
603 245 789 302 etrtttatttt
809 244 841 301 S.
864 244 1079 300 Tttnoaetttttr
1099 240 1243 299 nattarts
1688 243 1741 298 603

95 379 155 420 nem
173 368 367 433 membrorum,
385 369 558 438 postmodnm
580 385 644 424 rere
664 385 742 424 novar
764 368 824 422 vitae
848 382 894 422 re·
907 369 937 430 Α
949 374 1076 438 tyrannus
1095 374 1145 422 est.
1163 368 1238 422 Mens
1251 368 1393 422 coltaerens
1406 367 1464 421 Deo
1477 381 1531 421 nott
1545 365 1666 432 deliciat,
1688 382 1743 421 uon

95 455 292 510 surrectionem
310 475 316 510 :
334 458 374 511 vd
391 459 543 513 renuntiare
553 458 663 521 seculo,
682 456 837 511 rentrntiare
854 456 893 508 vi·
946 471 975 510 se
987 456 1111 512 dimittat.
1128 457 1253 526 Magnum
1266 454 1429 523 adjutorium
1442 455 1533 519 babet,
1550 454 1649 519 vincet,
1675 455 1698 509 si
1714 456 1740 509 iu

96 541 151 606 tiis,
168 543 266 598 deimlc
281 546 306 598 in
323 545 381 600 luce
396 546 752 617 sapientiaeperlectionem.
947 544 1093 614 pugnando
1109 548 1276 614 perseveret.
1288 542 1366 612 Saepe
1383 543 1502 598 cohibita
1524 543 1744 615 concupiscentia

136 631 257 700 t'nuse,
276 635 520 690 10.—‹«Seieutes
531 633 602 705 qnod
615 633 736 688 Cltristns
748 647 894 703 resurgens
946 629 1460 700 deficiet,erronesseineiptot.·tn
1488 646 1612 702 corpore,
1642 634 1742 705 inquit,

96 733 129 771 ex
144 720 256 773 mortuis
268 721 325 788 jam
342 738 396 775 nou
413 723 542 785 moritur;
560 737 634 775 mors
649 721 688 775 illi
699 721 769 775 ultra
781 736 835 775 non
846 721 894 774 do
947 720 1063 775 mortali.
1082 742 1093 767 ι
1111 720 1170 774 Νοιι
1186 719 1245 774 sine
1259 734 1342 775 carisa
1365 719 1468 773 addidit
1493 720 1610 786 mortali,
1633 721 1744 777 sedvel

96 806 251 862 minabitur.
268 809 346 876 Quod
359 811 433 864 enim
450 818 572 864 mortuus
587 818 626 864 est
642 817 893 880 peccat0,mortaus
947 817 974 862 ut
990 817 1118 879 suggerat
1132 824 1233 879 corpus
1247 824 1307 862 osse
1322 808 1442 871 mortale,
1461 808 1486 862 id
1503 815 1544 864 est
1559 809 1650 865 babile
1666 826 1742 867 mor-

96 902 135 949 est
145 896 230 950 semel
244 916 248 950 :
262 898 332 968 quod
343 907 429 953 autem
440 899 513 965 vivit,
524 899 663 953 vivitllco.
676 924 686 946 u
696 898 747 966 Qui
758 896 893 969 prenobis
946 897 1098 962 tistcatioui,
1115 897 1156 951 rel
1173 896 1295 964 mortale,
1311 905 1337 950 ut
1353 897 1506 952 meminerit
1521 897 1594 969 qnod
1611 898 1743 969 scriptum

95 999 236 1039 aaeumem
264 987 467 1042 similitudinem
496 988 584 1042 caruis
609 988 720 1058 peccati,
750 993 892 1057 peccatum
947 994 1040 1041 estzu
1060 986 1089 1039 lu
1104 986 1228 1040 cornibus
1243 1000 1396 1041 memorare
1407 985 1617 1053 norissimatua,
1632 996 1658 1042 et
1674 1005 1744 1042 nun·

95 1070 183 1127 lactus
197 1081 246 1140 est,
264 1084 376 1144 peccato
391 1085 418 1130 et
438 1076 493 1147 legi
520 1076 610 1130 caruis
638 1075 710 1145 quod
735 1091 812 1130 suum
836 1079 894 1129 erat
948 1090 1028 1145 quam
1042 1074 1167 1145 peccabis
1183 1075 1279 1145 (dccli.
1297 1074 1353 1135 nil.
1367 1098 1377 1123 ι
1397 1075 1482 1145 Regni
1498 1091 1563 1130 vero
1576 1078 1681 1145 peccati
1696 1093 1743 1132 se-

94 1159 243 1227 reddendo,
267 1164 349 1217 semel
379 1172 501 1218 mortuus
528 1172 578 1229 est,
604 1165 676 1234 quod
699 1170 787 1218 autem
817 1162 894 1229 vivit,
947 1163 995 1218 des
1010 1171 1049 1218 est
1062 1163 1315 1234 corpus;lerregui
1326 1163 1557 1218 lcxmembrornm
1568 1164 1743 1233 ejns3exer-

94 1247 144 1303 Dei
159 1257 207 1313 est,
224 1250 285 1318 quia
300 1252 545 1322 incorruptibilitati
558 1252 606 1306 Dei
622 1252 763 1307 conlcrme
779 1257 830 1305 est.
946 1251 1025 1316 citus,
1040 1267 1120 1321 snpra
1135 1252 1261 1321 scriptus,
1278 1261 1408 1321 potestas,
1422 1253 1661 1322 concupiscentia;
1676 1271 1743 1326 reg-

132 1337 216 1393 Vaas.
230 1342 272 1392 tt.
289 1369 323 1380 -
340 1362 351 1387 r
370 1342 409 1394 lta
424 1349 450 1395 et
464 1358 514 1396 vos
537 1341 696 1395 existimate
710 1356 757 1394 ros
785 1339 894 1410 quidem
948 1357 1022 1406 uum,
1043 1341 1240 1394 desideriorum
1255 1340 1427 1394 obedientia:
1443 1339 1641 1396 firmamentum
1652 1345 1743 1416 regni,

97 1432 218 1480 mortuos
232 1443 292 1481 csse
309 1436 438 1496 peceato:
462 1429 588 1482 virentes
610 1438 700 1482 autem
722 1429 788 1482 Deo.
812 1427 894 1481 Gne-
949 1429 1020 1501 qnod
1032 1429 1168 1500 sequitur:
1184 1452 1195 1478 ι
1208 1429 1261 1484 Sed
1271 1446 1359 1498 neque
1367 1430 1517 1486 exhibeatis
1541 1432 1663 1487 membra
1679 1450 1744 1489 ves-

95 1513 386 1595 cushabetlcqe'lecbe,
397 1516 469 1571 idest
481 1516 763 1581 nonoristirnate,sed
777 1515 895 1586 cogitate
948 1527 986 1572 tra
1003 1534 1078 1571 arma
1093 1518 1239 1587 iniquitatis
1255 1526 1375 1588 peccato.
1392 1517 1495 1586 »Quod
1516 1519 1608 1574 lacere
1624 1522 1675 1576 boc
1702 1527 1745 1577 est

95 1611 168 1681 quod
183 1615 273 1667 sensui
289 1615 386 1669 ettidoi
401 1614 551 1669 certitudini
567 1614 654 1684 magis
672 1629 828 1685 congruere
849 1612 894 1667 vi·
950 1622 998 1676 pre
1018 1622 1103 1677 regno
1129 1607 1235 1677 peccati
1261 1622 1392 1677 pugnare.
1420 1608 1454 1661 ttt
1477 1607 1676 1679 iniquissimum
1693 1619 1744 1679 est,

95 1697 188 1754 detur.
207 1696 1072 1777 somperquippecogitareetrrraeueutistunere13metulae
1101 1710 1117 1749 a
1144 1696 1202 1750 Deo
1227 1703 1318 1750 crealtt
1338 1704 1364 1749 el
1392 1696 1642 1753 dlealasseotrma
1670 1699 1747 1753 etthi·

95 1785 239 1856 debemus,
256 1791 321 1859 quid
337 1792 363 1844 in
376 1791 508 1858 baptismo
521 1791 675 1860 juravimus
693 1797 717 1844 et
739 1791 890 1853 statuimus,
948 1783 1011 1837 bere
1027 1791 1146 1852 peraeto.

95 1884 209 1930 mortem
227 1879 329 1934 scilicet
344 1887 466 1949 peccato,
481 1878 561 1932 ritum
584 1887 672 1933 autem
691 1878 757 1933 Deo.
783 1879 852 1932 Nam
867 1884 894 1931 et
985 1872 1070 1925 Vens.
1090 1871 1136 1926 13.
1153 1902 1189 1911 -
1207 1895 1217 1920 ι
1235 1872 1287 1927 Sed
1303 1871 1429 1927 extribete
1444 1888 1494 1928 vos
1521 1874 1590 1938 Deo,
1616 1881 1747 1947 tauquam

96 1964 168 2033 qnod
184 1965 308 2020 addidit:
327 1987 338 2017 r
356 1968 386 2021 ln
405 1966 510 2021 Cbristo
538 1967 601 2021 lesu
627 1968 891 2031 ttuuumuostrq·
949 1976 982 2014 cx
997 1960 1109 2014 mortuis
1125 1961 1256 2028 virentes,
1273 1968 1299 2014 et
1314 1961 1436 2015 membra
1452 1968 1540 2016 vestra
1553 1977 1630 2017 arma
1658 1964 1748 2035 justi-

97 2050 226 2107 reddendi
243 2055 295 2108 voti
311 2055 474 2110 mndusest.
493 2056 580 2110 Unum
601 2056 674 2109 enim
693 2063 742 2120 est,
760 2055 826 2109 acsi
853 2053 895 2108 di·
949 2049 992 2103 tioe
1007 2051 1073 2103 Deo.
1096 2070 1106 2093 ι
1125 2050 1234 2102 Intuere
1263 2065 1312 2117 per
1340 2048 1448 2120 singula
1475 2051 1632 2120 sapientiam
1658 2055 1746 2109 Pauli.

93 2146 138 2194 cat
154 2158 161 2193 ε
177 2142 305 2198 Viventes
323 2145 378 2198 Deo
393 2144 420 2197 iu
431 2144 575 2213 supientia,
593 2144 618 2196 in
636 2159 713 2212 pace,
731 2145 758 2196 iu
778 2141 892 2212 irretitis,
950 2137 1000 2191 Ubi
1016 2137 1166 2190 dicitarma
1181 2152 1233 2189 nnn
1250 2153 1309 2192 esse
1324 2137 1470 2207 praebenda
1486 2148 1597 2208 peccato
1626 2140 1669 2196 vel
1692 2142 1746 2196 ini-

95 2227 341 2286 insanctiticaticnc
352 2250 358 2289 ;
371 2233 527 2301 qrnuomnia
538 2231 719 2286 Clrristuscst.
732 2235 761 2286 lu
772 2232 815 2284 his
826 2246 894 2302 ergo
950 2225 1042 2294 qttileli
1058 2240 1111 2278 non
1127 2241 1186 2289 tros,
1204 2225 1251 2277 setl
1265 2230 1386 2280 metubta
1398 2234 1491 2281 nostra
1506 2229 1595 2296 ponit.
1615 2229 1663 2285 llbi
1681 2247 1745 2287 vero

96 2316 198 2385 rivere,
216 2320 587 2375 hocestrirereiutlhristu
616 2321 678 2375 lesu
700 2319 894 2375 Dominuuos-
949 2313 1232 2380 stradct,ntnos1)eo
1258 2314 1445 2379 exhibeamus,
1458 2331 1512 2370 non
1540 2324 1595 2371 tani
1623 2321 1746 2374 membra

99 2412 150 2460 ιω,
948 2410 1042 2457 nostra
1058 2417 1139 2472 quam
1156 2402 1293 2471 nosipsos
1318 2403 1439 2458 exbiberi
1464 2405 1520 2460 vult
1534 2407 1602 2474 Duo,
1627 2407 1679 2463 lroc
1706 2417 1747 2464 est

132 2494 218 2549 Vens.
236 2496 278 2550 12,
303 2526 338 2537 -
355 2498 438 2552 «Non
451 2513 517 2567 ergo
533 2507 629 2568 regnet
639 2504 779 2567 peecatum
795 2496 820 2549 in
837 2512 895 2551 rne-
949 2491 1066 2545 animam
1084 2489 1123 2544 rel
1140 2492 1308 2559 propositum
1320 2492 1425 2546 cordis:
1439 2500 1535 2547 utcnm
1547 2497 1665 2564 primum
1676 2512 1745 2552 nos-

96 2587 139 2636 tro
160 2584 269 2638 mortali
297 2601 419 2656 corpore.
439 2609 449 2633 ι
477 2587 506 2640 Si
530 2586 602 2640 enim
618 2594 713 2657 regnat
740 2593 893 2655 peccatum,
949 2579 1080 2649 metipsos
1096 2579 1312 2644 exhibuerimus,
1329 2587 1354 2633 et
1370 2579 1468 2634 erimus
1489 2580 1661 2639 adhaerentes
1676 2586 1744 2651 neo,

96 2681 212 2727 rerem,
230 2674 327 2743 Utique
348 2691 392 2727 eux
421 2677 462 2728 est
490 2682 641 2743 peccatum,
659 2683 684 2728 ρῑ
712 2690 790 2728 suum
815 2674 896 2728 habet
949 2666 1227 2721 tuncdemumetiam
1242 2667 1363 2722 membra
1391 2677 1481 2723 nostra
1508 2669 1746 2728 efficiamusarma

96 2761 241 2816 exereitum
257 2762 309 2816 sihi
325 2762 494 2827 militantum,
509 2771 535 2816 ut
550 2773 688 2833 parentem
704 2762 760 2816 suis
775 2762 894 2832 legibus,
945 2755 1067 2824 justitiae.
1089 2755 1190 2810 Rursus
1215 2754 1237 2807 si
1256 2756 1359 2824 pru-,eati
1385 2758 1626 2828 concupiscentiam
1654 2763 1747 2817 morti·

95 2864 157 2920 quae
185 2851 260 2904 carui
286 2851 423 2921 inscriptae
441 2857 503 2904 sunt
527 2851 701 2905 etmembris
722 2850 894 2920 corporis,in
949 2843 1345 2912 licemusit1001'p0tenoslt0
1369 2847 1652 2910 mortali.efficiemur
1682 2859 1745 2906 tan-

96 2937 204 3007 qnojus
222 2938 298 3009 regni
311 2939 435 2994 obtinuit.
447 2938 593 2993 Exercitus
608 2937 750 3009 euimejus
765 2941 818 3002 est,
834 2954 896 3009 quae
951 2947 1029 3003 quate
1041 2947 1072 2987 et
1089 2932 1202 2986 moritis
1226 2932 1358 2998 viventes,
1385 2936 1481 2989 mortui
1506 2947 1627 3006 peccato,
1651 2947 1679 2994 et
1703 2941 1747 2994 ri-

96 3026 241 3095 Apostolus
256 3042 338 3096 opera
360 3027 447 3082 carnis
474 3035 681 3093 commemorat,
712 3026 893 3089 «intricatio,
948 3022 1309 3085 renteslleo3etmembra
1329 3032 1419 3077 nostra
1446 3040 1521 3079 arma
1546 3027 1658 3093 justitiae
1673 3029 1746 3082 mili·

96 3111 277 3177 immunditia.
296 3118 463 3175 nectent.
481 3120 519 3183 r).
540 3115 895 3184 Quaequiarlcregnopeu-
951 3108 1033 3163 lautia
1059 3111 1094 3174 ei,
1114 3113 1157 3166 cui
1189 3129 1221 3167 ea
1241 3111 1378 3166 desentire
1397 3112 1579 3180 justissimum
1608 3118 1746 3172 est.Bene

96 3201 149 3258 cali
164 3211 234 3267 sunt,
251 3203 295 3272 qui
312 3220 342 3258 ea
358 3213 514 3275 operantur,
529 3226 540 3253 ι
558 3220 671 3276 regnum
691 3204 738 3257 Dei
755 3219 806 3255 uon
823 3219 895 3256 cou-

95 3299 242 3362 sequentur
254 3293 355 3359 (laidi.
372 3316 383 3341 ι
404 3295 474 3347 Nam
497 3302 524 3347 et
538 3294 656 3347 lraereses
670 3293 697 3345 iu
714 3294 834 3348 enercin
849 3291 896 3347 itio

97 3388 319 3447 annumerantur,
349 3382 383 3435 dc
411 3383 505 3436 inllato
531 3397 614 3436 seusu
642 3381 893 3435 carnisreuientes.

96 3467 219 3539 Regnum
245 3478 334 3523 autera
362 3469 414 3524 hoc
441 3469 585 3538 prudentia
614 3470 704 3525 caruis
732 3477 780 3535 est,
813 3483 895 3539 quant

96 3553 168 3609 idem
184 3557 329 3626 Apostolus
337 3565 450 3611 mortem
462 3558 615 3627 pronuntiat
626 3566 652 3612 et
663 3557 803 3612 inimicam
820 3558 890 3610 Deo.

96 3641 209 3712 Semper
224 3653 312 3698 autem
329 3645 463 3714 pessimus
478 3645 521 3699 lrie
542 3647 673 3700 exercitus
701 3646 727 3698 in
756 3645 895 3715 procinctu

96 3731 147 3795 est,
162 3739 249 3783 castra
264 3731 390 3785 virtutum
405 3733 582 3802 impugnans,
601 3733 721 3804 quaudiu
747 3748 809 3788 caro
824 3748 895 3788 con·

96 3815 208 3885 cupiscit
232 3818 365 3872 adversus
388 3820 521 3889 spiritum.
556 3821 615 3874 Nisi
646 3836 709 3874 vero
737 3828 895 3890 potestatem

49 3932 53 3940 «
97 3904 475 3976 peccatiincorpnrcucstro
492 3922 630 3972 necesse,
660 3909 798 3976 potestatis
827 3923 895 3961 nos·

96 3996 146 4045 lrar
160 4001 242 4055 esset,
260 4001 423 4063 praeceptum
440 3995 772 4063 Apostolusnoudedisset
784 3995 894 4049 diceus:

100 4102 111 4127 r
128 4080 188 4133 Non
204 4090 299 4151 regnet
313 4087 454 4149 peccatum
470 4081 603 4138 investio
623 4084 726 4136 mortali
743 4098 866 4150 corpore.
882 4106 892 4130 r

99 4167 152 4222 Sed
168 4169 213 4240 qui
226 4178 388 4239 praeceptum
404 4170 487 4233 dedit,
504 4186 558 4224 non
572 4171 632 4225 sine
655 4171 770 4224 consilio
786 4187 836 4224 nos
852 4187 896 4225 re-

98 4255 185 4327 liquit,
205 4256 303 4311 dicens
325 4257 413 4312 alibi:
436 4282 446 4304 ι
465 4259 622 4313 llortilieate
644 4260 768 4313 membra
796 4267 894 4323 vestra,

97 4360 157 4415 quae
165 4354 227 4400 sunt
236 4354 425 4414 superterram
435 4346 535 4415 (Color.
544 4352 600 4416 ιιι);
611 4371 622 4392 ι
634 4356 673 4401 et:
684 4369 694 4396 ι
705 4348 895 4416 sempermor-

950 3207 1040 3252 autom
1061 3203 1246 3270 metaphoram
1267 3203 1391 3271 superius
1413 3203 1583 3272 propositam
1605 3206 1749 3274 exequitur

950 3294 978 3339 ut
992 3289 1017 3340 in
1034 3304 1119 3358 regno
1134 3290 1234 3358 peccati
1248 3290 1371 3344 membra
1386 3299 1476 3344 nostra
1505 3307 1580 3345 arma
1596 3294 1748 3348 nominaret

950 3374 1109 3444 iniquitatis,
1126 3394 1287 3448 rursumque
1316 3393 1391 3433 anna
1409 3379 1520 3448 justitiae
1541 3389 1694 3437 nominaret
1719 3383 1748 3438 ln

950 3478 1034 3533 reguo
1055 3465 1113 3518 Dei.
1132 3466 1282 3536 Sequitur:

987 3553 1071 3607 leae.
1091 3554 1133 3606 ll.
1149 3583 1184 3594 -
1201 3575 1212 3603 r
1232 3556 1369 3608 Peccatum
1384 3555 1456 3609 euim
1475 3557 1553 3611 robis
1576 3574 1631 3613 non
1655 3560 1747 3615 domi·

950 3642 1063 3695 cabitur.
1083 3661 1093 3694 ι
1115 3642 1202 3695 Etiam
1219 3643 1264 3697 lric
1279 3644 1382 3697 intuere
1397 3644 1493 3698 miram
1514 3647 1633 3715 Apostoli
1649 3659 1746 3704 cante-

951 3728 1016 3784 lam.
1034 3732 1098 3783 Cum
1109 3730 1142 3783 de
1158 3731 1236 3784 nobis
1246 3729 1320 3796 dicit,
1337 3752 1348 3780 ι
1380 3741 1530 3801 peceatum,
1554 3735 1651 3805 iuquit,
1668 3737 1748 3792 vobis

949 3834 1005 3872 non
1017 3818 1207 3885 dominabitur,
1225 3834 1286 3873 cum
1302 3819 1336 3873 de
1357 3820 1501 3875 Salvatore
1524 3822 1653 3892 loquitur,
1670 3825 1748 3894 dicit,

950 3922 1023 3960 mors
1038 3907 1062 3961 ei
1078 3923 1130 3961 ιιοιι
1143 3907 1331 3961 dominabitur.
1352 3909 1468 3962 »Mortis
1482 3911 1553 3964 enim
1577 3912 1603 3965 iu
1633 3929 1666 3968 eo
1695 3915 1749 3969 tuit

950 3995 1035 4058 locus,
1052 3996 1154 4065 peccati
1170 3997 1270 4050 nullus.
1298 3996 1384 4050 Nobis
1400 4013 1465 4050 vero
1485 3999 1537 4053 dici
1568 4016 1620 4054 non
1643 4001 1745 4069 debuit,

950 4100 1023 4138 mors
1039 4084 1116 4137 vobis
1131 4100 1184 4136 non
1199 4085 1391 4150 dominabitur,
1407 4101 1488 4155 quam
1505 4102 1600 4143 cavere
1616 4106 1668 4144 uon
1680 4107 1749 4160 pos·

950 4189 1053 4238 sumus,
1069 4173 1116 4226 sod
1134 4181 1274 4241 peccatum
1286 4174 1362 4226 robis
1390 4190 1444 4227 nnn
1468 4175 1661 4241 dominabitur,
1673 4179 1747 4248 quod

949 4260 1006 4314 sine
1019 4261 1102 4314 dubio
1118 4262 1202 4314 vitare
1226 4277 1375 4330 possumus,
1394 4285 1403 4308 ι
1419 4264 1479 4317 Νοιι
1504 4266 1575 4318 enim
1607 4270 1671 4320 estis
1696 4268 1746 4321 sub

950 4349 1023 4419 lege,
1039 4349 1086 4402 sed
1102 4349 1152 4402 sub
1168 4350 1287 4420 gratia.»
1309 4350 1363 4404 Lex
1374 4350 1437 4404 data
1451 4359 1500 4418 est,
1527 4361 1554 4405 ut
1570 4355 1658 4422 gratia
1675 4371 1750 4424 quae·

100 4431 277 4490 tilicationcm
292 4435 354 4487 lesu
379 4434 405 4487 in
430 4450 543 4506 corpore
565 4443 658 4489 nostro
672 4435 894 4490 circumferentes
909 4416 934 4474 D
950 4446 1062 4491 reretur.
1078 4437 1171 4490 Gratia
1185 4437 1244 4491 data
1258 4445 1307 4501 est,
1333 4447 1361 4492 ut
1390 4439 1432 4492 lex
1461 4440 1630 4509 impleretur.
1651 4444 1747 4514 Neque

99 4522 137 4592 (ll
148 4524 208 4579 Cor.
226 4523 274 4592 tvl.
290 4523 374 4577 ntldit
385 4524 457 4577 enim
469 4524 714 4595 peceatum,crucis
731 4525 827 4578 Cluisti
840 4539 894 4578 me-

98 4612 222 4678 moriam,
238 4619 264 4665 et
280 4611 438 4666 imitationis
453 4613 510 4680 ejus
523 4611 647 4666 affectum
664 4611 772 4683 refugit.
791 4612 894 4667 l'erillo

96 4701 187 4755 crucis
201 4708 360 4769 apparente,
378 4709 446 4754 totus
460 4700 505 4754 illo
519 4700 629 4754 malitie
648 4699 797 4770 spiritualis
812 4717 894 4754 exer·

98 4787 166 4842 citus
176 4788 303 4842 continuo
317 4788 455 4858 disparet3
472 4800 617 4857 peccatum
627 4805 679 4842 nou
693 4787 826 4842 subsistit.
838 4789 896 4841 Nec

98 4875 266 4944 impossibile
283 4884 324 4930 est
340 4877 556 4947 quodpraecepit
576 4877 731 4946 Apostolus.
747 4878 809 4930 Non
823 4875 893 4930 euim

98 4964 145 5029 ait,
162 4979 215 5017 non
231 4964 279 5027 sit,
294 4964 353 5027 sed,
366 4981 418 5018 non
435 4974 527 5035 regnet
543 4966 569 5017 iu
585 4981 700 5034 corpore
723 4974 809 5019 restro
830 4981 894 5033 pec-

96 5061 201 5107 catum.
216 5053 290 5105 inest
312 5060 453 5121 peecatum
470 5056 533 5106 dum
557 5053 708 5113 delectaris,
727 5062 821 5117 rreum
834 5067 895 5106 cnm

97 5149 242 5204 consentis.
257 5149 318 5203 Non
334 5149 461 5203 delectari
480 5148 634 5218 aliquando,
659 5149 770 5203 ouuriuu
790 5149 894 5216 impos-

96 5245 176 5299 sibile
193 5253 244 5299 est.
262 5246 407 5314 Nunquam
424 5262 486 5301 vero
502 5246 664 5306 consentire,
677 5246 897 5313 rrtljurantegra-

96 5341 132 5393 tia
146 5340 316 5410 impossibile
332 5357 388 5395 uon
403 5350 453 5396 est.
467 5343 507 5396 Ex
518 5342 633 5412 quadam
643 5343 895 5411 partelnaresDeO.

96 5451 129 5491 ex
146 5436 261 5506 quadum
277 5439 386 5492 saeculo.
406 5440 470 5492 Pars
486 5448 542 5502 tna,
557 5454 620 5492 caro
640 5447 686 5492 tua
701 5439 895 5508 coucupiscen-

98 5532 145 5588 tia}
159 5547 215 5588 suae
231 5532 363 5605 languore
377 5536 491 5591 rebellat
501 5535 646 5592 atlrcrsum
655 5545 690 5592 te.
706 5537 833 5605 Languor
847 5535 897 5591 iste

948 4526 1018 4580 euim
1031 4540 1080 4579 suo
1095 4525 1159 4579 sitio
1175 4541 1227 4579 nou
1243 4525 1414 4594 implebatur,
1431 4529 1477 4581 scd
1502 4529 1566 4583 vitio
1594 4531 1747 4598 prudentiae

947 4614 1050 4668 carnis.
1071 4612 1148 4680 Quod
1162 4615 1253 4668 vitium
1270 4615 1420 4687 perlegam
1436 4617 1689 4685 demonstrandum,
1700 4635 1749 4688 per

948 4702 1063 4773 gratiam
1079 4703 1229 4756 sanandum
1249 4703 1311 4758 luit.
1327 4704 1382 4757 Sub
1398 4704 1458 4776 lege
1486 4706 1590 4774 positiS,
1621 4723 1676 4761 ιιοιι
1698 4720 1748 4761 suo

948 4791 1044 4861 gretia,
1060 4790 1250 4844 dominabatur
1263 4799 1419 4858 quercetum
1444 4809 1458 4845 a
1479 4809 1532 4864 quo
1553 4811 1606 4849 nou
1622 4794 1649 4848 tu
1666 4797 1747 4850 bomo

950 4878 1019 4933 liber
1032 4895 1082 4948 per
1097 4878 1196 4949 legem,
1208 4881 1256 4933 sed
1268 4897 1317 4950 per
1331 4881 1454 4951 gratiam.
1474 4883 1532 4935 Nou
1549 4884 1611 4953 quin
1627 4884 1669 4937 lex
1686 4900 1748 4938 ma·

949 4966 973 5019 la
990 4975 1027 5020 est
1040 4985 1046 5025 ς
1059 4967 1108 5021 sed
1124 4969 1187 5037 quia
1202 4984 1249 5021 eos
1265 4969 1309 5037 qiu
1324 4969 1441 5039 snbipsn
1456 4977 1527 5029 suut,
1544 4986 1604 5024 reos
1615 4973 1748 5039 lucit,jn-

950 5050 1049 5119 baudo,
1079 5068 1133 5105 nou
1159 5053 1324 5121 arljuraudo.
1358 5056 1450 5108 linitio
1466 5056 1565 5124 quippe
1581 5056 1704 5122 adjttrat,
1721 5066 1750 5111 ut

950 5149 985 5202 sit
999 5149 1113 5218 quisque
1124 5150 1195 5221 legis
1210 5152 1304 5217 lactor,
1320 5153 1380 5205 sine
1392 5168 1444 5222 qua
1454 5153 1502 5207 sub
1518 5153 1580 5226 lege
1595 5155 1655 5225 quis
1675 5155 1751 5225 posi·

951 5251 1002 5308 tus,
1019 5244 1087 5314 legis
1101 5252 1204 5298 tantum
1224 5245 1271 5298 erit
1289 5247 1408 5301 auditor.

988 5343 1073 5395 l'uas.
1104 5342 1146 5394 ta.
1163 5371 1197 5381 -
1212 5343 1281 5409 Quid
1297 5360 1365 5412 ergo
1380 5347 1393 5396 t
1410 5346 1594 5409 l'cccubirnus,
1612 5346 1749 5417 quianon

950 5454 1044 5491 snmus
1058 5438 1108 5491 sub
1123 5439 1194 5510 lege,
1208 5441 1254 5495 sed
1271 5442 1325 5494 sub
1339 5443 1467 5510 gratia-t»
1481 5443 1554 5498 ldem
1567 5444 1673 5499 vitietur
1688 5461 1750 5499 esse

951 5552 1058 5604 sensus,
1070 5535 1115 5606 qui
1128 5552 1210 5608 snpra
1224 5539 1367 5610 expositus
1382 5547 1432 5605 est,
1445 5539 1489 5595 ubi
1512 5540 1579 5597 dicit
1608 5558 1614 5595 :
1647 5564 1658 5588 ι
1677 5539 1749 5610 Quid
