3728 6000
98 248 151 306 861

500 251 564 308 tta.
582 252 629 308 DE
648 249 903 309 utsutttcottota
924 251 969 309 ET
985 250 1149 312 tussitat.
1163 281 1201 292 -
1213 249 1307 306 PARS
1328 251 1347 306 Ι.

1699 251 1751 307 bii

100 373 140 429 sd
163 373 297 445 majorem
319 388 447 431 coronam
471 374 598 441 invitant,
622 374 691 431 daus
708 374 852 432 consilium
873 383 902 432 ut
916 379 945 443 Α
959 395 998 447 re,
1022 395 1072 452 pro
1096 393 1221 450 persona,
1245 394 1295 449 pro
1319 378 1404 438 variis
1426 392 1519 433 rerum
1543 374 1693 445 eventibus,
1707 374 1752 433 vel

98 463 282 534 perfectionis
300 464 453 534 protectum
477 480 669 536 assequamur.
698 465 851 537 Fragilibus
873 472 901 521 et

99 552 270 623 imperfectis
292 553 366 607 enim
391 553 467 608 dedit
486 552 681 624 indulgentiam
696 553 723 607 in
736 554 899 628 Evangelio,

100 641 150 697 ubi
158 657 220 698 cum
228 642 262 697 du
271 642 356 696 tribus
365 641 562 697 eunuchizandi
571 642 720 714 generibus
732 643 900 715 loqueretur,

98 731 138 785 sd
152 731 279 786 ultimum
293 731 328 786 de
344 730 461 801 illisqui
477 747 505 787 se
521 747 571 802 pro
586 747 671 803 regno
687 732 819 788 coelorum
834 749 900 790 cas-

98 824 188 886 trant,
210 819 383 892 adjungens,
408 819 468 874 ait:
493 819 545 887 Qui
567 824 658 891 potest
682 837 782 893 cripere
804 825 900 889 copint

99 908 211 978 (itotth.
223 923 280 973 xix,
295 912 347 975 ta).
360 909 527 980 Praeceptum
541 924 605 964 vero
615 917 641 963 et
651 909 797 965 consilium
807 911 902 968 decre·

101 996 142 1053 vit
155 997 183 1051 in
196 996 356 1070 Evangelio,
368 997 424 1064 ubi,
435 1013 495 1052 cum
508 1006 641 1070 quaereret
651 998 685 1053 ab
696 1014 729 1054 eo
741 999 901 1056 auctr-scens

102 1081 172 1152 quid
187 1081 309 1137 iaciendo
335 1082 416 1136 vitam
439 1090 569 1137 aeternam
594 1083 753 1152 possideret,
780 1085 853 1155 prius
877 1085 901 1140 ei

100 1171 262 1226 necessaria
274 1171 335 1226 vitae
347 1178 485 1241 precepta
499 1173 648 1242 proposuit.
661 1172 728 1240 Quas
738 1175 831 1229 omnia
840 1190 901 1229 cum

100 1275 132 1314 se
146 1275 162 1314 a
174 1260 315 1330 juventute
329 1259 491 1315 observasse
514 1260 702 1331 responderet,
718 1262 791 1328 justo
805 1263 901 1319 ordine

99 1348 256 1415 observato,
274 1348 396 1404 Christus
407 1348 506 1419 adjecit
521 1349 674 1418 eonsilium,
690 1351 809 1405 arbitrio
822 1350 900 1407 illius

99 1436 280 1509 relinquens:
300 1439 330 1496 Si
351 1439 393 1493 uis
416 1441 559 1509 perfectus
584 1454 653 1504 esse,
677 1439 753 1506 vade,
771 1443 800 1496 et
816 1438 903 1498 ucods

100 1529 199 1583 omnio
214 1543 275 1598 quus
292 1526 501 1595 incestitatis.
518 1527 586 1597 xxi),
604 1534 657 1584 etc.

149 1626 218 1681 Cse.
232 1626 279 1680 tv.
296 1625 368 1681 Item
383 1627 489 1681 Paulus
503 1625 576 1681 idem
591 1627 622 1681 in
637 1626 696 1682 suis
711 1628 849 1699 epistolis.

954 470 1051 542 partim
1066 473 1225 541 temperata,
1241 467 1284 524 vel
1298 467 1409 524 omnino
1423 467 1590 524 intermissa.

954 584 1021 641 Car.
1033 585 1092 639 vti.
1104 586 1278 654 Praeceptum
1288 584 1346 640 soto
1355 584 1473 654 pietatis
1483 583 1594 638 intuitu
1605 578 1752 636 intermis-

1196 671 1259 712 sum
1270 671 1323 727 pro
1338 660 1440 711 sociatu
1454 656 1509 710 rei.

991 753 1061 808 Dum
1080 750 1153 807 enim
1168 751 1223 808 Leo
1246 750 1274 805 in
1291 750 1406 806 decretis
1430 750 1487 805 suis
1500 749 1588 820 capite
1602 749 1635 803 itt
1652 747 1747 818 (epist.

955 843 1000 911 st)
1015 842 1087 898 dieat
1101 856 1154 896 non
1166 841 1194 895 in
1206 841 1336 910 cujusque
1349 854 1467 911 persona
1490 834 1750 909 pretermittendum

955 938 996 987 est
1015 929 1088 1001 quod
1100 930 1128 984 in
1140 929 1247 985 statutis
1273 928 1447 1001 generalibus
1475 927 1640 995 contimtum
1672 931 1753 994 post·

956 1021 1066 1076 modum
1081 1027 1172 1074 tamen
1186 1018 1223 1073 ait
1237 1017 1263 1072 in
1280 1017 1386 1073 eisdem
1402 1016 1437 1072 do
1451 1016 1527 1072 laicis
1547 1014 1639 1070 subito
1659 1020 1754 1068 contre

954 1107 1066 1165 decretu
1093 1123 1227 1163 canonum
1256 1106 1391 1162 ordinatis
1415 1104 1550 1177 episcopis
1572 1121 1579 1158 :
1603 1102 1755 1175 «litigant

957 1214 1061 1260 cuusae,
1084 1204 1113 1251 ut
1135 1212 1190 1251 non
1211 1195 1298 1251 solum
1323 1195 1350 1249 in
1371 1195 1440 1250 tales
1465 1193 1605 1265 presules,
1622 1191 1670 1246 sed
1685 1198 1712 1246 et
1726 1190 1754 1244 in

956 1288 1131 1344 ordinatores
1145 1300 1241 1341 eornm
1256 1291 1417 1353 competens
1432 1281 1497 1338 ultio
1511 1281 1679 1354 proteratur.
1698 1277 1754 1335 Sed

956 1377 1131 1432 circumstant
1146 1389 1195 1429 nos
1209 1373 1274 1430 hinc
1284 1371 1464 1428 mansuetudo
1477 1369 1682 1437 misericordiae,
1692 1367 1755 1423 binc

957 1481 1071 1522 censura
1083 1463 1203 1533 justitie.
1227 1469 1257 1517 ut
1280 1461 1423 1518 credamus
1448 1460 1572 1532 quaedam
1596 1457 1694 1513 delicte
1712 1463 1755 1510 ut·

956 1570 1062 1626 cunque
1076 1551 1225 1616 toleranda,
1242 1550 1367 1623 quaedam
1390 1564 1458 1606 vero
1484 1548 1590 1619 pesitus
1605 1551 1754 1617 amputan-

956 1643 1001 1699 da.
1018 1642 1081 1698 illos
1095 1657 1160 1712 ergo
1176 1655 1290 1710 quorum
1304 1638 1442 1710 provectio
1466 1638 1520 1692 hoc
1542 1644 1643 1691 tantum
1658 1648 1752 1706 rsprs-

135 1722 206 1779 ttuie
232 1722 372 1778 sententie
407 1722 504 1778 mutus
538 1724 715 1788 concordans.
745 1724 1464 1798 unicuirtuesstrenstontsincurrit,qu0‹1ertatuts
1494 1725 1530 1781 sd
1553 1724 1671 1780 officium
1695 1721 1754 1793 epi·

99 1826 181 1866 suum
196 1811 283 1867 virum
298 1811 342 1867 vel
356 1825 435 1866 suam
458 1827 569 1868 uxorem
594 1813 728 1868 concessit
751 1814 899 1869 secundnm
952 1820 1062 1892 scopate
1077 1818 1175 1874 delecti
1190 1824 1263 1879 sunt,
1279 1823 1370 1871 tenere
1391 1814 1590 1887 permittimus,
1605 1828 1661 1869 non
1675 1826 1752 1882 prae-

98 1898 310 1971 indulgentiam,
322 1900 486 1956 alterutrum
497 1901 531 1954 ob
541 1901 672 1957 alterutro
688 1917 741 1956 non
758 1901 901 1958 discedere
949 1911 1104 1984 judicantes
1122 1906 1281 1978 spostolicae
1300 1905 1377 1961 sedis
1399 1904 1519 1972 statutis,
1541 1918 1593 1959 nec
1613 1902 1755 1957 bectomm

98 1988 233 2059 praecepit
260 1995 322 2059 post
350 1988 498 2061 legitimam
526 1989 664 2060 copulem.
689 1991 727 2045 De
750 1990 902 2063 virginibus
955 2002 1063 2056 Petrum
1082 1996 1192 2068 regulas
1217 1994 1395 2060 resolventes,
1417 1992 1484 2063 qnia
1500 1990 1626 2047 remissio
1640 2005 1695 2045 nou
1709 1989 1758 2045 dat

98 2093 179 2144 vero,
191 2092 306 2151 quarum
323 2085 491 2149 praeceptum
506 2094 561 2133 non
574 2079 678 2144 habuit,
689 2079 835 2135 consilium
850 2080 901 2136 de-

99 2165 163 2221 dit:
180 2164 297 2232 bouum,
322 2166 344 2220 si
369 2166 408 2222 sic
432 2173 523 2222 essent
546 2167 614 2222 sicut
637 2167 706 2239 ipse.
725 2168 765 2223 Ex
780 2168 821 2223 bis
835 2184 903 2242 ergo

101 2255 193 2310 tribus
213 2253 382 2327 indulgentia
398 2262 424 2311 et
439 2254 585 2312 consilinm
609 2271 659 2326 pro
680 2256 792 2313 arbitrio
816 2258 902 2313 relin-

103 2344 195 2416 quitur
205 2342 350 2400 utentium.

101 2468 169 2526 Cre.
187 2470 219 2524 V.
240 2470 314 2538 Quod
323 2473 498 2542 preceptum
519 2472 589 2542 ipsis
605 2470 693 2525 etium
710 2470 855 2544 prophetis
874 2477 903 2528 et

190 2543 327 2613 apostolis
337 2558 402 2598 cum
411 2542 582 2598 discretione
591 2547 633 2597 est
642 2543 818 2598 relaxatum.

139 2638 307 2711 Praeeeptum
320 2655 386 2697 vero
395 2640 518 2710 quamvis
528 2641 562 2695 sit
575 2640 699 2696 omnibus
708 2642 903 2711 necessarium,

101 2745 156 2801 pro
171 2728 252 2785 variis
273 2737 364 2784 temen
386 2730 563 2784 rationalibus
586 2730 682 2798 causis,
699 2746 731 2785 ex
746 2732 904 2788 auctoritate

104 2818 237 2874 canonica
261 2834 384 2889 persaepe
409 2826 450 2873 est
473 2818 660 2884 relaxandum,
677 2819 747 2875 sicut
761 2819 829 2874 mira
843 2820 903 2891 pie-

109 2914 163 2963 tate
178 2907 212 2961 ad
228 2907 344 2962 iratrum
360 2907 475 2962 salutem
494 2907 595 2963 sanctis
616 2923 697 2979 quam
718 2908 842 2980 pluribus
865 2916 907 2964 est

112 3004 288 3066 usurpatum.
320 2997 426 3050 Nathan
462 2995 533 3050 enim
571 2996 705 3068 propheta
732 3012 791 3052 cum
820 2997 906 3053 David

955 2087 1091 2145 licentiam
1107 2083 1294 2156 delinquendi,
1310 2098 1362 2138 nec
1388 2081 1463 2152 quod
1488 2080 1574 2152 potuit
1597 2077 1685 2150 aliqua
1707 2092 1756 2133 ra·

955 2178 1028 2235 tiotm
1043 2173 1165 2245 concedi,
1187 2173 1229 2227 tas
1252 2172 1304 2228 erit
1329 2170 1450 2242 amplius
1473 2170 1583 2240 impune
1605 2167 1754 2236 committi;

957 2282 991 2323 ue
1006 2263 1079 2337 quod
1094 2262 1129 2318 sd
1144 2269 1255 2332 tempus
1279 2260 1323 2329 pia
1348 2258 1461 2314 lenitate
1475 2256 1670 2323 concessimus,
1682 2255 1755 2324 justa

957 2353 1131 2428 postmodum
1147 2350 1249 2407 ultione
1264 2348 1423 2420 plectamur.
1442 2369 1453 2396 a
1471 2346 1520 2402 llic
1534 2347 1588 2402 Leo
1598 2345 1688 2414 (ibid.)
1707 2359 1755 2416 pro

958 2450 1058 2501 eventu
1073 2441 1123 2507 rei,
1140 2460 1152 2491 r
1172 2439 1235 2511 quis
1256 2437 1335 2494 electi
1357 2437 1464 2493 fuerunt
1491 2440 1519 2491 et
1547 2432 1698 2490 consecrati
1721 2448 1755 2488 ex

957 2533 1043 2598 laicis,
1072 2528 1195 2601 episcopi
1214 2528 1315 2599 pietate
1343 2525 1552 2591 interveniente,
1580 2521 1704 2594 pepercit
1728 2526 1757 2576 et

959 2619 1134 2687 electoribus,
1148 2626 1175 2673 et
1188 2617 1257 2689 ipsis
1271 2612 1516 2681 conseerstoribus,
1531 2615 1558 2668 et
1572 2611 1640 2683 ipsis
1659 2624 1755 2666 couse-

959 2711 1052 2769 crulis.
1079 2733 1090 2758 s

1160 2804 1227 2861 Che.
1243 2803 1314 2860 Vlll.
1335 2803 1404 2858 item
1420 2816 1550 2875 persono.

994 2909 1061 2963 item
1077 2902 1228 2976 Gregorius
1241 2916 1291 2972 pro
1305 2898 1433 2972 qualitate
1448 2911 1584 2969 personae,
1596 2895 1694 2967 pietate
1712 2894 1754 2950 in·

960 2994 1138 3060 terveniente,
1165 2991 1202 3046 ait
1222 2988 1350 3046 ianuario
1369 2987 1499 3059 episcopo
1519 2985 1547 3040 in
1570 2984 1683 3056 epistola
1706 2998 1756 3039 sua

107 3084 242 3155 templum
268 3084 385 3140 Domino
407 3083 542 3140 adificare
561 3084 779 3156 praecepissem!
799 3086 900 3142 Paret.
919 3083 1021 3158 cdib.
1037 3099 1076 3150 rx,
1092 3081 1169 3153 epist.
1185 3080 1213 3150 l)
1230 3095 1236 3132 :
1256 3101 1267 3128 s
1284 3079 1368 3132 Tanta
1382 3075 1503 3146 nequitia
1526 3074 1560 3129 ad
1582 3088 1662 3128 eures
1678 3086 1755 3129 mets

104 3189 171 3238 xvu,
189 3176 226 3243 t);
242 3173 306 3245 quia
322 3189 383 3228 eum
399 3174 432 3228 ad
448 3175 505 3228 hac
519 3173 623 3229 viderat
644 3174 770 3229 devotum
788 3191 794 3229 :
811 3183 903 3246 postea
956 3173 1051 3228 dctus
1073 3177 1213 3227 senectute
1234 3165 1366 3239 pervenit,
1384 3172 1413 3220 ut
1432 3179 1503 3231 enm,
1520 3161 1571 3217 nisi
1594 3162 1684 3217 adhuc
1705 3161 1755 3215 bu·
1838 3167 1842 3177 “

105 3268 195 3317 temen
211 3263 284 3318 idem
300 3263 401 3325 vetuit;
416 3262 488 3333 qnia,
504 3278 567 3317 cum
582 3263 624 3316 vir
637 3263 799 3335 sanguinum
821 3272 901 3330 esset,
956 3261 1074 3316 manitus
1088 3273 1274 3331 pensaremus,
1290 3254 1344 3309 lixa
1362 3253 1421 3323 jam
1445 3250 1636 3307 maledictione
1656 3248 1755 3304 terire-

109 3349 211 3421 Spiritu
227 3351 373 3418 revelante,
391 3351 458 3406 vidit
472 3367 533 3405 eum
549 3352 584 3406 ad
599 3352 658 3406 lime
680 3367 734 3406 nun
757 3367 818 3407 esse
840 3351 902 3407 ido·
957 3365 1040 3404 mus:
1057 3356 1083 3404 et
1096 3347 1205 3418 quidem
1221 3359 1291 3416 pene
1307 3340 1442 3397 sententis
1466 3340 1494 3394 in
1517 3347 1542 3394 te
1564 3337 1653 3393 tuerat
1672 3336 1756 3407 jacu-

107 3455 200 3494 neum.
222 3440 321 3495 Paulus
342 3455 449 3512 quoque
477 3456 539 3495 cum
566 3440 641 3494 omni
669 3440 749 3495 modo
775 3441 905 3497 vetuisset

108 3529 343 3585 circumcisionem
359 3530 432 3599 (let.
443 3545 499 3591 xvi,
516 3529 553 3597 3),
564 3527 780 3601 utpoteliguram
793 3529 904 3586 veritate

107 3615 172 3672 fidei
200 3617 409 3687 superveniente
437 3617 549 3673 omnino
577 3632 789 3687 supervacuam
826 3624 904 3689 post·

105 3705 217 3760 modum
232 3713 323 3761 tamen
334 3706 392 3777 ipse
402 3722 462 3762 eam
476 3707 503 3761 in
518 3706 664 3761 Timotheo
679 3706 833 3776 complevit,
849 3722 905 3762 non

106 3800 136 3849 ut
149 3808 212 3849 eam
227 3810 307 3866 posse
328 3795 467 3866 cooperari
489 3794 552 3850 tidci
576 3794 603 3849 iu
627 3794 717 3864 aliquo
739 3795 903 3865 ostenderet,

107 3881 157 3939 sed
181 3883 215 3938 ad
237 3884 400 3953 simplicium
423 3899 547 3939 errorem
571 3883 780 3948 destruendum,
795 3899 830 3939 ne
846 3884 906 3953 quis

108 3972 338 4028 circumcisionem
351 3989 429 4044 aeque
443 3973 605 4043 sacrilegam
621 3971 803 4028 idololatriam
820 3989 904 4044 repu-

107 4067 262 4128 taret‚cum
278 4076 337 4115 uam
354 4062 485 4116 Dominus
510 4077 559 4115 suo
585 4065 707 4132 tempore
730 4061 758 4114 in
782 4061 905 4116 umbram

107 4150 260 4205 futurorum
282 4165 383 4221 magna
406 4149 519 4204 utilitate
543 4149 602 4203 lieri
626 4147 814 4221 praecepisset.
838 4151 905 4204 Cum

107 4239 180 4294 euim
208 4239 355 4309 Apostolus
383 4254 459 4310 teque
485 4245 630 4308 utrumque
657 4238 771 4300 vitaret,
797 4238 907 4293 diversa

107 4330 197 4381 tamen
213 4341 295 4382 causa
310 4327 336 4381 id
351 4327 451 4397 agebat
466 4342 474 4382 s
491 4328 562 4381 hanc
585 4331 616 4380 ut
640 4325 814 4396 superfluam,
831 4327 906 4380 illam

107 4423 138 4470 ut
151 4415 324 4488 sacrilegum,
344 4415 423 4472 Unde
438 4415 606 4487 Augustinus
620 4430 652 4469 ex
667 4414 778 4485 epistola
793 4415 827 4469 ad
843 4414 905 4469 ilie·

107 4520 249 4575 rouymum
267 4504 358 4574 (epist.
375 4506 442 4567 Sui:
462 4527 472 4550 a
491 4503 590 4557 Paulus
604 4503 774 4559 Timotheum
788 4503 905 4559 circurn-

108 4593 184 4662 cidit,
201 4594 328 4649 cenchris
343 4601 435 4647 votum
449 4591 587 4662 persolvit,
604 4608 618 4645 a
633 4592 733 4647 Jacobo
754 4592 907 4648 admonitus

108 4696 170 4737 cum
185 4681 226 4738 eis
241 4681 285 4753 qui
301 4690 433 4737 noverant
448 4680 571 4753 legitima
585 4679 750 4736 celebranda
764 4681 882 4751 suscepit
898 4700 904 4736 ε

108 4786 162 4825 non
192 4770 257 4842 quia
283 4778 391 4841 putaret
415 4786 462 4839 per
485 4786 517 4824 ea
543 4778 712 4824 sacramenta
727 4768 906 4825 Christianam

108 4857 165 4913 dori
180 4859 308 4926 salutem,
323 4859 370 4913 sed
387 4866 415 4913 ut
428 4858 581 4913 ostenderet
596 4875 628 4913 ea
643 4874 697 4913 non
713 4866 837 4928 tauquam
857 4875 905 4912 su·

108 4948 213 5020 erilega
237 4948 337 5003 debere
360 4947 494 5015 damnari,
511 4962 571 5017 que
585 4955 673 5002 tamen
698 4961 751 5002 uon
776 4955 904 5016 tanquam

108 5036 260 5092 necessaria
277 5035 385 5090 vetabat
400 5035 501 5090 debere
516 5035 617 5105 appeti.
638 5034 716 5099 Quod
736 5035 800 5106 quia
814 5035 841 5089 in
857 5035 904 5088 Ti-

108 5125 217 5180 motheo
233 5124 398 5180 sutiicienter
412 5133 551 5179 ostensum
568 5131 616 5190 est,
630 5140 683 5178 non
695 5123 852 5192 compulsus
862 5129 904 5179 est

106 5214 187 5270 etiam
203 5215 287 5282 Titus,
304 5230 364 5269 cum
380 5221 452 5268 esset
468 5212 592 5280 Graecus,
611 5212 780 5266 circumcidi.
800 5234 811 5258 n

108 5340 174 5393 Car.
192 5339 235 5392 t't.
250 5337 325 5405 Quod
339 5341 476 5409 precepta
487 5337 623 5391 canonico
637 5351 687 5404 pro
704 5338 837 5404 tempore,
853 5352 902 5405 pro

140 5426 269 5482 persono,
286 5424 336 5480 pro
353 5411 438 5464 uariis
453 5424 548 5462 rerum
564 5406 719 5471 sterilibus,
739 5407 781 5460 uei
794 5407 901 5477 purtim

143 5487 311 5552 temperato,
328 5481 370 5536 uel
385 5482 500 5535 orrrrrino
516 5480 574 5533 sint
590 5479 763 5532 intermissu.

141 5577 316 5635 inveniuntur
329 5578 409 5635 etiam
424 5582 562 5649 praecepta
582 5575 712 5635 canonice
726 5591 777 5651 pro
792 5581 900 5651 tempo-

957 3437 1053 3500 lands;
1069 3436 1130 3503 scd,
1148 3435 1211 3507 quia
1233 3431 1435 3504 simplicitatem
1452 3436 1524 3483 tuam
1540 3441 1602 3483 cum
1617 3432 1756 3482 senectute

958 3525 1093 3590 norimus,
1110 3523 1220 3579 interim
1234 3529 1369 3577 tacemus.
1394 3517 1448 3574 Sed
1463 3524 1553 3572 umen
1566 3515 1628 3570 huic
1642 3528 1756 3585 parcens

958 3613 1126 3671 consiliarios
1149 3612 1231 3684 hujus
1257 3608 1370 3666 sceleris
1395 3602 1647 3671 excommunicavit,
1661 3603 1756 3659 dicens

957 3703 1086 3759 ianuario
1101 3700 1229 3775 episcopo
1257 3717 1263 3754 :
1288 3696 1424 3768 Deinceps
1451 3695 1486 3749 ab
1514 3709 1612 3749 eorum
1634 3690 1756 3749 consiliis

958 3792 1062 3850 cautior
1075 3790 1173 3855 existe,
1190 3805 1235 3855 ne,
1252 3788 1275 3843 si
1291 3786 1329 3842 eis
1352 3785 1380 3840 in
1404 3783 1476 3839 malo
1497 3780 1646 3852 discipulus
1670 3779 1756 3836 tueris

959 3881 1059 3954 quibus
1071 3879 1200 3951 magister
1214 3877 1241 3933 in
1257 3876 1329 3932 bono
1344 3889 1404 3930 esse
1419 3870 1548 3938 debuisti,
1560 3885 1612 3927 nec
1626 3867 1757 3942 simplici·

959 3970 1006 4026 tati
1021 3978 1074 4025 tuae
1086 3967 1210 4033 ulterius,
1226 3980 1277 4022 nec
1292 3963 1424 4021 senectuti
1440 3976 1600 4033 parcamus.
1621 3982 1633 4007 ι

978 4067 1042 4122 Gur.
1057 4065 1106 4120 tx.
1124 4063 1196 4119 Item
1211 4061 1391 4118 necessitatis
1405 4058 1516 4113 intuitu
1530 4070 1581 4128 pro
1596 4058 1729 4127 tempore.

997 4165 1064 4218 item
1079 4160 1253 4217 innocentius
1269 4173 1348 4229 papa,
1363 4171 1424 4212 eum
1440 4169 1490 4226 pro
1504 4152 1667 4209 necessitate
1684 4159 1757 4208 tem·

960 4252 1043 4324 poris,
1058 4266 1093 4306 ue
1107 4249 1220 4304 nimium
1235 4244 1396 4303 scandalum
1408 4250 1480 4300 esset
1493 4242 1522 4298 in
1536 4241 1657 4297 Ecclesia
1679 4239 1757 4296 ordi-

961 4348 1040 4397 natos
1061 4356 1076 4395 a
1099 4340 1206 4394 Bonoso
1228 4336 1357 4392 hreretico
1379 4332 1535 4405 susciperit,
1550 4330 1588 4385 ait
1601 4329 1628 4384 in
1642 4327 1757 4384 decretis

917 4430 1017 4513 Dsuis
1032 4428 1119 4500 capite
1135 4432 1151 4483 s
1166 4427 1259 4498 (epist.
1278 4425 1324 4490 Ἠ,
1339 4439 1368 4478 n.
1383 4420 1412 4495 o)
1429 4439 1435 4476 :
1455 4443 1466 4469 υ
1483 4418 1562 4488 Quod
1578 4416 1699 4473 remedio
1722 4430 1757 4473 so

961 4519 1127 4575 necessitate
1154 4513 1284 4586 temporis
1306 4516 1431 4566 statutum
1444 4517 1493 4579 est,
1507 4512 1614 4564 constst
1629 4504 1756 4576 primitus

961 4623 1015 4664 uon
1025 4605 1116 4661 luisse.
1133 4602 1212 4673 Quod
1228 4617 1295 4673 ergo
1309 4599 1462 4655 necessitas
1476 4611 1526 4668 pro
1541 4594 1663 4650 remedio
1677 4606 1756 4664 repe·

961 4697 1016 4760 rit,
1044 4701 1168 4750 cessante
1196 4689 1374 4754 necessitato,
1401 4685 1482 4742 debet
1517 4683 1614 4754 utique
1648 4696 1757 4737 cessare

959 4783 1063 4854 pariter
1078 4780 1150 4853 quod
1165 4777 1296 4852 urgebam
1311 4775 1374 4849 quia
1388 4774 1457 4830 alius
1470 4780 1512 4828 est
1525 4771 1592 4827 ordo
1607 4769 1755 4842 legitimus,
1837 4764 1840 4769 ’

959 4868 1175 4942 aliausnrpatio,
1191 4883 1273 4939 quam
1298 4867 1332 4922 sd
1356 4878 1475 4936 praesens
1500 4859 1558 4917 steri
1581 4868 1686 4932 tempus
1702 4859 1757 4915 im-

959 4960 1046 5033 pellit.
1064 4979 1075 5010 s

1141 5029 1206 5085 Car.
1227 5028 1263 5084 X.
1285 5028 1356 5083 item
1370 5039 1420 5096 pro
1437 5027 1571 5094 tempore.

994 5131 1060 5185 item
1073 5126 1199 5185 Gelasius
1215 5141 1282 5198 papa
1299 5139 1360 5181 cum
1375 5138 1427 5194 pro
1442 5121 1604 5176 necessitate
1615 5118 1754 5191 temporis,

957 5220 1022 5290 quia
1030 5215 1267 5274 videbutltalicom
1275 5213 1425 5270 Ecclesiam
1435 5218 1545 5283 propter
1554 5208 1618 5263 belli
1626 5209 1757 5280 famisque

956 5307 1142 5363 incursionem
1159 5304 1218 5359 lere
1239 5301 1314 5357 omni
1338 5299 1501 5356 clericorum
1523 5297 1616 5352 oiticio
1640 5296 1758 5352 destitu-

956 5405 1021 5462 tam,
1036 5396 1105 5451 adeo
1121 5402 1151 5448 ut
1165 5391 1304 5464 plerisque
1319 5388 1427 5461 populis
1446 5387 1596 5442 subsidium
1616 5386 1758 5442 redimen-

955 5487 1049 5541 damm
1063 5484 1172 5540 deesset
1187 5481 1352 5545 animarum,
1369 5477 1530 5535 concederet
1555 5475 1590 5532 de
1615 5474 1758 5531 monacbis

955 5574 999 5633 ret
1012 5573 1094 5632 etam
1118 5571 1154 5629 de
1172 5569 1252 5629 laicis
1274 5568 1380 5631 assumi
1401 5567 1529 5638 elericos,
1546 5564 1585 5623 sit
1599 5565 1629 5621 in
1641 5562 1758 5625 decretis
