3728 6000
64 245 120 301 385

740 245 926 304 SPECULUM
947 248 1050 303 atbar.

1660 260 1714 317 886

63 375 169 438 presto
185 376 228 423 est
242 366 368 422 omuibus
383 368 536 422 tonitribus
548 384 623 423 :cum
639 369 731 423 adbuc
745 370 820 424 ridet
838 370 865 424 in
879 373 905 431 A
921 370 991 426 bens
1005 371 1122 443 gratiam
1141 371 1175 428 nd
1197 374 1309 441 amicos,
1328 377 1486 446 patientiam
1511 395 1573 437 cum
1588 381 1717 457 benigni-

64 455 179 526 speeulo
194 455 264 510 etin
292 457 447 527 renignrate,
470 464 497 510 et
520 457 548 509 in
577 457 700 528 imagine
725 458 870 527 pertransit

64 544 210 606 bomo;iu
231 544 459 613 speculaeque
486 544 637 605 erudimnr;
662 553 688 599 et
716 546 743 599 in
765 546 868 600 obscu-

64 632 138 686 riore
153 633 311 701 aenigmate,
327 633 355 684 in
381 648 436 701 quo
452 648 614 687 exercemur
631 651 637 686 :
652 640 679 687 et
698 633 724 687 ιιι
753 633 868 703 simplici

64 728 91 775 et
105 720 228 775 eridenti
244 720 373 790 imagine,
385 723 410 773 iu
427 736 480 790 qna
494 721 600 776 dulcius
625 720 756 775 afficimur
772 741 778 776 :
809 722 869 790 ipsa

64 825 132 863 rere
147 809 247 879 pietas,
262 809 323 877 ipsa
339 809 445 873 raritas,
460 810 569 863 nonnisi
599 825 616 863 a
642 810 745 879 Spiritu
773 816 868 865 sancto

64 897 187 951 traditur
198 904 245 951 aut
258 900 392 962 docetur,
408 912 457 951 nec
473 897 525 951 nisi
541 898 628 968 digito
645 899 693 952 liei
710 899 793 953 menti
823 898 867 952 in-

64 981 208 1037 scribitur.
220 980 306 1036 tJredo
321 996 389 1051 ergo
417 980 601 1035 indubitanter
633 987 753 1036 sanctam
777 982 868 1036 Trini-

67 1077 167 1133 tatem,
195 1069 315 1129 Patrem,
345 1076 374 1122 et
401 1068 497 1122 Filium
525 1077 552 1123 et
580 1070 709 1140 Spiritum
731 1079 866 1135 sanctum,

64 1157 146 1211 unius
176 1155 344 1221 substantiae,
369 1157 543 1228 inseparabili
571 1160 724 1230 aequalitate
748 1158 868 1214 dirinam

63 1245 170 1301 babere
185 1245 315 1299 unitatem
329 1244 471 1316 :ideoque
488 1261 541 1300 uun
557 1255 614 1301 tres
640 1262 702 1301 asse
725 1248 802 1313 deos,
819 1247 868 1302 sed

64 1348 151 1388 unum
177 1334 281 1398 Deum
298 1332 385 1387 Deum
413 1341 502 1387 autem
527 1334 627 1390 lactum
658 1335 794 1388 bominem
820 1351 868 1405 pro

63 1421 145 1476 nobis
155 1421 191 1476 ad
205 1421 356 1475 sanandum
371 1421 506 1489 superbiae
521 1432 620 1478 nostrae
641 1430 774 1478 tumorem
790 1439 869 1477 sum-

62 1526 138 1564 mum
155 1509 396 1573 medicamentum,
412 1510 445 1564 ad
462 1512 679 1582 redemptionem
706 1519 869 1567 nostramet

62 1597 199 1653 solvenda
226 1607 337 1668 peccata
365 1608 459 1653 nostra
481 1601 563 1653 altum
597 1609 808 1665 sacramentum,
829 1599 870 1653 le·

63 1694 135 1749 cissa
166 1693 308 1755 miracula,
338 1702 364 1748 et
392 1709 408 1746 a
436 1695 549 1747 mortuis
573 1696 733 1751 surrexisse.
762 1696 790 1750 Si
814 1696 897 1792 scial·

63 1783 131 1853 quid
142 1782 180 1837 sit
194 1782 402 1852 omnipotentia,
426 1783 508 1837 crede
528 1784 563 1837 de
593 1785 788 1853 omnipotente,
805 1785 867 1853 quia

63 1871 207 1942 potuit;si
220 1871 295 1940 sapis
309 1869 375 1940 quid
390 1872 425 1924 sit
451 1887 587 1924 summum
619 1872 733 1937 bonurn,
763 1888 870 1927 surnura

63 1960 188 2023 bouitas,
199 1960 246 2013 ubi
262 1967 336 2013 tanta
351 1957 399 2013 luit
413 1962 561 2014 necessitas
589 1961 771 2030 perditorum,
786 1961 869 2017 crede

64 2048 100 2103 de
133 2062 242 2102 summo
279 2047 362 2109 burro,
389 2046 453 2115 quia
475 2047 561 2101 voluit
588 2049 610 2101 si
625 2056 703 2119 potes
737 2049 869 2120 cogitare,

64 2135 175 2206 quidin
201 2135 405 2206 rnnudoegerit
424 2135 709 2202 nurniliatadirinitas,
737 2136 805 2192 senti
835 2137 870 2192 de

64 2225 188 2279 llomino
201 2224 230 2277 in
245 2223 376 2287 bonitate,
393 2224 531 2294 quomodo
541 2225 629 2279 Deum
645 2241 725 2279 sunm
740 2226 870 2296 hocopus

63 2313 168 2368 decuit.
189 2313 289 2378 Primo,
303 2327 365 2367 cum
379 2313 406 2365 in
421 2327 499 2367 causa
514 2313 611 2366 salutis
641 2315 766 2369 humanas
791 2315 869 2368 l'ater

65 2401 144 2466 ritis,
161 2401 205 2455 rel
221 2402 280 2471 ipse
294 2400 345 2455 sibi
362 2400 443 2455 Filius
457 2416 511 2455 non
526 2403 655 2471 pepercit,
672 2402 701 2455 in
716 2402 803 2456 torma
821 2417 869 2456 sua

63 2505 202 2545 summum
218 2489 317 2543 bouum
331 2488 433 2543 mundo
449 2489 575 2553 innotuit,
592 2497 621 2544 et
635 2490 722 2544 Deum
752 2490 869 2561 diligere

64 2579 136 2633 sicut
162 2577 317 2649 diligendus
337 2582 388 2647 est,
409 2578 544 2632 bominem
571 2577 721 2647 perdocuit.
747 2579 870 2649 Diligens

64 2668 140 2723 enim
156 2666 291 2720 bominem
307 2665 510 2737 qarodnmrnodo
526 2667 661 2736 usquead
683 2676 868 2738 contemptum

64 2756 119 2822 sui,
134 2754 227 2810 docuit
242 2755 378 2809 bominem
394 2756 480 2809 Deum
494 2754 607 2825 diligere
622 2771 707 2826 usque
736 2755 771 2809 ad
800 2770 869 2810 con-

924 464 979 514 tate
995 461 1029 513 art
1041 461 1178 525 inimicus,
1192 466 1226 517 ad
1247 480 1425 538 quoscunque
1453 477 1541 538 potest
1559 471 1718 530 beneticen-

923 548 997 615 tiam,
1014 548 1048 603 ad
1064 564 1161 605 ornnes
1175 554 1288 606 omnino
1304 554 1426 610 homiues
1449 556 1675 629 benevolentiam,
1692 569 1719 619 et

923 635 1012 706 legem
1038 637 1113 691 illam
1137 640 1367 710 interulamque
1392 645 1495 698 nemini
1527 646 1618 704 lacere
1651 652 1717 719 vult,

922 724 995 793 quod
1022 724 1074 779 sibi
1103 725 1162 781 lieri
1192 729 1316 792 noluerit,
1333 731 1513 804 amnibusque
1537 736 1623 792 lacere
1651 741 1718 808 vult,

922 812 1079 882 inquantum
1109 823 1207 885 potest,
1224 833 1398 890 quecunque
1430 822 1465 875 ab
1492 822 1554 878 aliis
1582 827 1634 882 sibi
1662 830 1719 887 ruit

923 900 991 956 steri.

958 991 1127 1062 liursnmque
1150 1008 1182 1047 ex
1211 995 1262 1050 bae
1284 995 1420 1065 sapientis
1458 999 1612 1071 scientiam,
1637 1022 1719 1077 quarn

921 1081 1043 1135 secernit
1055 1081 1082 1133 in
1096 1081 1217 1151 sapiente
1232 1099 1283 1137 suo
1298 1099 1404 1140 summa
1424 1087 1568 1158 sapientia,
1582 1109 1638 1148 non
1646 1111 1719 1167 eam,

923 1184 1065 1239 quaerana
1094 1168 1293 1238 hujusmundi
1320 1181 1454 1241 sectatur;
1484 1179 1534 1233 sed
1560 1187 1723 1251 quaserrit

922 1256 993 1321 srdai,
1010 1257 1035 1310 in
1063 1272 1117 1326 qua
1143 1267 1254 1325 stamus,
1279 1269 1306 1314 et
1329 1261 1479 1331 gloriamur
1502 1267 1529 1321 in
1551 1284 1600 1338 spe
1625 1270 1720 1343 gloriae

922 1343 1037 1399 filiorum
1055 1346 1113 1401 liei.
1131 1346 1249 1401 Scientia
1270 1364 1336 1403 rere
1356 1350 1415 1406 baec
1436 1353 1532 1408 modus
1553 1356 1662 1427 quidam
1679 1372 1721 1420 est

923 1430 964 1485 rel
976 1431 1083 1487 babitus
1100 1433 1210 1499 mentis,
1227 1434 1262 1488 sd
1277 1435 1449 1507 suscipienda
1464 1455 1506 1510 ea,
1521 1459 1581 1512 quae
1611 1449 1722 1520 propria

922 1518 984 1573 lrdei
1000 1527 1080 1575 sunt:
1099 1536 1147 1576 eas
1163 1523 1266 1577 scilicet
1290 1541 1333 1579 res
1362 1541 1423 1596 qnae
1447 1530 1615 1588 sensibiliter
1637 1540 1721 1595 menti

922 1607 1075 1663 inseruntur
1094 1626 1253 1681 persensus
1268 1627 1341 1673 suos,
1354 1614 1411 1669 sire
1426 1615 1537 1683 alienos,
1555 1620 1646 1679 relsni
1661 1642 1720 1682 sen·

924 1696 1022 1761 tientis,
1040 1697 1082 1752 rel
1102 1698 1213 1754 alterius
1236 1702 1369 1756 narrantis
1387 1703 1443 1759 sire
1468 1707 1621 1779 scribentis,
1652 1715 1721 1773 sicut

924 1793 986 1839 sunt
1002 1786 1071 1840 lbera
1088 1787 1194 1841 Domini
1215 1789 1385 1859 temporetis,
1413 1793 1538 1850 historica
1565 1801 1721 1871 cognitione

923 1871 1016 1936 illats;
1036 1874 1157 1928 nativitas
1173 1874 1242 1943 ejus,
1267 1877 1369 1946 passio,
1400 1884 1569 1948 resurrectio,
1599 1893 1721 1949 ascensio

924 1961 993 2028 eius,
1010 1969 1109 2031 patrata
1125 1963 1195 2017 iuter
1209 1965 1333 2019 bomines
1359 1968 1496 2025 miracula.
1521 1970 1641 2039 Quorum
1668 1995 1720 2037 cn-

923 2049 1071 2120 gnitioncm
1088 2066 1141 2105 non
1168 2051 1270 2106 inrepit
1279 2053 1346 2108 ratio
1361 2056 1478 2110 bominis
1496 2074 1581 2128 penes
1594 2079 1634 2130 se,
1651 2065 1721 2125 sicut

923 2138 1025 2192 inrenit
1038 2137 1128 2192 divina
1143 2139 1270 2208 rpuaelibet
1284 2148 1311 2195 et
1324 2150 1425 2198 aeterua
1441 2162 1447 2200 :
1464 2146 1512 2200 sed
1526 2148 1647 2216 quolibet
1666 2171 1719 2227 gs·

923 2241 988 2279 nere
1003 2226 1127 2280 discendi
1143 2228 1263 2296 suscipit,
1279 2244 1329 2283 sen
1349 2230 1475 2297 ridendo,
1496 2250 1544 2289 seu
1572 2239 1718 2313 audiendo,

923 2329 971 2367 seu
986 2313 1112 2383 legendo,
1129 2315 1208 2384 qnasi
1221 2315 1328 2372 aliunde
1343 2318 1498 2377 adventitia.
1524 2324 1605 2381 ilenti
1632 2329 1720 2402 siqui·

923 2401 986 2455 deru
1001 2401 1036 2456 ad
1046 2403 1225 2457 aeternitatem
1238 2413 1346 2472 creatas,
1358 2414 1385 2460 nt
1400 2406 1461 2475 ejus
1488 2426 1536 2480 per
1562 2413 1720 2491 intelligen-

923 2489 1032 2543 tiamsit
1045 2505 1143 2558 capras,
1160 2507 1209 2560 per
1223 2490 1374 2549 fruitionem
1397 2496 1541 2569 particeps,
1566 2504 1638 2571 quali
1667 2523 1721 2562 ns-

923 2577 1001 2631 turali
1028 2578 1143 2648 quadam
1169 2579 1300 2636 affinitate
1326 2583 1470 2653 conjuncta
1498 2587 1632 2655 ridentur,
1660 2612 1721 2667 quae

923 2674 1023 2720 eterna
1039 2676 1103 2721 sunt
1117 2682 1149 2722 ac
1171 2668 1271 2732 divina,
1303 2669 1447 2736 intantum,
1474 2682 1502 2728 ut
1528 2679 1578 2732 etsi
1596 2680 1722 2739 stolidior

925 2756 994 2809 lacta
1010 2754 1080 2810 torte
1099 2755 1178 2810 luerit
1197 2772 1233 2811 ea
1253 2757 1483 2832 nunnunquam
1512 2771 1602 2820 tamen
1625 2785 1721 2828 eornm

66 2844 257 2913 temptumsui,
273 2844 320 2914 qui
341 2843 480 2898 nesciebat
495 2844 575 2897 miser
593 2843 710 2914 diligere
737 2843 791 2897 nisi
824 2860 870 2897 se·
924 2843 1044 2911 privetur
1058 2845 1188 2913 appetitu.
1203 2845 1271 2899 Nam
1286 2847 1334 2900 etsi
1349 2847 1496 2906 invisibilia
1512 2852 1580 2908 lorte
1596 2859 1720 2929 cogitare

64 2934 213 3004 metipsum
228 2933 307 2986 etiem
321 2948 407 3003 usque
421 2932 456 2986 ad
471 2938 657 3002 contemptum
672 2933 732 2986 [tei.
748 2933 782 2987 Et
811 2935 871 2996 trec
924 2932 1098 2999 nonpoterit,
1116 2932 1373 2989 sictameneorum
1397 2939 1516 3007 cognitio
1544 2942 1639 2999 rationi
1668 2948 1722 3001 hu-

65 3031 109 3078 est
124 3022 222 3092 pietas,
241 3021 283 3076 bic
296 3027 335 3075 est
349 3021 475 3090 proprius
489 3022 539 3075 Dei
555 3020 652 3083 cultus,
669 3036 723 3092 quo
751 3036 868 3075 ucrea-
924 3034 1014 3074 manae
1028 3030 1152 3075 concreta
1164 3030 1215 3087 est,
1230 3023 1400 3079 utaboniet
1414 3024 1531 3096 pulchri,
1547 3029 1722 3091 beatitudinis

66 3119 127 3166 tura
149 3125 199 3165 sua
221 3108 350 3164 colendus
371 3116 412 3163 est
439 3109 524 3163 Deus.
552 3109 615 3164 llaec
642 3116 684 3163 est
724 3108 866 3178 sapientia,
882 3083 907 3146 C
922 3115 948 3162 et
974 3107 1200 3164 imruutabil'rtatis
1227 3126 1381 3167 amoreseu
1406 3113 1586 3174 delectatione
1618 3137 1722 3194 nequa·

66 3214 153 3269 quam
168 3198 259 3253 attulit
273 3198 302 3251 in
319 3198 448 3252 mundum
470 3213 576 3252 summa
597 3198 740 3267 sapientia,
770 3213 867 3252 creans

66 3287 95 3342 in
111 3302 145 3343 ea
159 3294 201 3342 tot
214 3285 350 3356 gloriosos
363 3293 507 3356 martyres,
525 3292 563 3340 tot
578 3285 671 3340 saeculi
687 3286 784 3356 suique
799 3301 867 3356 per-

66 3376 155 3432 iectos
170 3381 381 3445 mntemptores.
397 3374 462 3428 llac
482 3382 521 3428 est
545 3373 618 3428 enim
646 3373 780 3443 sapientia
806 3372 867 3440 Dei,

66 3463 201 3536 quasapit
213 3463 287 3517 Deus
301 3461 427 3533 sapienti,
442 3462 545 3516 viventi
559 3461 594 3516 de
612 3463 706 3532 spiritu
721 3463 783 3517 vitea
811 3462 868 3528 ejus

65 3568 157 3623 nsque
173 3551 331 3606 adsensum
360 3550 462 3606 amoris
491 3552 565 3619 ejus;
594 3551 695 3604 amanti
725 3548 869 3621 usquead

64 3640 247 3695 imitationem
260 3638 446 3693 similitudinis
457 3637 534 3707 ejus;
550 3638 579 3692 ιιι
596 3637 789 3708 temporalibus
804 3654 868 3691 seu·

64 3730 148 3785 beuti
168 3730 197 3782 in
212 3744 243 3782 se
257 3727 325 3798 ipso,
342 3728 414 3798 quod
436 3736 462 3782 et
490 3728 518 3781 in
544 3726 648 3782 Christo
670 3727 733 3781 lesu
759 3726 870 3781 domiuo

64 3826 161 3874 nostru
178 3833 187 3879 ;
202 3815 230 3870 iu
242 3814 350 3871 aeternis
366 3829 429 3870 vero
440 3824 466 3869 et
481 3814 515 3869 ad
545 3815 641 3882 Deum,
669 3831 729 3869 eum
758 3814 870 3869 habenti

65 3921 191 3972 sensnm,
207 3904 243 3959 de
259 3920 314 3977 quo
329 3903 393 3958 dicit
404 3904 516 3975 quidum
531 3904 641 3973 sapiens
658 3920 688 3957 z«
704 3904 779 3959 Scire
797 3904 869 3957 enim

65 4003 102 4060 te,
130 4009 233 4049 seusus
260 4000 302 4046 est
328 3999 528 4046 consummatus
557 3992 638 4064 (Sap.
655 3993 730 4053 rii.»
762 3992 871 4062 Proprie

65 4083 140 4140 euim
156 4083 185 4135 in
200 4081 289 4135 forma
317 4080 476 4135 mediatoris
503 4081 660 4151 resplendet
685 4081 796 4149 antiqua
825 4080 872 4136 illa

923 3210 1004 3263 quam
1019 3195 1164 3266 aliquando
1180 3199 1299 3262 recedat,
1315 3199 1368 3253 nist
1397 3216 1461 3255 curn
1480 3202 1508 3258 in
1530 3208 1659 3275 appetitu,
1677 3211 1721 3267 rel

923 3298 1018 3338 amore
1028 3284 1102 3349 borri,
1118 3284 1189 3340 lalso
1205 3285 1277 3340 bono
1286 3286 1428 3358 decipitur.
1449 3291 1589 3360 inquibus
1612 3299 1721 3354 tametsi

923 3370 1004 3426 babet
1028 3380 1123 3425 natura
1152 3375 1300 3442 appetitum
1337 3390 1369 3429 er
1398 3377 1487 3448 gratia
1509 3390 1628 3449 creante,
1665 3401 1720 3442 non

924 3467 1014 3514 umen
1042 3475 1074 3515 ea
1099 3461 1219 3530 perlecta
1233 3461 1375 3533 dignoscit,
1391 3465 1493 3520 nisiex
1507 3470 1597 3539 grstia
1610 3471 1721 3531 'illumi-

923 3556 1004 3604 nante
1017 3564 1023 3611 ;
1038 3550 1282 3618 necapprebendrt,
1294 3550 1346 3605 nisi
1360 3552 1418 3606 Deo
1433 3553 1561 3611 donante.

959 3638 1026 3690 Cum
1042 3653 1108 3709 ergo
1121 3637 1303 3693 reminiscitur
1329 3641 1375 3712 qui
1398 3645 1564 3701 convertitur
1575 3648 1610 3703 ad
1625 3649 1721 3708 Dumi-

924 3742 999 3789 num,
1016 3726 1095 3780 facile
1110 3727 1212 3781 iurauit
1231 3727 1305 3798 quod
1329 3737 1421 3784 notum
1445 3739 1484 3787 est
1513 3734 1572 3804 Dei,
1598 3736 1722 3798 insidens

924 3813 1082 3867 naturaliter
1096 3815 1178 3868 menti
1194 3831 1252 3871 suae
1273 3818 1314 3871 rel
1341 3819 1447 3875 rationi.
1471 3820 1539 3889 Quae
1562 3840 1629 3883 vera
1651 3835 1724 3885 tem-

925 3902 1025 3972 peralta
1046 3902 1229 3972 temporaliter
1245 3904 1394 3972 discuntur,
1428 3917 1454 3962 et
1477 3912 1553 3981 qnasi
1577 3915 1723 3975 adventitia

924 3989 1033 4044 aliunde
1048 4007 1200 4062 persensus
1212 3992 1375 4063 inlemutnr,
1401 4010 1454 4051 non
1468 4014 1502 4053 ea
1526 3999 1655 4061 facilitate
1673 4006 1723 4063 ad·

925 4078 1030 4133 haerent
1043 4079 1136 4143 menti,
1153 4079 1241 4136 donec
1255 4079 1308 4136 lide
1322 4080 1488 4152 proliciente,
1505 4096 1532 4142 et
1545 4096 1635 4161 gratia
1658 4094 1722 4151 illu.

65 4171 208 4243 sapientiae
218 4167 353 4235 dilliuirio,
365 4185 416 4239 qna
430 4169 625 4224 determinatur
640 4185 730 4223 rerum
744 4170 873 4225 bumana·
925 4166 1056 4232 minante,
1073 4167 1187 4223 scientia
1198 4170 1388 4241 temporalium
1404 4172 1607 4235 transformetur
1625 4181 1652 4238 in
1679 4200 1723 4241 sa.

65 4276 127 4317 rum
140 4259 355 4328 divinarumque
372 4257 504 4329 cognitio,
518 4264 548 4314 ut
567 4257 746 4329 intelligatur,
762 4257 806 4312 rel
822 4273 872 4328 po-
925 4254 1054 4324 pientiam
1069 4263 1243 4322 aeternorum,
1255 4265 1281 4313 et
1296 4274 1339 4314 res
1362 4262 1493 4331 temporis
1516 4264 1631 4322 induant
1655 4287 1721 4344 gm.

66 4350 120 4405 tius
134 4348 279 4412 sentiatur,
295 4345 432 4416 sieutjam
448 4347 635 4417 supradictum
649 4354 698 4411 est,
725 4361 813 4416 usque
836 4344 870 4399 ad
925 4343 990 4398 tiam
1018 4345 1188 4411 aeternitatis,
1209 4361 1270 4402 curn
1298 4346 1419 4403 Christus
1446 4349 1527 4407 lesus
1554 4354 1645 4426 incipit
1664 4360 1722 4427 Jum

64 4452 195 4509 saporem
222 4434 341 4502 amandi,
357 4435 392 4490 ad
407 4433 533 4490 adactum
561 4435 705 4490 imitandi:
724 4457 736 4482 ι
754 4437 819 4489 cnm
840 4434 908 4498 iuli
925 4447 978 4487 non
993 4433 1141 4488 secundum
1157 4448 1266 4490 earnem
1281 4436 1403 4506 agnosci,
1419 4443 1446 4493 at
1463 4441 1612 4498 secundum
1633 4444 1722 4516 ipsum
1785 4474 1789 4479 .

66 4528 154 4583 iorrna
169 4525 222 4581 Dei
234 4532 318 4590 esset,
334 4539 388 4579 nou
417 4524 541 4595 rapinam
570 4523 716 4579 arbitratus
734 4522 868 4592 aqualem

65 4633 95 4671 se
109 4631 174 4671 esse
189 4614 258 4679 Deo,
276 4612 431 4668 »Dominus
447 4621 537 4668 noster
550 4613 629 4667 lesus
655 4611 778 4666 Christus
790 4630 796 4676 ;
806 4626 868 4667 curu

66 4703 223 4759 humiliarit
249 4700 450 4772 «semetipsum
479 4700 591 4757 termam
619 4700 693 4756 servi
720 4701 866 4771 accipiens,

66 4793 201 4863 nsquam
212 4798 330 4846 mortem
348 4790 441 4845 crucis
458 4813 469 4838 ι
487 4789 611 4862 (Philip.
631 4790 660 4859 u)
678 4790 768 4860 :quis,
791 4788 867 4860 qnid,

67 4879 313 4953 proquibuslecit.
330 4881 360 4933 ln
374 4894 428 4948 quo
452 4894 564 4933 summae
587 4877 727 4948 sapientiae
746 4893 869 4933 cumme-

69 4976 216 5041 moraudo,
231 4974 417 5047 intelligendo,
433 4982 461 5029 et
474 4974 602 5039 amando,
616 4972 765 5030 conformis
773 4972 866 5041 leons,

69 5075 180 5146 sapiens
193 5073 254 5139 liei,
279 5089 312 5127 ex
336 5088 367 5127 ea
395 5071 541 5144 quamdam
573 5070 683 5126 deducit
710 5070 869 5142 sapientiam

69 5172 158 5227 Deum
172 5167 281 5225 colendi
295 5168 363 5223 sicut
373 5167 473 5222 Deum:
490 5181 545 5237 qua
559 5164 641 5221 etiam
653 5165 746 5231 ritum,
769 5181 868 5233 mores,

68 5276 202 5337 comaque
214 5281 290 5333 suos,
305 5272 333 5320 et
346 5264 438 5320 amuis
456 5280 515 5332 sua,
530 5263 622 5318 divino
637 5263 755 5335 quodam
773 5278 871 5334 sapore

67 5364 163 5425 mndit
181 5363 217 5419 ad
239 5378 336 5420 omnes
359 5361 495 5430 homines,
515 5369 541 5418 et
555 5361 616 5417 oleo
639 5360 756 5431 quodam
781 5359 871 5417 leatifi-

69 5462 158 5520 cantis
178 5461 278 5535 grstiae
300 5459 398 5530 allinit,
423 5468 452 5515 ut
489 5459 616 5515 ridentes
649 5457 772 5514 homines
799 5457 871 5515 boue

69 5576 156 5639 opera
169 5557 243 5636 ejus,
257 5556 409 5633 glorificent
424 5558 540 5629 Patrem,
568 5556 616 5628 qui
643 5556 719 5613 cratis
744 5561 796 5624 est,
820 5556 872 5612 ba·

922 4521 994 4576 lucta
1008 4522 1066 4589 eius
1076 4521 1201 4595 intelligi,
1214 4531 1242 4578 et
1256 4538 1341 4593 opera
1356 4526 1495 4581 aestimari.
1519 4528 1589 4585 Num
1616 4549 1721 4593 secun-

922 4610 986 4665 dum
1001 4609 1160 4680 Proplretam
1177 4611 1224 4683 qni
1238 4610 1306 4667 dicit
1326 4630 1353 4666 :a
1379 4616 1612 4675 denuntiaverunt
1638 4638 1723 4695 opera

922 4699 981 4766 Dei,
1006 4705 1033 4752 et
1048 4696 1116 4752 lacta
1131 4698 1190 4768 ejus
1205 4698 1394 4755 intellexerunt
1408 4703 1494 4771 (Psoi.
1520 4708 1607 4779 tarn),
1623 4733 1635 4759 ι
1663 4728 1722 4770 non

922 4793 964 4841 est
980 4801 1108 4857 magnum
1124 4787 1276 4842 annuntiari
1290 4802 1373 4859 opera
1388 4790 1449 4856 Dei,
1466 4791 1488 4846 si
1504 4791 1575 4850 lacta
1593 4798 1653 4868 ejus
1667 4817 1723 4859 non

922 4873 1118 4945 intelliguntur.
1135 4873 1232 4930 Omnia
1247 4875 1318 4930 euim
1341 4877 1412 4934 lacta
1433 4879 1514 4935 Ver-bl
1533 4883 1616 4941 rerba
1642 4890 1725 4947 uobis

922 4978 993 5034 sunt,
1010 4970 1036 5025 in
1053 4970 1152 5042 quibus
1165 4971 1245 5028 nobis
1260 4971 1388 5044 loquitur,
1404 4978 1580 5051 semetipsum
1602 4983 1723 5045 indicans

923 5068 1002 5123 uobis
1019 5068 1048 5122 in
1076 5067 1154 5124 lactis
1181 5069 1240 5125 suis
1265 5069 1335 5125 bene
1357 5070 1513 5130 intellectis.
1529 5076 1723 5154 Intelliguntnr

923 5173 1085 5220 autemnon
1107 5165 1194 5219 solum
1216 5180 1267 5236 per
1285 5165 1411 5236 mysticas
1437 5170 1673 5243 interpretationes
1694 5178 1722 5234 in

924 5261 1087 5333 cogitatione
1098 5262 1140 5318 rel
1151 5277 1279 5318 sermone
1293 5263 1427 5333 scientie,
1455 5268 1502 5323 sed
1515 5271 1600 5327 multo
1614 5272 1723 5332 dulcius

925 5367 951 5414 et
966 5358 1105 5416 efficacius
1118 5376 1167 5431 per
1180 5359 1218 5431 pii
1238 5357 1395 5418 affectiones
1416 5366 1516 5421 amoris
1542 5368 1571 5424 in
1605 5371 1724 5429 medita-

925 5457 997 5514 tione
1012 5457 1056 5516 vcl
1070 5472 1195 5513 sermone
1220 5457 1369 5529 sapientie.
1398 5460 1467 5520 ilinc
1489 5472 1541 5537 est,
1566 5468 1639 5539 qnod
1657 5468 1724 5527 dicit

923 5555 1080 5629 Apostolus,
1094 5555 1140 5612 alii
1154 5554 1213 5612 dari
1227 5571 1278 5629 per
1290 5555 1419 5631 Spiritum
1432 5575 1587 5621 sermonem
1613 5566 1724 5643 epten-
