3728 6000
65 123 119 180 'llil

651 114 698 177 DE
717 111 965 170 sectantium.
983 145 1019 156 ·-
1033 116 1100 172 LlB.
1120 119 1144 171 1.

1669 129 1721 186 782

67 257 125 305 stus
140 245 243 318 accepit
258 241 391 303 visibilem
409 239 530 297 hominis
547 239 672 307 formam,
697 254 753 293 non
780 236 867 292 solum
882 239 911 300 Α
925 245 944 292 ι.
959 241 1004 307 Vl,
1021 240 1074 297 col.
1090 241 1154 314 230)
1170 260 1206 297 :r
1236 245 1389 320 Resurgent
1416 255 1575 305 sanctorum
1603 267 1719 323 corpora

67 345 151 393 natus
165 336 191 391 in
215 351 258 401 eo,
282 334 333 390 sed
355 341 382 389 et
402 331 526 387 ascendit
548 329 657 394 coelum,
682 336 709 383 et
732 328 809 383 sedet
832 327 867 382 ed

67 427 211 483 dextoram
226 423 313 479 Patris
327 421 354 476 in
370 437 412 477 ea.
432 445 442 469 r
467 422 535 475 ltetn
558 418 629 474 idem
652 417 680 472 in
700 417 769 487 psal.
795 433 867 474 xxxv

67 520 113 585 (ιι.
132 517 175 582 ll,
193 521 212 569 t.
228 513 274 579 tv,
290 528 318 567 c.
337 512 419 580 803):
437 533 448 558 a
466 508 608 565 SiPatrem
627 506 867 562 etliliumsecun-

61 603 128 658 dum
143 603 290 658 divinalem
306 600 423 673 cogitas,
448 599 550 670 ubique
565 612 685 667 praesens
700 604 753 652 est.
774 595 802 652 Si
813 611 865 650 au-

60 674 116 748 tem
132 691 231 748 lilium
246 691 285 746 sic
298 688 438 761 intelligis,
448 686 585 757 quomodo
600 686 673 740 visus
684 693 725 740 est
739 685 767 738 in
782 700 865 740 carne

60 781 133 836 inter
146 779 281 846 homines,
296 785 324 833 et
342 778 488 834 crucilixus
502 784 542 831 est
563 781 589 830 et
609 774 766 837 resurrexit,
783 774 863 830 novi·

60 886 121 925 mus
138 869 202 942 quia
215 867 338 924 uscettdit
348 866 375 920 iu
390 865 499 931 coelum,
514 870 542 920 et
559 863 586 918 in
601 864 713 919 circuitu
730 864 787 933 ejus
800 866 865 918 sunt

59 958 162 1032 angeli.
182 981 193 1007 r
210 958 276 1012 ltem
289 956 361 1011 idem
385 955 412 1008 in
427 954 496 1024 psal.
513 970 555 1008 xtv
573 972 602 1007 :-
620 953 712 1007 Donec
736 952 862 1008 saeculum

59 1047 170 1104 liniatur
184 1062 289 1102 sursum
307 1053 346 1100 est
363 1044 512 1099 Dominus:
535 1042 583 1097 sed
609 1050 699 1097 temen
714 1041 760 1098 bic
781 1042 863 1097 etiam

60 1137 217 1202 nobiscum,
241 1133 338 1190 veritus
362 1133 507 1188 Dominus.
533 1130 639 1201 Corpus
660 1132 734 1185 enim
758 1130 785 1184 in
809 1144 862 1200 quo

58 1225 217 1290 resurrexit,
233 1239 287 1279 uno
303 1222 364 1280 loco
379 1239 439 1278 esse
448 1226 571 1293 oportet;
589 1222 688 1277 veritas
700 1230 791 1278 autem
807 1223 864 1291 ejus

921 328 980 383 sine
998 328 1052 385 ullo
1080 331 1153 397 vitio,
1175 332 1233 388 siue
1263 335 1317 391 ulla
1344 339 1525 407 corruptione,
1551 340 1609 395 siue
1628 343 1719 397 oneris

920 416 1086 474 difficultate.
1106 420 1135 474 ln
1150 422 1249 493 quibus
1264 431 1338 478 tauta
1355 424 1477 494 facilitas,
1491 436 1590 497 quanta
1606 428 1720 485 lelicitas

921 507 979 573 erit,
1002 511 1210 580 propterquod
1235 519 1262 565 et
1282 513 1432 583 spiritualia
1460 517 1535 572 dicta
1561 525 1632 584 sunt,
1655 535 1717 574 cum

919 595 1015 665 procul
1041 597 1124 654 dubio
1143 606 1204 654 sunt
1226 601 1319 656 lutura
1343 619 1468 673 corpora,
1495 622 1549 661 non
1572 608 1715 678 spiritusr

919 683 988 740 ltem
1002 687 1166 759 Augustinus
1180 690 1206 743 in
1223 690 1292 746 libro
1308 709 1356 746 xur
1375 694 1415 748 Da
1442 695 1548 751 civitate
1570 698 1619 752 Dei
1635 699 1712 769 (cap.

918 777 964 844 ιθ,
980 781 1002 829 t.
1026 776 1080 840 Vll,
1103 777 1144 832 ool
1172 779 1246 848 3lO):
1272 801 1282 830 ι
1310 781 1408 854 Surget
1435 799 1534 855 corpus
1562 786 1714 856 spirituale,

918 863 980 932 quia
994 864 1099 935 spiritui
1118 882 1227 921 summa
1242 876 1267 924 et
1281 870 1398 925 mirabili
1420 872 1628 943 obtemperandi
1650 875 1716 933 laci·

917 952 995 1007 litate
1010 954 1150 1024 subdetur,
1167 972 1252 1025 usque
1267 957 1301 1011 ad
1317 958 1482 1030 implendam
1505 963 1715 1020 immortalitatis

917 1039 1115 1096 indissolubilis
1143 1045 1344 1101 securissimam
1379 1049 1536 1118 volutatem,
1559 1052 1633 1106 omui
1661 1068 1716 1108 mo-

917 1128 1003 1184 lestiae
1017 1146 1110 1196 sensu,
1133 1133 1206 1186 omui
1229 1136 1465 1206 corruptibilitate,
1491 1140 1564 1194 omni
1590 1142 1715 1198 tarditate

917 1217 1073 1273 detracta.»
1093 1220 1126 1275 Et
1148 1230 1208 1289 post
1229 1239 1360 1293 poucazu
1387 1226 1508 1297 Corpora
1536 1230 1624 1285 narnis
1651 1239 1715 1286 sunt

60 1314 163 1387 ubique
177 1311 273 1368 diffusa
289 1319 340 1368 cst.
359 1313 449 1366 ·lteut
466 1312 537 1366 idem
553 1311 579 1364 in
592 1328 718 1367 sermone
732 1313 766 1367 et
783 1327 865 1382 super
917 1306 1042 1360 habitura
1058 1310 1246 1378 substantiam,
1273 1312 1320 1367 sed
1344 1314 1445 1369 nullam
1469 1316 1624 1372 tarditatem
1648 1335 1715 1374 cor·

58 1405 192 1460 loannem
209 1405 247 1474 (n,
263 1403 290 1469 ι,
307 1401 359 1457 001,
375 1402 455 1471 5⁰3i²
472 1424 483 1449 a
502 1401 620 1455 Christus
634 1401 785 1456 secundum
801 1400 863 1456 uni·
916 1395 1127 1466 ruptionemque
1142 1400 1278 1454 carnalem
1291 1401 1384 1471 spiritu
1406 1403 1562 1460 vivificante
1587 1423 1712 1476 passura.

62 1502 146 1549 tatem
157 1506 284 1564 personae
300 1490 327 1544 in
342 1491 411 1545 ctnlo
427 1499 495 1554 eret,
512 1489 621 1560 quando
636 1491 662 1544 in
682 1499 755 1546 terre
769 1490 865 1562 loqtre-
917 1481 996 1550 Quod
1010 1485 1033 1537 si
1050 1488 1131 1540 tentae
1158 1487 1294 1543 facilitatis
1311 1490 1398 1545 lutura
1419 1502 1482 1546 sunt
1501 1510 1615 1564 corpora
1638 1511 1716 1551 sonc-

60 1582 148 1637 barur,
164 1579 211 1637 550
233 1588 290 1636 emt
315 1577 397 1634 Fufius
417 1577 536 1634 hominis
564 1579 590 1633 in
614 1578 693 1645 coeto,
724 1577 860 1649 quomodo
874 1591 902 1656 Β
917 1580 1018 1642 torum,
1036 1580 1067 1627 ut
1089 1574 1123 1628 ad
1139 1576 1305 1647 implendam
1321 1581 1484 1636 voluntatem
1510 1584 1618 1653 spiritus
1642 1585 1716 1640 nulla

62 1669 144 1726 rurus
159 1669 208 1724 net
223 1669 251 1723 tn
265 1676 351 1723 terra.
370 1667 453 1722 virtus
472 1667 522 1722 net
542 1667 569 1721 ιι
594 1673 666 1722 terra
687 1667 714 1721 ιι
739 1675 866 1740 suscepte
915 1676 966 1714 sua
991 1660 1112 1718 tarditate
1142 1664 1331 1735 impediantur,
1356 1671 1401 1740 aui
1424 1669 1457 1724 de
1478 1686 1592 1740 corpore
1613 1673 1714 1728 cur-su

59 1773 159 1815 carne:
180 1756 252 1811 lilius
265 1756 383 1811 hominis
396 1755 422 1809 iu
437 1754 505 1811 ooelo
528 1755 555 1809 iu
578 1757 682 1810 unitate
704 1772 859 1827 persone.»
915 1749 1020 1818 capitis,
1039 1753 1124 1806 nostri
1143 1754 1309 1810 credendum
1331 1766 1383 1823 est,
1408 1759 1449 1813 cui
1471 1776 1526 1815 non
1547 1763 1628 1816 morlo
1650 1762 1714 1818 laci-

93 1849 128 1904 ln
141 1862 195 1919 quo
207 1844 355 1901 notandum
371 1853 412 1899 est
427 1845 488 1913 quia
508 1844 597 1899 torma
620 1844 667 1899 illa
689 1845 818 1909 humana,
833 1849 860 1902 iu
914 1838 976 1893 litas
989 1855 1041 1909 qua
1057 1856 1110 1894 non
1125 1843 1250 1898 tardetur
1268 1845 1302 1899 ad
1324 1843 1479 1902 laciendum
1502 1866 1562 1919 quse
1584 1850 1711 1919 voluerit,

60 1952 115 2010 que
135 1935 270 1997 Christus,
286 1950 396 1991 cranaus
416 1948 478 1988 cum
501 1932 652 2003 discipulis,
678 1935 785 1989 traditis
806 1936 860 1990 illia
915 1926 1058 1982 sedetiam
1081 1935 1109 1983 ut
1132 1929 1192 1998 ipse
1211 1932 1257 2002 ait,
1287 1936 1377 1989 omnis
1397 1944 1516 2006 potestus
1540 1939 1603 1994 data
1619 1948 1660 1994 est
1685 1940 1713 1994 in

59 2027 182 2096 seipsum
196 2024 224 2079 in
239 2032 411 2080 sacramento
425 2023 501 2095 quasi
516 2023 610 2090 olium,
626 2031 652 2077 et
673 2033 766 2079 tumen
781 2040 859 2078 eum.
914 2015 983 2071 coelo
997 2024 1024 2071 et
1046 2017 1072 2071 in
1093 2025 1174 2085 terra,
1199 2029 1228 2075 ut
1249 2037 1311 2076 cum
1329 2024 1388 2079 lico
1408 2024 1436 2078 in
1457 2027 1558 2081 unitate
1585 2043 1713 2098 persouae

59 2117 144 2171 dem:
173 2129 228 2170 uno
249 2114 309 2169 1000
330 2119 373 2168 est
396 2113 423 2165 in
450 2111 527 2167 coelis
551 2111 585 2166 ad
607 2112 750 2167 dexteram
772 2114 861 2169 Patris
914 2106 1006 2160 omnia
1025 2107 1134 2176 possit?
1152 2109 1180 2164 Si
1202 2124 1316 2180 corpora
1337 2122 1431 2168 nostra
1452 2115 1601 2185 spiritualia
1626 2116 1714 2172 lutura

59 2205 179 2277 integre,
194 2202 262 2259 sicut
277 2202 383 2274 integra
397 2200 447 2254 suit
462 2200 489 2254 in
502 2201 709 2271 ooeua,qusud0
722 2201 750 2254 jn
765 2215 861 2255 secra.
913 2201 975 2247 sunt
998 2196 1061 2266 quia
1086 2195 1190 2266 spiritui
1206 2199 1262 2269 (38)
1277 2201 1455 2271 corporaliter
1466 2205 1569 2273 juncta,
1580 2204 1644 2276 quid
1655 2220 1715 2261 cor-

57 2301 151 2349 mento
167 2289 370 2349 comedebebur
385 2285 569 2359 adiscipulir;
599 2297 626 2344 et
637 2297 728 2344 taurea
737 2298 764 2345 et
771 2289 797 2344 in
807 2290 860 2344 hu·
913 2298 964 2355 pus
977 2284 1027 2337 Dei
1042 2284 1091 2338 nisi
1105 2284 1237 2351 divinum,
1253 2290 1318 2356 quia
1333 2290 1390 2344 Deo
1406 2291 1716 2365 unitum‘lCarnemigi-

59 2396 146 2438 mena
161 2388 188 2437 et
200 2381 226 2436 in
242 2378 431 2436 sacramentali
446 2378 545 2446 lorma,
561 2378 633 2433 idem
658 2393 738 2432 verus
756 2378 862 2433 utrobi.
915 2378 958 2425 tur
971 2371 1091 2427 divinam
1106 2373 1319 2432 substantialiter
1331 2378 1439 2447 quidem
1451 2382 1574 2436 camdem
1584 2398 1644 2436 cum
1656 2382 1715 2438 Deo

58 2486 115 2544 que
129 2468 253 2526 Christus
269 2475 295 2523 et
310 2467 337 2521 in
352 2464 419 2522 caelo
434 2472 461 2520 et
475 2465 503 2519 iu
519 2464 610 2519 terris.
625 2464 702 2520 Unde
717 2465 772 2521 Leo
793 2480 865 2537 papa
916 2476 970 2515 non
991 2460 1124 2516 dicimus:
1150 2462 1198 2518 aad
1219 2466 1341 2535 prolecto
1369 2483 1430 2523 cum
1458 2470 1603 2540 Apostolus
1632 2470 1716 2537 dicat,

59 2562 88 2616 in
104 2558 222 2632 epistole
236 2555 380 2612 anatholio
395 2555 525 2626 episcopo
539 2552 666 2608 missam
686 2553 738 2621 Qui
753 2553 816 2609 licet
835 2554 864 2608 in
916 2550 980 2620 quia
994 2555 1084 2610 omnia
1102 2551 1225 2623 subjecte
1246 2564 1305 2610 sunt
1327 2555 1362 2622 ei,
1386 2564 1486 2627 praetcr
1507 2574 1569 2613 eum
1593 2558 1640 2629 qui
1662 2558 1717 2613 sibi

59 2647 150 2704 Patris
164 2647 199 2702 ait
213 2646 325 2703 dextere
338 2644 507 2708 constitutus,
518 2642 544 2696 in
558 2643 652 2697 eadem
672 2649 762 2697 tamen
783 2658 864 2698 carae
916 2641 1032 2711 subjecit
1046 2647 1138 2701 omnia
1150 2647 1176 2716 (l
1189 2648 1249 2704 Cor.
1275 2663 1318 2713 xv,
1345 2646 1408 2715 ab:
1433 2655 1459 2701 et
1480 2647 1539 2717 ipso
1562 2648 1646 2702 Filius
1667 2648 1719 2714 Dei

60 2753 147 2810 quem
163 2735 278 2807 sumpsit
290 2751 324 2789 ex
338 2733 455 2805 virgine,
470 2739 679 2787 sacramentum
694 2730 865 2802 propitiatio-
916 2737 1034 2802 testetur,
1053 2735 1116 2805 quia
1131 2736 1221 2791 omnis
1235 2743 1355 2806 potestas
1372 2735 1396 2790 ei
1411 2735 1473 2790 data
1488 2744 1536 2803 est,
1554 2737 1593 2792 sic
1609 2737 1636 2792 iu
1653 2737 1718 2790 uni-

59 2827 106 2884 nis
121 2825 318 2896 exsequitur.»
337 2825 405 2878 ltem
420 2822 533 2876 Basilius
545 2822 574 2874 in
589 2820 698 2893 dialogo
712 2836 761 2875 suo
775 2821 863 2893 (toan.
915 2829 970 2876 tate
994 2838 1117 2893 personae
1142 2825 1199 2880 Deo
1224 2824 1394 2893 conjunctam
1415 2824 1565 2890 oredimus,
1587 2833 1616 2881 ut
1643 2825 1718 2898 quod

57 2917 215 2989 chrysost,
228 2913 277 2968 lib.
291 2927 322 2968 ιιι
332 2913 372 2967 De
382 2910 578 2976 sacerdotio,c.
592 2911 617 2980 t)
634 2928 639 2965 :
659 2933 670 2957 r
686 2907 739 2978 Qui
754 2925 862 2964 sursum
877 2936 902 3001 C
918 2910 998 2966 babet
1017 2913 1090 2967 Deus
1105 2928 1154 2982 per
1168 2917 1301 2982 nat-uram,
1316 2914 1367 2968 hoc
1378 2912 1436 2984 ipsa
1445 2930 1493 2985 per
1505 2915 1633 2986 gratiam.
1651 2915 1719 2970 Cum

57 3005 136 3061 sedet
164 3003 198 3059 ad
224 3002 309 3058 Patris
329 3001 479 3070 dexteram,
491 2997 615 3054 sacrificii
638 3006 863 3068 tamentempore
917 3015 1046 3073 ergonos
1062 3001 1180 3056 babituri
1194 3002 1288 3068 simus,
1312 3001 1451 3073 elongati
1479 3003 1561 3057 modo
1590 3003 1717 3072 habeant,

61 3091 208 3149 homiuum
223 3088 347 3145 menibus
361 3089 529 3144 continetur.
546 3111 558 3137 a
575 3086 653 3142 Unda
675 3087 756 3141 etiem
773 3102 863 3142 sacer·
918 3097 944 3142 ut
959 3098 1166 3162 qttantucunque
1181 3088 1323 3145 intervalla
1331 3089 1466 3158 locorum,
1481 3089 1556 3145 nullo
1572 3089 1628 3146 lere
1643 3099 1716 3146 tem-

60 3180 114 3237 dos
130 3181 191 3236 vice
206 3178 304 3235 Christi
318 3193 417 3248 corpus
432 3175 606 3231 ltominirum
619 3175 646 3229 in
661 3178 771 3231 terreno
784 3173 863 3231 altari
916 3177 994 3248 poris
1007 3179 1158 3247 intervallo,
1180 3179 1264 3234 nimia
1280 3195 1327 3234 aua
1348 3178 1485 3234 celeritate
1514 3182 1717 3249 pertranseant,

62 3267 213 3327 conficiens
227 3283 276 3323 nec
292 3275 382 3322 tamen
397 3264 498 3335 aliquid
513 3264 569 3319 suis
585 3263 700 3333 meritis,
715 3264 764 3320 sed
776 3272 861 3320 totum
919 3282 975 3321 non
992 3275 1081 3322 umen
1097 3269 1148 3325 ltoc
1167 3268 1281 3331 babent,
1298 3273 1328 3321 ut
1346 3267 1417 3322 uude
1439 3267 1579 3338 recedunt,
1602 3267 1641 3322 ibi
1670 3283 1719 3323 re-

60 3358 164 3416 diviae
174 3356 304 3429 potentie
318 3362 346 3412 et
357 3355 450 3428 gratie
465 3352 627 3421 retribuens,
643 3363 702 3409 orat
716 3353 862 3409 incensae
917 3364 1055 3411 maneant.
1072 3354 1132 3425 Quo
1147 3355 1290 3428 privilegio
1305 3355 1363 3411 sola
1374 3370 1436 3410 caro
1446 3355 1554 3423 Christi,
1565 3373 1626 3427 quae
1636 3372 1720 3427 super

58 3449 152 3505 Deum
177 3446 281 3502 Patrem
307 3443 425 3501 dicens:
461 3442 530 3498 lube
550 3443 609 3499 baeo
631 3443 721 3498 ablata
745 3443 792 3498 tibi
816 3458 865 3512 per
916 3459 1024 3499 omnem
1040 3450 1195 3500 creaturam
1213 3459 1230 3499 a
1249 3446 1308 3500 Deo
1321 3443 1437 3498 exaltate
1456 3452 1505 3512 est,
1518 3461 1599 3515 super
1608 3460 1717 3500 omnem

57 3552 159 3593 metius
173 3544 200 3591 ot
214 3536 339 3591 virtutem
355 3532 416 3587 Filii
431 3532 477 3598 tui,
494 3530 587 3603 augeli
603 3531 650 3600 tui,
667 3531 712 3604 qui
725 3536 768 3587 est
781 3548 863 3604 ange·
916 3540 943 3586 et
957 3541 1055 3604 praeter
1070 3550 1178 3589 omnem
1193 3541 1317 3590 naturam
1332 3532 1464 3604 insignita
1477 3541 1528 3604 cst,
1544 3541 1573 3588 ut
1591 3548 1717 3609 per-opn-

56 3627 103 3685 lus
118 3625 215 3698 magni
228 3620 348 3689 consilii,
365 3637 420 3677 nou
436 3621 464 3674 in
479 3622 530 3675 boc
544 3619 648 3676 humile
659 3629 686 3675 et
697 3619 804 3676 risibile
819 3620 863 3675 al·
915 3622 1104 3699 nippten-tiam,
1128 3639 1189 3694 quae
1204 3623 1228 3678 ei
1253 3622 1318 3678 date
1339 3627 1381 3677 cst
1400 3623 1427 3675 in
1446 3621 1516 3677 coelo
1537 3630 1564 3677 ot
1587 3623 1616 3676 in
1636 3630 1716 3691 terra,

58 3713 179 3773 tuenti
194 3712 275 3769 modo
289 3718 340 3777 est,
355 3709 404 3765 sed
425 3710 454 3763 in
478 3709 593 3764 sublime
617 3707 703 3763 altare
727 3716 812 3774 tuum,
836 3708 864 3765 id
914 3710 1079 3781 ubicunque,
1097 3710 1341 3783 quomodocunque
1357 3710 1409 3765 sibi
1431 3710 1573 3781 placuerit,
1602 3726 1655 3766 non
1682 3710 1717 3767 de

56 3813 102 3863 est
117 3801 218 3860 Filium
234 3809 322 3869 tuum,
338 3815 418 3870 quem
433 3814 517 3870 usque
533 3797 568 3853 ad
583 3797 723 3853 dexteram
738 3807 811 3852 tuam
834 3798 863 3852 in
913 3798 973 3854 loco
983 3799 1018 3854 ad
1030 3799 1119 3855 locum
1134 3799 1311 3864 transeundo,
1333 3799 1381 3854 sed
1411 3797 1459 3868 ibi,
1478 3798 1525 3853 ubi
1554 3807 1607 3865 est,
1622 3815 1715 3855 rema-

53 3900 208 3966 conspeotu
224 3889 379 3961 majustatis
394 3896 445 3944 tuae
459 3886 623 3952 sublimasti,
636 3887 752 3952 delerri3
768 3895 797 3943 ut
815 3886 863 3941 liat
912 3887 1012 3952 nendo,
1036 3895 1064 3943 et
1082 3887 1149 3943 alibi
1172 3887 1325 3960 ubicunque
1344 3885 1462 3942 voluerit
1481 3887 1632 3956 existendo,
1657 3891 1715 3945 tota

52 3982 139 4040 nobis
151 3996 253 4052 corpus
268 3986 294 4035 ct
308 3978 421 4051 sanguis
444 3975 541 4032 dilecti
565 3975 624 4030 Filii
636 3974 690 4031 tui:
713 3976 861 4032 ostendens
912 3985 939 4032 et
952 3976 1058 4048 integra
1073 3984 1100 4032 ct
1110 3976 1321 4032 substantialiter
1335 3975 1370 4030 sit
1383 3979 1410 4031 ct
1424 3975 1453 4030 iu
1467 3977 1536 4031 ooelo
1547 3984 1574 4031 et
1585 3977 1614 4030 in
1627 3984 1712 4033 terra.

51 4073 148 4146 ipsum
159 4069 268 4138 Filium,
279 4068 406 4139 jussione
420 4064 508 4121 Putris
526 4064 553 4119 in
572 4064 649 4120 ooelis
665 4081 726 4120 case
736 4064 856 4122 offeren-
911 4063 998 4134 Quam
1013 4065 1085 4120 enim
1101 4064 1322 4135 omnipotentiam
1340 4064 1374 4119 ab
1390 4079 1433 4133 eo,
1449 4065 1495 4135 qui
1520 4072 1590 4119 totus
1610 4064 1711 4135 ubique

53 4169 124 4230 tem,
140 4166 168 4217 et
181 4158 305 4222 hostiam,
329 4162 358 4212 et
378 4154 406 4211 id
427 4169 512 4225 strpcr
531 4153 604 4225 quod
632 4151 764 4219 ollertur;
794 4155 856 4226 quia
910 4155 1107 4223 estreoiperet,
1131 4152 1153 4208 si
1173 4153 1233 4225 ipsa
1254 4152 1409 4224 ubicunque
1436 4153 1517 4209 vellet
1544 4151 1711 4206 substautia-

52 4249 170 4308 omnino
183 4247 248 4304 lidei
259 4256 287 4302 at
300 4244 396 4316 gratiae
411 4243 473 4313 ejus
488 4242 639 4308 innitimur,
655 4242 728 4315 quod
749 4250 855 4299 terrene
910 4241 971 4297 liter
986 4246 1042 4298 tota
1057 4258 1185 4299 essenon
1203 4250 1294 4313 posset
1309 4242 1323 4294 ‘l
1346 4240 1395 4296 Vel
1418 4240 1445 4294 in
1468 4256 1522 4311 quo
1536 4239 1657 4295 differret
1671 4241 1710 4296 ab

52 4353 171 4411 corpora
182 4336 210 4393 in
224 4332 503 4398 Christumconverti,
526 4330 658 4402 ipsunque
681 4331 708 4385 in
733 4332 854 4387 celesti·
867 4293 895 4355 Β
909 4330 1025 4403 angelis,
1043 4331 1140 4401 quibus
1155 4337 1194 4386 est
1212 4326 1421 4400 superexaltate,
1445 4327 1468 4382 ai
1487 4343 1541 4383 non
1559 4328 1639 4383 aliter
1654 4330 1708 4385 nisi

52 4429 106 4484 bus
119 4426 156 4483 ed
169 4425 308 4482 dexteram
325 4422 412 4479 l‘etria
425 4419 577 4488 sedentem,
592 4436 644 4492 pro
668 4420 750 4476 nobie
767 4421 855 4477 intar-

51 4517 171 4591 pellare,
186 4522 213 4572 et
226 4514 258 4570 in
271 4517 442 4570 sacramento
457 4509 551 4565 altaris
571 4509 724 4565 consecrari
748 4517 774 4565 et
796 4526 858 4568 esse

53 4605 202 4666 credimus.

90 4695 161 4753 cnm
175 4707 242 4765 crgo
255 4691 360 4749 dictum
374 4690 411 4746 sit
423 4688 488 4760 quin
499 4703 598 4760 corpus
612 4686 712 4745 Christi
724 4687 778 4745 tale
791 4688 858 4746 ecci.

53 4785 150 4860 pimus
177 4782 204 4837 ia
233 4786 416 4847 sacramento,
442 4778 524 4851 quale
546 4785 608 4849 post
630 4777 859 4834 resurrectionem

52 4881 96 4931 est
110 4873 141 4929 in
154 4872 256 4943 seipso,
270 4870 346 4939 cujus
365 4867 461 4942 gloriae
476 4874 502 4923 et
516 4865 621 4922 virtutis
635 4880 751 4935 corpora
765 4874 860 4924 nostre

51 4970 121 5036 post
135 4959 367 5019 resurrectionem
378 4957 474 5013 lutura
494 4956 548 5011 siut
567 4954 717 5021 videamus,
738 4959 767 5008 ut
790 4955 857 5011 visis

52 5049 199 5115 membris,
214 5049 318 5106 lucilius
339 5044 551 5119 prerogativam
573 5048 655 5100 tentae
679 5042 817 5118 munitatis
830 5043 857 5099 in

52 5139 145 5213 capite
160 5153 373 5212 cognoscamus.

91 5229 137 5286 tit
164 5227 331 5302 Auaudinns
357 5224 389 5281 in
412 5223 482 5282 libro
504 5220 679 5280 Euchiridion
707 5222 780 5295 (esp.
811 5221 857 5290 at,

92 5423 232 5499 (titubat
241 5423 440 5499 personaliter.

912 4419 1021 4475 deloco
1036 4419 1070 4475 od
1084 4419 1173 4474 locum
1187 4417 1350 4484 recedendo,
1365 4424 1462 4487 posset
1476 4432 1537 4471 esse
1552 4417 1581 4470 iu
1596 4417 1663 4473 coelo
1681 4425 1710 4474 et

911 4507 940 4562 in
955 4509 1047 4563 terro‘?
1058 4504 1182 4562 Artificio
1201 4507 1320 4562 humano
1343 4504 1470 4559 molentis
1491 4504 1564 4558 mole
1580 4504 1708 4560 circuitus

912 4597 954 4652 sui
966 4597 1078 4652 nimiam
1092 4595 1272 4663 celeritatem,
1288 4592 1462 4648 stabilitatem
1484 4608 1543 4648 esse
1567 4594 1705 4653 mentitur.

911 4685 1013 4740 Natura
1027 4687 1142 4740 humana
1157 4684 1185 4739 in
1199 4683 1254 4739 ictu
1269 4681 1339 4739 oculi
1355 4689 1392 4737 tot
1414 4688 1543 4736 terraram
1567 4682 1663 4748 maris,
1680 4689 1710 4738 et

912 4774 983 4829 aeris
1008 4772 1094 4842 spatio
1116 4773 1152 4828 ab
1172 4772 1313 4830 occidente
1334 4771 1369 4826 ad
1390 4770 1519 4826 orientem
1542 4770 1571 4823 in
1589 4771 1707 4828 ridendo

912 4863 997 4918 solem
1012 4860 1181 4917 transvolans
1194 4869 1313 4917 atomum
1328 4859 1457 4915 momenti
1471 4874 1580 4930 aequare
1589 4859 1706 4927 videtur,

912 4959 1008 5008 etcum
1022 4950 1146 5006 celeritas
1161 4949 1320 5021 augelorum
1335 4948 1370 5003 sit
1392 4945 1519 5014 velocior,
1538 4947 1566 5001 iu
1588 4963 1641 5017 quo
1665 4948 1707 5003 his

912 5041 1040 5099 creaturis
1055 5055 1119 5096 caro
1138 5038 1236 5095 Citriati
1254 5036 1506 5110 superexaltabitur,
1528 5036 1551 5090 si
1572 5036 1645 5108 quod
1667 5045 1708 5092 est

911 5131 1022 5187 inctelo
1041 5137 1068 5185 ct
1086 5128 1113 5183 in
1136 5135 1220 5194 terra,
1249 5142 1304 5182 nou
1332 5126 1467 5199 potestati,
1497 5124 1545 5180 sed
1574 5124 1708 5181 celeritati

912 5220 1056 5279 ascribitur
1069 5218 1124 5289 (39)
1136 5219 1149 5273 ‘l

945 5416 1002 5489 (ιιι)
1018 5419 1119 5475 luctor
1131 5412 1276 5488 perspicax
1290 5410 1426 5485 sapienter
1443 5409 1531 5481 rejicit
1552 5412 1709 5484 opinionem
