3704 6000
140 216 189 274 571
643 216 833 277 GUlLLELdll
852 216 996 275 nastris
1015 216 1284 281 §.THEODORICI
1734 217 1788 277 572

134 341 253 412 oportuit
264 341 405 413 impertiri,
421 344 544 415 quamvis
571 360 620 415 pre
643 345 772 416 temporis
786 345 930 416 dispensa-
944 343 972 409 A
987 343 1037 399 bus
1052 367 1064 393 ι
1082 344 1200 413 utiliora,
1218 368 1229 393 ·
1247 345 1396 400 instructus
1412 360 1465 415 per
1484 342 1589 418 legam,
1616 342 1786 403 «confidis-

138 429 211 486 tioue
237 429 328 486 velata
349 440 376 487 et
413 434 529 490 occulta.
559 434 714 489 Secundum
743 435 793 490 has
820 441 935 504 quatuor
986 433 1187 504 praesumendo,
1206 433 1347 503 «teipsum
1364 454 1376 482 ι
1393 432 1537 489 sineduco
1552 432 1656 506 Spiritu
1682 440 1788 501 aneto,

137 517 314 585 differentias,
332 529 473 593 pertotum
488 537 586 593 corpus
600 522 681 591 liujus
695 522 818 593 epistolae
832 522 932 592 agitur,
989 543 1000 569 u
1018 536 1078 577 esse
1091 521 1188 577 ducam
1215 536 1362 587 caecorum,
1376 545 1387 571 ι
1403 531 1433 577 ut
1452 522 1561 593 utrique
1574 521 1678 577 cadatis
1698 521 1727 577 in
1743 524 1790 579 lc·

135 608 218 663 modo
232 607 266 663 de
280 607 391 665 bomine
405 611 456 666 Dei
482 610 665 682 singulariter,
680 611 761 667 modo
775 610 810 666 de
833 609 934 682 populo
988 624 1082 665 veam:
1098 632 1107 658 ι
1127 611 1217 666 lumen
1233 626 1325 666 eorum
1341 610 1431 683 quiin
1446 610 1565 666 tenebris
1588 619 1660 678 sunt,
1678 632 1690 658 s
1709 612 1789 682 qussi

136 695 188 750 Dei
202 696 377 768 generaliter.
396 721 407 745 α
424 698 463 767 Si,
482 699 602 772 linquit,
623 721 633 749 ι
653 708 679 755 tu
703 699 811 755 tndaeos
833 714 935 771 rogno-
988 714 1038 769 per
1052 707 1077 754 te
1093 698 1344 769 illuminandorum,
1362 698 1553 755 «eruditorem
1565 698 1790 771 »gentiumque-

138 784 296 839 minaris·
328 786 432 841 Peritos
459 788 611 842 animarum
633 788 811 855 medicus,de
830 787 936 843 duobus
988 786 1011 841 si
1026 787 1054 842 in
1069 786 1131 860 lege
1148 810 1160 835 n
1178 787 1375 859 insipientium,
1394 811 1405 837 a
1422 785 1746 859 magistrnminlantium,
1761 794 1791 843 ut

135 873 246 944 segrotis
274 874 400 942 alterum,
417 875 500 931 idest
527 893 615 948 genus
638 893 728 942 suum,
758 876 937 948 periculosius
989 875 1129 947 quasilsri
1143 876 1250 932 discant
1263 876 1298 931 de
1311 875 1374 948 lege
1389 876 1493 932 narnias
1511 874 1664 931 fabularum
1679 879 1790 932 restra·

137 960 233 1015 videns
262 971 405 1034 aegrotare,
421 964 571 1020 intirmatur
593 980 655 1020 cum
684 965 809 1036 infirmis,
819 965 937 1038 gentiles
987 980 1059 1033 rum,
1077 963 1249 1019 «trahentem
1277 962 1393 1019 formam
1421 964 1542 1019 scientiae
1571 971 1599 1019 et
1621 963 1748 1019 veritatis
1758 963 1786 1018 in

138 1048 236 1104 durius
263 1051 442 1122 redarguens,
471 1069 520 1110 nec
547 1069 665 1125 parcens
680 1072 688 1118 ;
704 1055 800 1110 eadem
815 1069 882 1111 vero
908 1053 936 1107 in
987 1053 1062 1124 legs,
1081 1076 1092 1101 n
1114 1053 1141 1107 id
1155 1060 1196 1108 ast
1210 1053 1353 1108 formatam
1368 1059 1395 1108 et
1419 1067 1513 1109 reram
1536 1051 1607 1126 legis
1633 1051 1788 1120 seientiam,

137 1136 239 1194 Judaeis
266 1138 380 1195 crimina
407 1140 548 1208 denotans,
564 1151 591 1198 et
619 1141 718 1199 leuiter
737 1142 934 1215 perstringens,
988 1142 1032 1198 cui
1043 1158 1141 1212 supera
1156 1141 1275 1212 adjicere
1290 1142 1436 1212 quidquam
1451 1141 1552 1197 audeat
1564 1155 1655 1198 nemo.

138 1231 168 1279 ut
183 1241 232 1295 per
245 1229 367 1299 gentium
395 1228 580 1286 obedientiam
594 1230 661 1286 istos
689 1239 821 1301 provocet
834 1231 868 1285 ad
885 1246 936 1300 pa·
1025 1230 1109 1286 Vana.
1125 1230 1173 1285 21.
1189 1261 1226 1271 —
1243 1254 1254 1279 n
1271 1230 1323 1300 Qui
1351 1245 1417 1302 ergo
1445 1229 1529 1284 alium
1553 1229 1648 1297 doces,
1671 1228 1785 1301 teipsum

138 1312 270 1384 tientiam,
285 1315 372 1372 donec
397 1333 473 1373 more
507 1319 674 1376 medicorum
703 1334 815 1375 causam
847 1317 936 1374 morbi
989 1333 1041 1374 non
1057 1319 1159 1375 doces?
1174 1318 1226 1388 Qui
1242 1318 1440 1390 praedicasnon
1467 1318 1624 1385 iurandum,
1639 1318 1786 1373 furaris.»

138 1400 255 1475 mitigat,
271 1403 298 1459 id
326 1412 367 1459 cst
389 1405 558 1475 superbiam.
575 1415 613 1474 ut,
630 1407 700 1463 sicut
726 1407 826 1463 medici
850 1406 937 1461 solent
989 1408 1072 1463 Fures
1100 1407 1200 1479 quippe
1227 1407 1313 1462 ludaei
1341 1406 1412 1462 inter
1433 1422 1462 1462 se
1490 1422 1579 1462 rerum
1607 1412 1789 1476 suarum3et

136 1488 238 1560 dicere,
263 1507 346 1548 causa
373 1494 508 1566 mitigata,
536 1496 656 1551 securius
682 1510 777 1551 curam
810 1495 937 1550 adhibeat
988 1496 1059 1567 quod
1074 1497 1152 1567 pejus
1167 1499 1218 1565 est,
1235 1495 1319 1551 iurari
1346 1495 1520 1552 volebantdc
1543 1495 1606 1568 lege
1630 1509 1728 1550 sanum
1743 1494 1789 1549 in-

137 1577 209 1635 circa
222 1580 403 1636 causativum.
430 1583 508 1639 Unde
525 1591 551 1639 et
566 1584 601 1638 ad
629 1583 755 1640 solatium
775 1582 937 1639 infirmitatis
989 1584 1126 1640 tellectum
1143 1599 1149 1638 :
1165 1584 1200 1640 de
1228 1582 1349 1640 Ecclesia
1376 1582 1503 1656 gratiam,
1518 1582 1553 1638 de
1565 1583 1670 1639 mundo
1689 1581 1789 1638 Christi

137 1682 310 1741 nequaquam
339 1670 513 1743 singulariter
541 1673 629 1729 adbuc
653 1687 701 1728 eos
728 1671 864 1743 coarguit,
887 1671 936 1726 sed
951 1697 977 1759 Β
992 1673 1150 1728 adventum.
1171 1672 1215 1729 Sic
1228 1674 1311 1728 etiam
1339 1672 1495 1738 camelitar,
1512 1671 1574 1743 plus
1588 1675 1680 1728 antem
1707 1671 1790 1742 spiri-

139 1755 240 1827 pariter
254 1773 315 1812 curn
329 1758 402 1815 aliis.
428 1759 508 1816 Nunc
522 1776 586 1816 vero
606 1767 667 1831 post
694 1775 866 1817 communem
888 1759 937 1815 ad·
993 1761 1102 1817 tualiter
1127 1760 1343 1827 moechabantur,
1377 1768 1437 1831 post
1463 1759 1702 1831 concupiscentias
1724 1773 1792 1815 sues

139 1845 329 1913 monitionem,
337 1847 395 1917 jam
406 1848 561 1905 liberiorem
571 1849 622 1905 sibi
635 1865 777 1906 aceessum
790 1847 825 1904 ad
836 1865 938 1921 agrum
992 1849 1091 1905 eundo.
1101 1849 1286 1921 Sequebantur
1295 1850 1376 1905 etiam
1387 1848 1460 1905 idola
1473 1849 1605 1921 gentium,
1615 1849 1678 1919 plus
1695 1855 1792 1904 autern

138 1949 217 1989 suum
227 1949 379 2008 aucupans,
390 1937 486 1994 validis
495 1939 633 1993 rationum
641 1937 877 2009 vinculisprimum
886 1954 939 2009 og·
992 1938 1065 1994 idola
1092 1938 1216 1994 cordium
1242 1954 1356 1994 suorum
1372 1956 1379 2002 3
1395 1938 1424 1992 in
1438 1944 1554 2009 utroque
1581 1936 1721 2010 sacrilegi,
1736 1951 1793 1993 non

139 2023 263 2097 greditur
290 2024 377 2098 ligare
400 2027 603 2097 phreneticum,
618 2035 647 2083 ut
662 2027 726 2100 quin
744 2034 841 2099 gentes
859 2026 939 2082 laeile
992 2041 1069 2082 sacra
1095 2027 1263 2083 collocantes
1295 2026 1321 2081 in
1355 2041 1444 2082 sacro.
1474 2025 1680 2081 luhouorabaut
1710 2025 1795 2081 otiam

140 2126 274 2184 sequaces
296 2113 421 2183 babebat,
435 2115 515 2170 etiam
540 2114 939 2187 Judaeorumduritiamgrstiae
991 2117 1077 2171 Deum
1087 2115 1158 2188 legis
1179 2132 1228 2186 per
1236 2115 1490 2187 prevaricationem
1511 2114 1598 2184 ipsius
1607 2109 1795 2186 legis,inqus

139 2202 289 2272 coaptaret.
304 2203 425 2276 Uterque
439 2204 511 2259 enim
527 2207 675 2260 secundum
698 2203 841 2275 praedictas
855 2202 937 2258 dille·
991 2205 1046 2259 sibi
1081 2205 1251 2260 aestimabant
1282 2203 1466 2276 gloriandum.
1481 2203 1685 2259 lobcnorabant
1714 2216 1793 2271 vero,

140 2289 299 2345 rentiassub
310 2291 382 2364 lege,
392 2308 440 2347 seu
448 2292 556 2364 scripta,
568 2291 747 2359 seuuaturali,
755 2300 877 2364 repertus
887 2299 937 2347 est.
992 2293 1056 2365 quia
1067 2309 1166 2349 nomen
1179 2294 1236 2362 eius
1248 2293 1425 2366 intergeutes
1442 2290 1626 2362 blasphemari
1643 2290 1792 2346 iaciebant.

177 2377 264 2435 Vsus.
281 2381 582 2437 ll-itt.-·Sieutem
611 2391 638 2437 tu
660 2382 770 2437 Judaeus
793 2381 938 2453 cognomi·
994 2383 1101 2438 Nomen
1127 2382 1227 2437 Christi
1242 2382 1427 2437 Christianus:
1440 2379 1512 2451 quod
1527 2396 1589 2438 cum
1617 2378 1794 2450 blasphema·

141 2466 226 2534 uaris,
238 2476 267 2524 et
277 2469 425 2541 requiescis
440 2470 469 2525 in
499 2471 572 2543 lege,
588 2470 758 2544 etgloriaris
786 2470 813 2525 in
828 2470 897 2537 Deo,
913 2477 941 2526 ιι
991 2478 1045 2539 ιιι,
1062 2471 1089 2525 in
1116 2478 1255 2525 auctorem
1283 2469 1401 2525 nominis
1432 2468 1602 2539 blasphemia
1634 2468 1793 2525 revertitur.

141 2554 213 2610 nesti
227 2555 390 2614 volontatem
410 2559 480 2628 ejus,
496 2565 523 2614 at
536 2558 638 2630 probas
662 2558 779 2628 utiliora,
795 2558 941 2614 instructus
993 2560 1052 2616 Hoc
1061 2566 1152 2615 autem
1167 2562 1200 2614 do
1233 2558 1375 2614 Ezechiele
1399 2557 1531 2630 propbeta
1552 2564 1721 2627 assumptum
1736 2563 1789 2612 ιιι.

142 2658 193 2714 per
205 2642 305 2717 legem,
321 2646 434 2703 contidis
464 2649 581 2719 teipsum
596 2663 658 2703 esse
669 2647 767 2704 ducem
795 2662 939 2715 caecorum,
994 2647 1050 2717 Qui
1065 2648 1139 2703 enim
1156 2647 1364 2719 hicsrguuntur
1387 2647 1484 2715 Judaei,
1497 2647 1554 2716 jam
1569 2645 1718 2702 Christiani
1740 2660 1795 2701 no-

143 2730 236 2787 lumen
249 2749 345 2790 eorum
379 2735 425 2807 qui
444 2735 604 2791 intenebris
621 2744 703 2806 sunt;
719 2735 884 2791 eruditorem
902 2735 942 2788 in·
994 2736 1077 2791 minis
1086 2736 1325 2807 erantparticipea,
1340 2735 1387 2790 sed
1413 2735 1477 2805 quia
1491 2735 1526 2790 de
1541 2734 1624 2806 priori
1637 2738 1713 2789 statu
1742 2748 1808 2790 suc·

141 2819 313 2893 alpientium,
330 2825 490 2897 magistrum
500 2824 654 2891 infantium,
670 2824 815 2880 habentem
824 2824 940 2878 sormam
995 2826 1075 2881 stulte
1098 2823 1295 2897 gloriabantur,
1323 2823 1452 2895 gentibus
1481 2839 1511 2879 sa
1541 2822 1744 2896 prseierabsnt3
1760 2824 1797 2879 dc

142 2909 261 2966 scientiae
277 2922 302 2967 et
317 2914 439 2969 veritatis
454 2914 482 2968 in
496 2914 593 2987 lege·
623 2913 769 2970 Sciendum
784 2912 940 2977 astomuio,
993 2913 1054 2986 ipso
1068 2914 1149 2984 priori
1164 2920 1235 2968 statu
1263 2912 1411 2984 prudenter
1438 2910 1474 2967 ab
1488 2910 1620 2983 Apostolo
1643 2910 1795 2966 humilian-

143 3013 204 3069 ιιι
227 2999 270 3054 hic
284 3001 362 3070 quasi
377 3002 404 3056 in
433 3001 544 3057 laudem
560 3000 621 3056 falsi
645 3002 731 3057 ludaei
754 3001 939 3073 proferuntur,
957 3010 1050 3110 Ctur.
1063 3002 1175 3073 Propter
1188 3000 1263 3073 quod
1290 3000 1372 3056 etiam
1398 3000 1471 3056 unde
1499 3015 1528 3056 se
1542 2999 1633 3073 magis
1648 2999 1797 3072 conspice·

140 3100 191 3157 per
204 3085 317 3143 ironiam
333 3089 448 3161 prelata.
458 3089 597 3162 Quidquid
617 3089 690 3146 enim
710 3089 754 3145 bic
773 3089 846 3153 dicit,
859 3087 940 3161 quasi
995 3090 1064 3145 biles
1090 3090 1299 3157 arbitrabantur,
1316 3094 1344 3144 ιι
1371 3088 1518 3159 gloriosos,
1551 3087 1579 3143 id
1610 3086 1707 3143 inutile
1737 3087 1796 3157 jem

141 3172 318 3246 emplastrum
345 3187 405 3248 est;
433 3194 486 3249 quo
506 3187 639 3234 tumorem
658 3178 794 3248 superbie
820 3177 896 3242 iacit,
913 3184 942 3231 ut
996 3179 1238 3249 comprobatesse,
1252 3185 1279 3232 et
1303 3175 1613 3248 supervacuum,legem
1636 3175 1744 3233 scilicet
1768 3181 1798 3231 et

141 3264 334 3336 comprimatur
355 3267 470 3335 vanitas,
500 3275 527 3323 et
549 3267 688 3323 detumeat
714 3266 840 3322 inanitas.
870 3264 941 3335 Quid
995 3267 1256 3323 circumcisionem:
1281 3281 1343 3336 quae
1365 3265 1454 3337 potita
1476 3264 1512 3319 ad
1537 3263 1728 3320 confusionom
1756 3262 1797 3320 ois

140 3352 213 3408 enim
227 3363 278 3409 tam
293 3355 372 3412 inane
387 3372 468 3428 quam
480 3356 586 3426 jactare
602 3355 673 3427 quod
689 3355 848 3419 nonhabet,
865 3363 941 3426 quod
995 3363 1082 3423 erunt,
1098 3354 1225 3427 quemad
1241 3352 1371 3426 gloriam.
1390 3354 1431 3409 De
1445 3352 1574 3425 legajam
1593 3351 1671 3420 dixit,
1687 3351 1725 3409 de
1737 3350 1796 3410 cir·

140 3457 196 3498 nou
208 3441 273 3500 iacit
287 3445 459 3514 praedicare?
474 3444 634 3517 languebat
649 3444 751 3516 quippe
764 3443 881 3515 populus
895 3442 941 3497 ille
996 3442 1164 3498 cumcisione
1179 3457 1245 3496 vero
1262 3458 1269 3495 :

146 3531 219 3587 circa
244 3534 366 3589 secunda
393 3534 486 3605 populi
516 3534 575 3601 Dei,
594 3533 613 3588 il
627 3540 669 3588 est
691 3533 764 3588 cirea
790 3530 942 3604 legem,da
1032 3533 1117 3586 Vsas.
1132 3534 1244 3587 iii-r
1262 3529 1452 3592 Circumcisio,
1467 3549 1479 3580 ι
1495 3528 1615 3600 inquit·
1634 3528 1757 3601 prodest,
1771 3528 1796 3585 si

141 3635 196 3691 qua
209 3629 323 3691 accepta
350 3621 532 3692 superbiebat,
548 3637 598 3677 nec
612 3629 705 3676 tamen
732 3636 793 3676 eam
808 3619 942 3691 implebat
995 3619 1085 3693 legem
1096 3619 1227 3675 observes
1237 3636 1244 3682 ;
1255 3644 1266 3667 ιι
1279 3619 1369 3691 legem
1379 3619 1473 3691 utique
1489 3617 1716 3675 circumcisionis.
1734 3617 1796 3675 ctr-

141 3706 187 3763 rel
201 3708 349 3764 carnaliter
363 3727 370 3773 ;
385 3718 412 3766 et
427 3711 505 3781 quasi
529 3725 701 3780 presumens
715 3708 749 3764 de
760 3725 801 3774 se,
820 3709 856 3763 ad
870 3722 940 3780 gra·
996 3708 1127 3765 cumcisio
1140 3708 1213 3763 enim
1228 3716 1269 3763 est
1289 3707 1650 3778 malasseamputare31ex
1672 3707 1796 3763 circurn-

143 3794 206 3850 tism
221 3796 326 3852 tardius
349 3798 504 3854 accedebat.
515 3798 544 3853 Si
571 3797 643 3853 enim
666 3813 732 3853 vere
760 3797 944 3867 requiesceret
995 3796 1107 3853 cisionis
1115 3797 1193 3852 bonis
1215 3795 1343 3866 operibus
1365 3795 1503 3862 insistere,
1519 3803 1547 3851 ut
1573 3794 1620 3851 fiat
1639 3795 1715 3868 quod
1729 3794 1796 3853 scri·

141 3881 172 3939 in
186 3881 260 3958 lege,
271 3894 297 3940 et
306 3885 471 3959 gloriaretur
483 3887 511 3941 in
521 3887 661 3942 Deozncn
671 3886 785 3955 iaceret,
803 3883 875 3958 quod
889 3901 942 3940 non
996 3894 1072 3956 ptum
1082 3892 1145 3939 est:
1165 3907 1176 3932 ι
1206 3885 1350 3941 Declinaa
1378 3884 1463 3945 malo,
1480 3891 1507 3939 et
1521 3882 1564 3940 iac
1586 3883 1689 3938 bonum
1704 3885 1796 3955 (Prot.

141 3971 297 4029 laciendum
325 3974 495 4046 praediceret.
523 3974 593 4039 «st,
612 3996 623 4022 s
640 3974 736 4047 inquit,
754 3996 765 4023 a
781 3981 808 4029 tu
835 3973 944 4028 tndaeus
996 3976 1102 4044 xxxvi).
1120 3972 1323 4029 »circumcisio
1350 3973 1433 4029 etiam
1460 3987 1526 4028 vera
1557 3980 1607 4038 cst,
1623 3970 1797 4030 circumcisio

141 4061 354 4135 cognominaris,
372 4083 385 4114 ι
401 4063 475 4137 quod
490 4078 544 4118 non
572 4077 612 4127 ea,
630 4077 698 4119 vera
721 4061 821 4133 quippe
849 4061 944 4117 tudaea
996 4062 1093 4125 cordis,
1102 4061 1129 4116 id
1140 4068 1180 4117 est
1194 4076 1260 4134 pum
1269 4061 1303 4115 ab
1326 4060 1400 4116 onini
1415 4060 1635 4130 concupiscentia
1646 4060 1795 4118 noluntas:

140 4149 266 4206 Ecclesia
281 4159 331 4219 est,
347 4152 425 4222 eujus
449 4150 629 4207 confessionis
655 4151 786 4207 decerem
812 4149 944 4206 Dominus
997 4150 1069 4221 quod
1083 4166 1138 4206 nou
1152 4148 1181 4205 lit
1208 4150 1295 4205 littera
1309 4149 1424 4206 docente
1451 4157 1478 4204 et
1492 4149 1613 4206 minante
1631 4149 1682 4205 aad
1700 4149 1797 4222 spiritu

141 4236 217 4295 Deus
229 4238 325 4306 induit,
341 4248 369 4296 et
382 4255 536 4313 cognomen
550 4240 652 4297 ducere
667 4239 795 4296 viderisa
807 4239 942 4308 Patribus,
996 4238 1140 4307 adjuvante
1155 4245 1182 4293 ιι
1206 4244 1331 4293 sanante.
1354 4258 1365 4285 s
1382 4236 1558 4293 circumcisio
1573 4252 1641 4310 ergo
1669 4236 1795 4309 prodest,

144 4327 273 4398 aquibus
287 4329 453 4401 degeneras,
470 4329 515 4400 qui
531 4329 769 4386 circumcisionem
784 4329 877 4385 carnia
890 4329 942 4383 ba·
996 4325 1019 4381 si
1029 4325 1118 4399 legem
1130 4326 1272 4383 observes.
1289 4325 1318 4381 Si
1327 4332 1417 4381 autem
1434 4325 1661 4396 prevaricatores
1681 4325 1763 4399 legis,
1781 4346 1793 4377 ι

140 4415 242 4473 bebant
256 4418 292 4473 ob
320 4418 491 4491 signaculum
519 4415 594 4484 fidei,
620 4418 855 4476 circumcisionem
875 4400 978 4473 ireresD
995 4423 1025 4471 ut
1038 4413 1174 4470 carnalem
1188 4414 1279 4485 potius
1294 4413 1424 4470 observes
1445 4413 1687 4480 circumcisionem,
1710 4437 1722 4463 ι
1740 4414 1796 4470 eir·

142 4505 235 4562 cordis
261 4507 297 4562 ob
324 4507 413 4579 ipsam
436 4505 531 4562 iidem.
547 4507 638 4579 Reges
667 4507 749 4563 etiam
776 4505 848 4562 soliti
860 4505 941 4562 eratis
995 4503 1125 4559 cumcisio
1141 4512 1186 4557 tua
1209 4502 1371 4575 praeputium
1386 4501 1455 4559 lacta
1482 4510 1534 4572 est,
1549 4527 1561 4553 ι
1577 4503 1606 4558 id
1619 4502 1711 4559 estad
1730 4502 1796 4560 inli-

142 4595 246 4651 habere
257 4595 292 4651 de
317 4596 391 4651 tribu
417 4596 498 4664 luda,
513 4603 627 4667 propter
653 4594 820 4667 quodetiam
846 4610 942 4650 omncs
995 4592 1132 4648 delitatcm
1147 4591 1329 4663 deputabitur.
1345 4590 1493 4664 Sequitur:

142 4683 227 4740 iudei
243 4683 464 4757 appellabamini.
475 4684 530 4741 Sed
557 4699 622 4741 cum
645 4684 782 4740 Christum
798 4699 893 4757 regem
907 4683 942 4740 de
1032 4683 1117 4738 Vasa.
1128 4684 1162 4736 ιι
1177 4688 1203 4736 ιι
1216 4683 1261 4737 27.
1276 4710 1312 4721 -
1328 4701 1339 4729 ι
1358 4679 1387 4736 Si
1401 4694 1469 4751 ergo
1492 4680 1655 4752 praeputium
1677 4680 1798 4752 justitias

145 4773 213 4829 tribu
240 4771 311 4830 tuda
326 4774 470 4847 negastis;
487 4780 513 4830 et
540 4789 658 4846 reguum
671 4782 698 4830 ιι
716 4788 817 4829 nomen
838 4773 943 4845 pariter
996 4768 1066 4842 legis
1079 4767 1225 4836 custodiat,
1240 4782 1330 4823 nonne
1356 4772 1520 4838 praeputium
1535 4767 1610 4823 illius
1628 4769 1657 4823 in
1672 4766 1796 4825 dmum·

145 4861 309 4933 perdidistis.
339 4861 561 4936 «acquiescis»
592 4878 689 4919 veron
709 4862 944 4935 inlege,»›eon·
996 4858 1126 4915 cisionem
1151 4857 1319 4928 reputabitur
1335 4875 1341 4911 :
1357 4865 1386 4912 st
1404 4855 1540 4926 judicabit
1563 4857 1637 4927 quod
1650 4866 1798 4913 oxnotura

147 4949 279 5007 demnans
292 4958 319 5007 ct
340 4951 458 5007 irridens
484 4950 576 5008 serios
603 4967 710 5007 errores
723 4951 864 5022 gentilium
881 4949 943 5006 :rel
997 4954 1038 5003 est
1055 4945 1216 5019 preputium
1230 4945 1323 5018 legem
1337 4960 1537 5013 consummans,
1550 4953 1576 5002 ιι
1590 4946 1636 5018 qui
1662 4961 1713 5018 per
1726 4945 1799 5003 litte-

144 5037 319 5111 requiescens
332 5038 359 5093 in
374 5038 479 5096 carneli
507 5038 580 5111 legis
607 5038 755 5107 intellectu,
771 5038 809 5094 nil
826 5038 943 5109 amplius
997 5051 1057 5092 ram
1069 5043 1096 5092 st
1110 5034 1345 5091 circumcisionem
1359 5034 1552 5104 prevaricator
1572 5033 1642 5107 legis
1662 5035 1722 5091 ssi
1739 5058 1752 5085 ι
1767 5035 1799 5093 Si

141 5136 249 5207 judicas
263 5137 447 5207 quarendum.
466 5158 478 5188 ι
493 5137 529 5193 Et
542 5135 669 5207 gloriaris
683 5136 712 5191 in
738 5137 795 5192 Dec
811 5149 819 5205 ;
838 5158 849 5183 a
866 5135 943 5206 quasi
997 5132 1169 5205 praeputium,
1181 5131 1278 5204 iuquit,
1293 5131 1321 5188 id
1335 5139 1377 5188 est
1388 5131 1433 5205 qui
1444 5147 1480 5188 ex
1494 5131 1627 5203 preputio
1646 5138 1795 5189 venerunt.

144 5234 290 5305 peculiaris
303 5233 354 5289 Dei
367 5233 492 5304 populus,
503 5241 531 5289 et
545 5234 610 5308 quia
624 5232 703 5306 quasi
717 5240 797 5288 notus
813 5233 840 5288 in
849 5231 944 5288 iudaea
997 5232 1054 5287 llos
1067 5231 1140 5287 enim
1164 5231 1282 5301 justitias
1309 5230 1378 5302 legis
1407 5230 1593 5287 custodientes
1612 5230 1755 5303 componit
1768 5238 1800 5289 et

145 5333 251 5385 tautum
264 5330 348 5386 Deus.
379 5331 437 5385 «Et
451 5331 522 5387 nosti
535 5332 704 5389 voluntatem
718 5330 787 5401 ejus,
803 5330 867 5401 quia
890 5343 944 5383 oon
998 5336 1138 5400 comparat
1162 5327 1274 5395 ludaeis,
1290 5326 1336 5399 qui
1357 5343 1407 5398 par
1431 5325 1547 5383 litteram
1561 5334 1589 5384 et
1611 5325 1798 5384 circumcisio·

146 5426 211 5484 lecit
225 5426 315 5483 taliter
325 5428 400 5483 omni
416 5428 529 5496 nedoni,
539 5427 739 5500 etiudieissua
753 5443 808 5484 non
826 5424 943 5483 manile·
998 5441 1064 5482 uem
1079 5423 1168 5481 cernis
1182 5423 1271 5497 legem
1299 5423 1523 5497 prevaricantur.
1537 5423 1600 5483 Non
1627 5431 1729 5493 antem,
1745 5424 1798 5492 ait,

150 5525 496 5620 staqriteisss'rctcxavu).
512 5550 525 5603 ι
541 5550 597 5577 -ι
611 5528 643 5585 Et
658 5527 808 5602 probans»
824 5525 859 5583 de
872 5526 944 5585 utili·
965 5588 971 5598 ,
998 5524 1087 5597 ipsam
1109 5522 1214 5597 legem,
1226 5522 1253 5580 id
1266 5530 1308 5580 ιιι
1333 5523 1422 5597 legem
1436 5536 1551 5594 operum
1573 5521 1741 5599 custodient.
1753 5522 1800 5584 ral
1823 5566 1828 5579 .
