3728 6000
65 226 119 281 537

613 227 1015 288 Exe081T10ttT1t1tttN
1034 230 1171 288 caurio.

1662 234 1714 287 538

68 346 123 403 cati
136 349 195 404 Dec
210 364 308 406 omnes
328 351 426 409 animm
447 352 529 423 vires,
552 353 675 422 virtutes,
700 353 865 420 voluntates,
880 352 908 414 tt
922 353 1015 411 incutit
1036 356 1175 413 horrorem
1189 357 1241 423 sui,
1257 365 1283 414 et
1298 374 1349 429 pro
1371 358 1509 414 saecularis
1529 356 1716 414 delectationis

68 436 247 511 intentione«,
262 439 430 514 affectiones,
446 459 495 515 per
508 443 637 499 virtutem
659 443 866 500 resurrectionis

67 524 221 583 liberatas
236 528 366 586 servitute
381 530 573 603 corruptionis,
589 537 617 588 et
631 532 801 602 subiectione
815 549 866 587 vn·

69 613 174 685 nitatis,
186 615 445 675 incommutabiliter
454 620 625 677 stabilientur
635 622 669 676 ad
683 622 763 693 plene
773 622 867 678 viden-

69 703 134 758 dum
150 704 223 776 quod
237 705 343 762 sensim
352 708 534 775 credebatur;
550 709 585 765 ad
599 711 750 767 certissime
764 712 868 767 haben·

69 792 135 847 dum
160 793 233 863 quod
257 795 361 866 trepide
384 800 558 870 sperabatur,
575 800 608 855 ad
623 800 708 856 solide
722 800 866 856 fruendum

69 880 143 952 quod
158 880 211 938 fide
222 884 373 940 emebatur.
384 887 449 944 Haec
464 888 536 944 euim
550 889 610 945 dies
625 890 689 946 vitae
703 890 784 960 hujus
798 889 868 961 aspi·

68 985 132 1024 rana
147 971 284 1027 mutabilis
298 984 349 1043 est,
362 991 411 1032 nea
425 977 580 1033 continuum
596 978 815 1051 hebetgaudium
827 978 868 1034 lu·

69 1057 152 1113 minis
162 1057 215 1129 sui,
228 1061 277 1117 sed
287 1064 371 1119 boras
382 1065 465 1121 habet
473 1082 545 1133 suas,
557 1067 760 1123 vicissitudines
769 1067 868 1140 gratim

69 1144 257 1203 illucescentis
274 1151 421 1207 accedendi
436 1153 470 1208 ad
483 1155 579 1222 Deum,
596 1154 631 1209 ad
646 1155 866 1211 illuminandum.

106 1241 174 1300 Dies
187 1253 278 1301 avutam
293 1247 364 1317 coeli,
374 1248 434 1304 dies
447 1251 685 1321 acerrimaeque
700 1268 782 1323 super
793 1254 863 1327 dies,

69 1332 105 1388 ab
119 1333 252 1389 omnibus
267 1335 379 1392 omnino
394 1338 497 1393 umbris
512 1339 606 1395 saeculi
631 1341 711 1410 hujus
735 1340 865 1408 feriatus;

920 461 990 501 vana
1013 444 1175 513 dulcedine,
1199 461 1293 502 veram
1317 455 1343 502 et
1366 446 1570 502 amarissimam
1597 446 1716 516 aspergit

921 534 1145 590 amaritudinem.
1169 537 1211 590 Ex
1226 550 1289 606 quo,
1306 551 1322 591 c
1337 535 1455 591 charitas
1468 543 1549 591 castae
1562 533 1718 607 generatio·

920 623 962 679 nis
977 633 1003 679 et
1017 633 1170 680 sanctarum
1191 624 1299 695 Sponse
1325 625 1487 691 animarum,
1502 625 1608 695 Sponsa
1624 630 1667 678 tua
1680 623 1717 678 ad

921 724 947 769 te
971 730 1080 785 semper
1102 713 1227 768 devotam
1252 713 1355 768 habens
1380 714 1552 777 voluntatem,
1568 711 1716 785 aliquando

922 804 1032 874 quidem
1053 804 1082 857 in
1106 801 1240 858 desiderio
1263 800 1410 866 cruciante,
1433 800 1577 873 aliquando
1602 815 1664 854 vero
1689 798 1718 854 in
1796 873 1798 876 Ι

922 908 1013 948 amore
1029 893 1147 956 fruente,
1157 889 1236 962 jugis
1249 890 1346 962 gaudii
1359 890 1531 944 stabilitatem
1547 889 1574 942 in
1588 896 1627 952 te,
1641 888 1676 942 de
1691 895 1717 944 to

922 981 1045 1037 obtinere
1060 997 1117 1036 non
1132 987 1220 1051 potest
1234 979 1261 1033 in
1276 981 1399 1049 tempore
1413 977 1608 1034 vicissitudinis
1627 975 1716 1043 hujus,

922 1086 1003 1142 quam
1020 1070 1069 1126 etsi
1085 1086 1120 1125 ex
1133 1083 1266 1139 responso
1290 1067 1369 1124 bonae
1392 1065 1568 1123 conscientiae
1590 1063 1718 1120 desiderii

922 1161 960 1214 tui
973 1159 1078 1232 jugiter
1099 1159 1178 1214 habet
1202 1157 1230 1212 in
1252 1156 1333 1212 bonae
1345 1155 1489 1212 voluntatis
1508 1162 1590 1222 statu,
1604 1169 1658 1209 non
1673 1159 1717 1208 ta·

923 1265 985 1304 men
1000 1248 1028 1302 in
1042 1247 1151 1303 affectu.
1176 1247 1243 1301 Cum
1258 1246 1333 1300 enim
1348 1243 1498 1301 secundum
1513 1241 1652 1314 sapientie
1665 1248 1717 1297 tuae

921 1338 1064 1405 rationem,
1091 1344 1118 1393 et
1141 1335 1245 1391 libitum
1271 1333 1431 1405 beneplaciti
1456 1331 1510 1401 tui,
1536 1341 1562 1389 et
1583 1329 1718 1402 judicium

70 1426 146 1478 totus
169 1431 250 1489 vacat
270 1422 365 1480 lumini
389 1442 449 1493 suo,
465 1427 566 1500 gaudio
580 1445 640 1496 suo,
657 1429 717 1486 siue
731 1431 868 1489 desiderio
919 1426 1033 1501 justilioe
1061 1434 1131 1492 luaet
1155 1424 1231 1481 Vfdls
1253 1431 1280 1478 0¹
1302 1423 1396 1492 Venisr
1426 1435 1619 1490 ⁰⁰⁰¹¹¹¹¹¹q⁰⁸¹¹¹
1648 1418 1718 1474 ⁵5⁰¹st

70 1509 135 1582 plus
150 1510 268 1580 volendi,
282 1513 341 1569 siue
367 1523 440 1570 metu
463 1515 607 1587 perdendi,
621 1519 679 1575 sine
694 1520 787 1576 dolore
803 1538 869 1592 per·
921 1532 999 1573 cerva
1013 1514 1166 1588 gratissima
1187 1521 1214 1569 et
1236 1512 1413 1585 gratissimus
1436 1509 1562 1565 hinnulus
1585 1506 1718 1578 permittis

71 1597 133 1653 diti.
150 1598 260 1655 lnterim
271 1617 337 1658 vero
346 1605 516 1674 exspectatio
526 1616 659 1663 creaturae
672 1609 867 1666 revelationem
921 1614 948 1661 te
963 1605 1015 1660 fide
1029 1601 1216 1675 apprehendit
1232 1617 1306 1671 ⁸aep0
1316 1601 1395 1656 elim
1406 1595 1529 1668 dignaris
1542 1594 1718 1652 medifflli⁰⁰⁶

71 1685 192 1743 filiorum
208 1689 258 1746 bei
273 1702 448 1763 exspectans,
466 1694 621 1767 ingemiscit
641 1706 667 1753 et
688 1699 804 1768 parturit
820 1715 867 1754 us·
881 1701 909 1762 Β
924 1694 1018 1763 tenen,
1032 1691 1180 1762 aliquando
1199 1692 1280 1747 etiam
1302 1703 1397 1744 amore
1415 1686 1572 1743 demulceri.
1588 1684 1643 1740 Sed
1656 1699 1717 1740 cum

70 1791 124 1846 que
138 1776 228 1834 adbuc
245 1794 252 1834 :
270 1789 297 1835 et
310 1779 362 1852 ipsi
378 1782 510 1851 primitias
533 1785 648 1855 spiritus
670 1786 803 1844 habentes
824 1789 868 1842 in·
923 1782 1108 1842 vehementius
1133 1779 1234 1836 teneris
1261 1783 1289 1835 et
1316 1776 1507 1833 delectabilius
1529 1774 1649 1840 haberis,
1670 1788 1718 1830 re·

70 1872 111 1919 tra
130 1866 294 1938 semetipsos
317 1878 447 1941 gemunt,
475 1872 649 1944 adoptionem
677 1874 794 1932 filiorum
820 1876 869 1932 Dei
922 1881 1003 1945 pente
1018 1870 1144 1936 elaberis,
1168 1877 1195 1924 et
1217 1866 1354 1926 currentis
1375 1874 1436 1937 post
1458 1874 1485 1921 te
1507 1863 1610 1920 amoris
1633 1861 1718 1918 anxia

70 1962 271 2025 exspectantes,
283 1957 500 2029 redemptionem
511 1961 632 2033 corporis
642 1963 683 2018 sui
693 1965 782 2033 (hom.
796 1965 866 2036 viu).
921 1960 1082 2018 lassitudine
1106 1968 1132 2015 et
1156 1957 1318 2030 fatigatione
1337 1952 1493 2020 delectaris,
1507 1951 1570 2008 dum
1587 1950 1676 2022 plorat
1689 1956 1718 2006 et

71 2041 214 2097 Consmm
230 2058 275 2099 eas
289 2044 464 2113 habentibus,
491 2049 590 2121 largire
613 2067 667 2106 non
691 2052 866 2127 habentibus,
921 2052 1024 2109 clamat
1038 2057 1098 2121 post
1112 2055 1138 2103 te
1152 2046 1266 2103 dicens:

69 2145 88 2186 o
113 2130 222 2202 Sponsa
245 2134 384 2190 charitatis
408 2143 436 2191 et
458 2138 605 2207 castitatis,
630 2149 658 2196 ut
681 2141 786 2212 Sponsa
810 2152 867 2213 tua,
959 2149 1142 2214 «Reverere,
1153 2143 1250 2200 similis
1260 2148 1319 2199 esto
1329 2156 1437 2212 capreae
1447 2138 1613 2209 hinnuloque
1623 2150 1717 2192 cervo-
1772 2169 1774 2173 >

69 2234 239 2292 quacunque
254 2221 301 2277 illa
315 2230 366 2292 est,
383 2222 473 2281 fidelis
486 2227 577 2281 anima
591 2227 726 2301 languens
744 2240 806 2303 post
831 2241 866 2299 te,
922 2254 978 2293 rum
988 2241 1186 2307 supermontes
1196 2229 1394 2298 Betbel(Curat.
1405 2246 1433 2297 u,
1446 2228 1499 2296 tr).
1513 2249 1524 2275 u
1538 2224 1622 2294 Quasi
1632 2222 1714 2279 dicii:

69 2315 98 2362 et
119 2307 251 2365 deficiens
264 2309 293 2365 in
307 2327 348 2382 se,
362 2311 492 2369 deficiens
516 2314 543 2369 in
567 2315 685 2375 salutare
709 2327 794 2387 tuum,
820 2321 869 2378 sed
922 2326 950 2383 Si
965 2324 1082 2398 quandiu
1093 2332 1199 2394 tempus
1209 2329 1235 2376 et
1249 2326 1356 2389 tempus
1367 2324 1418 2386 est,
1432 2331 1485 2372 non
1498 2314 1564 2370 mibi
1574 2312 1717 2380 concedis,
1781 2318 1782 2323 ’

68 2410 125 2451 nou
139 2411 158 2452 a
172 2397 285 2454 salutmi
300 2408 358 2469 tuo,
374 2402 496 2472 praelibet
520 2404 564 2461 hic
587 2405 696 2461 interim
719 2408 800 2465 boras
815 2411 869 2466 ali·
921 2424 950 2471 ut
966 2415 1080 2470 habeam
1096 2421 1121 2467 te
1133 2411 1238 2483 jugiter
1247 2409 1283 2464 ad
1294 2407 1447 2473 fruendum,
1459 2405 1554 2460 saltem
1568 2407 1628 2459 estc
1639 2401 1715 2458 velo·

68 2500 140 2558 quaa
153 2485 210 2542 diei
222 2495 285 2555 tuoe,
301 2488 389 2546 donec
400 2491 518 2562 accipiat
532 2492 603 2548 diem
619 2495 739 2566 plenum,
756 2515 816 2571 quae
841 2501 870 2557 in
922 2505 981 2563 cior
1002 2503 1036 2559 ad
1059 2501 1237 2565 redeundum,
1253 2497 1321 2553 sicut
1336 2497 1413 2552 velox
1427 2511 1457 2550 es
1471 2494 1504 2548 ad
1520 2491 1675 2548 abeundum
1688 2495 1717 2545 at

68 2571 122 2629 boc
136 2575 238 2631 woulo
259 2577 375 2633 exsultat
389 2578 456 2635 sicut
472 2579 558 2636 fidelis
573 2583 719 2652 Abrabam,
736 2597 764 2643 ut
779 2589 869 2645 videat
921 2610 965 2649 me
986 2590 1175 2648 deserendum.
1205 2587 1245 2642 Sit
1268 2583 1431 2641 vicissitudo
1453 2580 1628 2654 frequentior,
1651 2578 1717 2651 fuga

67 2661 142 2717 diem
166 2671 260 2730 tuum,
285 2666 373 2721 videat
397 2676 424 2722 et
448 2668 581 2739 gaudeat,
608 2680 634 2727 et
655 2674 784 2744 gaudium
807 2677 869 2747 ejus
920 2681 1033 2747 tardior,
1050 2677 1164 2736 celerior
1185 2675 1300 2740 reditus,
1326 2671 1469 2744 praescntia
1497 2668 1658 2725 familiarior
1682 2680 1715 2724 ac

67 2751 241 2808 nemotollet
256 2753 339 2810 ahea
355 2756 447 2825 (loon.
462 2761 535 2829 vm).
560 2760 599 2815 De
613 2760 755 2831 profundis
780 2767 868 2822 noctis
921 2769 1082 2826 diuturnior.
1099 2766 1190 2838 Magni
1214 2763 1279 2820 mihi
1303 2770 1343 2818 est
1365 2761 1408 2818 vel
1432 2766 1618 2816 momentanea
1641 2772 1715 2826 praa·

67 2839 194 2914 caliginis
210 2841 272 2898 vitae
287 2842 364 2912 buius
382 2847 559 2915 sperantibus
574 2849 601 2903 in
619 2858 653 2917 te,
670 2853 869 2923 suspirantibus
921 2859 1020 2924 sentia,
1036 2856 1079 2912 vel
1095 2855 1204 2911 modica
1222 2852 1301 2924 copia
1316 2851 1363 2917 tui,
1380 2851 1405 2905 in
1422 2849 1483 2904 visu
1497 2847 1545 2909 tui,
1561 2844 1715 2901 intellectus

66 2931 95 2983 et
110 2928 294 3000 aspirantibus
314 2931 348 2986 ad
370 2942 406 3000 te,
429 2935 529 3004 aspira,
555 2951 571 2992 o
595 2937 654 2993 dies
676 2940 792 3007 dierum,
808 2943 868 3000 dies
922 2947 974 3002 mei
1003 2944 1237 3017 quantulacunque
1266 2939 1392 3007 licentia;
1421 2936 1574 2994 susurrium
1603 2933 1715 3006 aliquod

66 3016 182 3087 virtutis,
198 3018 259 3075 dies
274 3036 355 3091 super
368 3021 437 3091 dies,
454 3022 512 3079 dies
526 3024 572 3096 qui
587 3042 626 3094 es,
643 3035 668 3083 et
684 3044 738 3084 non
753 3030 865 3097 deficis;
881 3055 906 3121 C
922 3036 998 3093 vocis
1012 3042 1076 3100 fura,
1092 3040 1185 3105 gustus
1200 3030 1245 3085 vel
1261 3029 1384 3085 modicus
1406 3025 1546 3082 mutilatis
1567 3030 1630 3090 luae·
1646 3021 1717 3079 0d01'

66 3114 92 3161 et
106 3114 220 3163 munus
233 3108 305 3164 intra
320 3118 346 3165 te
361 3111 464 3181 omnia,
480 3128 534 3168 non
549 3115 670 3170 mutaris.
690 3119 747 3172 Jam
762 3119 797 3174 ab
811 3120 865 3174 ali·
920 3131 1117 3194 unguentorum
1134 3129 1250 3185 tuorum,
1265 3118 1357 3187 aliqua
1376 3115 1498 3188 dignatio
1519 3112 1605 3169 osculi
1626 3110 1674 3179 tui,
1687 3114 1715 3166 et

66 3197 171 3263 quanto
182 3194 283 3251 lumine
294 3203 338 3253 tuo
347 3199 420 3267 quod
430 3200 557 3270 aspirasti
567 3201 864 3278 nobis,osoljustitiae,
920 3213 1094 3283 amplexuum
1117 3219 1235 3265 tuorum.
1261 3208 1325 3262 liaec
1351 3204 1422 3262 enim
1446 3203 1513 3259 mihi
1534 3209 1595 3257 sunt
1616 3200 1716 3273 pignus

65 3281 151 3338 radiis
165 3282 221 3339 tuis
235 3284 466 3342 manifestissima
481 3291 603 3345 veritatis
617 3295 680 3360 tuae,
696 3293 866 3366 aliquatenus
919 3302 1038 3374 spiritus,
1065 3301 1148 3355 arrha
1170 3295 1345 3353 beatitudinis
1368 3302 1492 3358 reternae,
1514 3291 1716 3346 firmamentum

66 3370 172 3427 umbrae
186 3371 247 3429 istae
262 3374 367 3442 mortis,
385 3376 493 3432 umbrae
518 3379 643 3435 vanitatis
663 3383 759 3437 saeculi
781 3384 866 3455 hujus
919 3390 993 3457 fidei,
1009 3388 1067 3461 spei
1083 3388 1177 3455 robur,
1192 3385 1358 3441 incentivum
1373 3380 1485 3437 amoris.
1507 3402 1518 3427 ι
1539 3379 1684 3435 Revertere
1700 3399 1713 3426 a

66 3458 234 3516 inclinantur
264 3463 365 3530 nobis,
389 3475 414 3519 et
440 3465 583 3521 manifesta
606 3467 636 3522 ht
659 3470 738 3526 nobis
763 3473 866 3530 vanitas
919 3493 999 3550 ergo,
1017 3477 1115 3548 inquit,
1132 3480 1276 3529 revertere.
1300 3471 1461 3533 devertere,
1477 3467 1603 3539 quamvis
1623 3463 1714 3520 sittim

65 3547 228 3615 vanitatum,
244 3555 272 3606 et
287 3551 431 3607 vanitatem
447 3570 506 3609 esse
523 3556 614 3610 ornnia
638 3560 817 3615 manifestum
840 3571 867 3617 et
920 3566 1053 3633 reiturus;
1068 3563 1181 3632 illapsus
1195 3558 1310 3628 laetifica,
1326 3558 1433 3627 elapsus
1448 3554 1600 3612 moestiiica.
1612 3555 1714 3610 Βοωιω

63 3636 128 3694 luce
153 3637 255 3694 clarius
269 3638 298 3694 fit
313 3641 391 3696 nobis
407 3660 414 3696 :
430 3644 465 3697 Et
479 3643 580 3699 utinam
605 3645 633 3700 in
657 3649 807 3720 semetipsa
826 3651 866 3708 sic
919 3654 986 3709 mihi
999 3659 1040 3708 est
1054 3648 1185 3721 quidquid
1206 3647 1256 3703 abs
1280 3654 1307 3702 te
1330 3645 1396 3701 mibi
1412 3653 1460 3708 est,
1477 3643 1606 3715 quoniam
1626 3642 1715 3698 bonus

64 3726 188 3783 eluceret
214 3727 295 3783 nobis
309 3737 355 3784 tna
371 3731 483 3801 veritas,
497 3732 568 3787 sicut
580 3733 609 3788 in
626 3733 726 3791 lumine
741 3741 799 3807 ejus
814 3755 866 3808 ap·
920 3743 989 3797 bene
1004 3739 1093 3796 omnia
1107 3738 1193 3805 facis3
1221 3746 1248 3793 et
1263 3736 1320 3791 sive
1335 3734 1427 3800 abeas,
1443 3733 1502 3789 sive
1517 3732 1623 3800 redeas,
1636 3729 1715 3805 jugi-

64 3824 143 3888 paret
159 3816 240 3872 nobis
253 3817 302 3872 ista
314 3819 443 3875 vanitas!
468 3821 620 3878 Prudenter
634 3824 705 3880 evrim
718 3826 865 3883 adverten·
919 3838 961 3885 ter
976 3845 1022 3885 me
1042 3826 1199 3884 consolatur
1221 3825 1273 3880 iste
1297 3822 1427 3889 affectus,
1451 3836 1628 3894 quoscunque
1650 3835 1667 3875 a
1689 3828 1716 3876 ta

65 3906 149 3973 tibus,
163 3914 191 3961 et
205 3905 355 3963 delumine
371 3908 491 3964 veritatis
512 3919 565 3966 ture
586 3911 638 3968 ista
660 3914 865 3982 aestimantibus,
919 3919 1006 3991 patiar
1019 3917 1155 3973 defectus.
1179 3912 1297 3979 Etenim,
1312 3911 1381 3966 sicut
1401 3909 1459 3981 jam
1482 3926 1561 3980 supra
1584 3908 1713 3974 diximus,

62 3993 125 4066 ipsa
140 4009 178 4049 ex
190 3993 364 4065 inseparabili
377 3996 529 4070 indigentia
539 4016 599 4067 sua,
611 4007 638 4056 et
649 4000 728 4058 insita
743 4004 864 4070 miseria,
919 4014 948 4062 ut
961 4020 997 4062 ex
1012 4021 1061 4060 usu
1076 4001 1193 4059 carnalis
1206 4002 1310 4057 amoris
1324 3999 1397 4056 circa
1409 3997 1578 4069 spiritualem
1592 4011 1715 4052 amorem

63 4091 92 4139 et
104 4081 280 4139 indeficiente
295 4085 413 4152 defectu,
425 4102 493 4142 vana
507 4104 536 4143 se
556 4089 676 4159 produnt
692 4107 753 4148 esse
767 4097 867 4149 etcou·
920 4100 947 4151 et
961 4093 1089 4149 affectum
1113 4090 1211 4162 Sponsi
1232 4097 1258 4145 et
1282 4090 1398 4160 Sponsae
1421 4087 1539 4157 aliquem
1564 4086 1716 4140 sentiamus

65 4171 244 4243 temptibilia.
273 4174 387 4244 Propter
407 4175 480 4245 quod
495 4177 597 4248 gratias
611 4177 658 4233 tibi
673 4188 757 4253 agunt
770 4197 865 4238 omnes
920 4181 1094 4254 experientiae
1119 4196 1238 4247 sensum,
1255 4177 1363 4233 videtur
1377 4192 1450 4247 saepe
1465 4175 1588 4246 Sponsus
1602 4172 1717 4243 Sponsae

64 4260 115 4317 filii
130 4259 201 4316 lucis
215 4269 277 4325 tusa,
293 4262 489 4334 etquicunque
504 4279 558 4320 uon
573 4274 638 4321 sunt
653 4268 770 4324 rebelles
785 4270 866 4326 lumi·
919 4272 996 4343 quasi
1015 4269 1172 4326 lasciviente
1192 4283 1284 4322 amore
1309 4265 1434 4330 illudere,
1451 4271 1478 4320 et
1492 4264 1590 4320 crebro
1610 4261 1715 4317 subdu·

62 4351 107 4405 nis
123 4349 174 4420 tui,
189 4350 289 4420 quibus
311 4349 368 4420 jam
392 4360 507 4407 eatenus
530 4353 651 4422 illuxisti,
668 4363 696 4411 ut
710 4357 737 4412 in
760 4366 787 4414 te
804 4359 861 4428 jnm
919 4376 983 4417 cere
1004 4375 1034 4414 se
1056 4357 1236 4414 vehementer
1259 4356 1379 4422 amanti,
1404 4369 1566 4424 rursumque
1600 4349 1715 4406 reddere

63 4437 231 4495 haecomnia
245 4438 286 4494 eis
301 4440 480 4507 innotescant,
496 4457 547 4498 nec
562 4442 707 4514 decipiant,
724 4445 789 4503 licet
807 4447 862 4502 illi·
876 4407 903 4468 D
918 4447 1100 4510 desideranti:
1117 4445 1212 4518 egredi
1228 4443 1374 4515 aliquando
1388 4449 1416 4497 et
1429 4441 1504 4497 abire
1518 4448 1643 4511 tanquam
1659 4452 1715 4492 non

62 4527 138 4583 ciant
151 4542 202 4583 eos
216 4527 364 4599 aliquando
377 4530 465 4585 adhuc
488 4539 514 4585 et
535 4530 699 4600 impediant,
726 4550 787 4590 cum
807 4536 863 4607 jam
917 4536 1063 4604 rediturus,
1075 4539 1105 4590 ut
1119 4534 1256 4590 ardentius
1266 4533 1432 4604 requiratur;
1448 4527 1554 4601 regredi
1565 4526 1714 4597 aliquando

62 4632 119 4672 non
134 4631 170 4671 ex
182 4613 284 4672 affectu
298 4621 433 4682 amentur,
450 4617 512 4673 licet
527 4617 674 4691 aliquando
687 4637 722 4676 ex
742 4623 864 4680 necessi·
918 4634 945 4682 et
968 4624 1069 4680 intrare
1082 4623 1117 4678 ad
1133 4622 1205 4676 illam
1229 4621 1308 4693 quasi
1332 4626 1464 4690 perpetuo
1486 4630 1643 4682 mansurus,
1659 4627 1713 4685 quo

63 4713 117 4761 tate
137 4707 277 4761 curentur.
295 4706 367 4760 Nam
384 4713 412 4760 et
426 4705 450 4760 si
463 4707 594 4763 memoria
619 4709 712 4765 saeculi
734 4727 863 4768 nonnun·
917 4713 1022 4769 dulcius
1046 4712 1082 4767 ad
1105 4709 1196 4766 oscula
1219 4708 1362 4770 invitatur;
1387 4704 1533 4776 aliquando
1556 4708 1630 4758 stare
1655 4708 1714 4772 post

63 4809 146 4865 quam
162 4793 286 4864 subrepit
308 4793 335 4849 in
360 4801 491 4862 mentem,
508 4811 556 4851 seu
569 4796 640 4852 venit
662 4797 689 4853 in
712 4801 862 4872 cogitatio·
918 4801 1059 4873 parietem,
1075 4807 1102 4854 et
1116 4798 1239 4868 aspicere
1263 4811 1313 4867 per
1336 4794 1478 4862 fenestras,
1494 4793 1568 4848 utad
1590 4790 1715 4848 excitan-

63 4899 128 4939 nem
141 4898 205 4939 cum
220 4882 313 4954 aliqua
327 4881 517 4951 delectatione,
529 4886 623 4941 statim
637 4887 864 4946 obviatvoluntas
917 4891 983 4945 dum
1004 4886 1170 4943 desidorium
1191 4884 1308 4940 amantis
1327 4882 1452 4938 videatur
1478 4882 1640 4946 blandiens,
1665 4877 1716 4935 sed

64 4970 217 5046 evigilante
238 4971 266 5027 in
288 4970 419 5028 memoria
434 4973 551 5040 ratione,
567 4981 594 5029 et
607 4974 756 5046 adjurante
770 4986 863 5035 sancto
917 4993 972 5032 non
987 4984 1076 5042 totus;
1093 4973 1218 5030 audiatur
1232 4987 1333 5028 vocans
1348 4987 1396 5027 seu
1414 4969 1542 5037 invitans,
1558 4967 1607 5025 sed
1621 4983 1715 5025 remo·

64 5060 170 5133 Spiritu
185 5060 332 5116 humanam
354 5059 550 5130 infirmitatem,
572 5063 702 5119 continuo
725 5065 864 5135 aspirante
917 5073 969 5120 tus.
985 5063 1089 5120 Deinde
1105 5076 1171 5118 vero
1183 5061 1261 5133 quasi
1276 5060 1339 5132 igne
1349 5073 1480 5115 succenso
1491 5057 1517 5113 in
1528 5058 1610 5115 corde
1622 5072 1713 5112 aman·

63 5149 169 5207 lumine
189 5153 235 5206 tuo
258 5148 421 5206 inclinantur
438 5150 544 5206 umbrae
569 5151 623 5207 illae
639 5168 673 5207 ex
691 5154 863 5226 contempla·
917 5154 961 5221 tis,
976 5152 1032 5208 abit
1055 5167 1165 5223 prorsus
1188 5164 1221 5206 ac
1243 5147 1361 5213 recedit,
1387 5155 1417 5202 ut
1439 5162 1490 5203 uec
1514 5146 1648 5212 videatur,
1665 5162 1716 5203 nec

66 5238 142 5296 tioue
155 5237 229 5294 illius
251 5238 393 5307 vanitatis,
417 5245 443 5293 et
465 5238 645 5310 conceptione
668 5250 722 5297 tue
741 5242 864 5299 veritatis
917 5242 1053 5309 audiatur,
1078 5255 1129 5296 nec
1149 5237 1288 5294 sentiatur.
1316 5238 1423 5308 Sponsa
1446 5251 1512 5293 vero
1535 5251 1596 5292 cum
1620 5243 1715 5293 tenere

65 5337 207 5393 voluntate
225 5350 356 5393 conversa
378 5335 407 5391 in
429 5352 548 5391 amorem
573 5345 657 5400 tuum.
675 5339 818 5406 intantum,
835 5347 864 5394 ut
917 5355 971 5395 non
986 5344 1075 5409 potest
1090 5337 1245 5402 abeuntem,
1260 5332 1354 5390 saltem
1376 5332 1523 5406 aliquando
1544 5349 1605 5389 eum
1626 5331 1714 5391 redire

62 5435 122 5506 jam
143 5436 221 5491 safra
242 5441 271 5490 te
293 5447 348 5490 non
367 5433 479 5504 recipiat
502 5433 620 5506 aliquam
644 5434 861 5492 delectationem.
916 5434 1034 5509 postulat
1057 5432 1197 5491 aedicit:
1218 5433 1402 5498 «devertere,
1423 5431 1522 5488 dilecte
1545 5431 1593 5498 mi,
1617 5430 1720 5492 similis¹

65 5531 221 5606 Statimque
233 5530 283 5589 lux
302 5537 356 5603 tua,
371 5547 389 5589 o
403 5530 464 5589 dies
478 5530 594 5602 dierum,
610 5532 749 5590 memoriae
769 5532 862 5591 saculi
917 5541 977 5591 esto
999 5548 1106 5608 capreae
1128 5529 1298 5604 haculoque
1323 5545 1465 5599 cervorum
1493 5545 1576 5604 super
1606 5531 1715 5587 montes
