3728 6000
129 248 175 307 tls
517 252 642 310 lubili
662 250 867 311 canonicali
885 248 1182 309 diutiulaetatus.
1197 277 1233 289 -
1252 246 1324 303 Lili.
1348 247 1384 301 11.

1724 242 1776 297 150

127 374 156 430 de
176 377 302 432 mortuis
329 377 509 449 seputturam
538 379 676 435 violenter·
698 382 831 450 ecipuat,
852 380 921 435 dnm
936 377 963 438 Α
978 377 1149 433 medicinam
1164 374 1317 447 provideat.
1336 369 1774 427 iliserealuinnimarnmearum

127 466 223 519 essetis
237 469 270 521 in
285 469 923 540 partibusaustrisjudiciumsubtersuqerunt,

125 559 151 608 et
168 556 200 608 in
215 555 390 611 discessione
406 561 501 612 uestra
526 560 562 614 ad
585 560 701 614 ouailia
727 559 923 633 quorumdam,

125 644 170 713 pui'
194 643 228 697 iii
245 644 371 701 Ecclesia
389 646 441 702 itta
463 650 491 702 et
516 646 682 703 reddituum
708 653 736 703 et
759 647 924 717 facinorum

124 733 282 803 participes
296 739 376 796 sunt,
393 737 595 807 coiisuperunt.
611 738 659 792 itis
671 736 923 803 interventoribus,

125 836 245 891 quorum
259 823 390 879 consitiis
403 840 521 895 repaum
546 827 721 882 Francorum
750 825 883 882 turbatur
895 831 924 881 et

126 912 278 982 turpatur,
297 912 443 984 simplices
465 930 549 970 aures
565 917 637 985 repis
650 917 724 971 sicut
745 919 774 970 et
797 917 829 971 ia
856 915 923 972 aliis

123 1000 226 1054 multis
237 999 425 1070 deceperunt,
435 1005 463 1058 et
474 1021 491 1058 a
506 1003 619 1060 domino
633 1010 740 1066 mistro,
751 1005 776 1059 si
787 1009 883 1061 tomen
893 1004 922 1061 id

119 1088 316 1160 credipotest,
332 1091 522 1162 prioitepium,
547 1093 618 1163 quod
645 1109 786 1166 nusquam
800 1099 828 1149 et
847 1110 921 1149 nun·

118 1178 345 1244 quomauditum
355 1180 425 1247 suit,
434 1180 635 1251 tatenlei·(aoa
645 1183 733 1239 aulico
740 1184 817 1238 enim
827 1184 920 1241 dicere

118 1265 246 1336 quatiter
260 1268 316 1338 ipsi
330 1268 444 1338 dicuat)
459 1275 655 1326 extorserunt.
683 1273 736 1326 llas
755 1272 876 1329 insidias
891 1277 920 1328 et

118 1354 200 1409 Debet
212 1358 834 1431 oestroauxiliomcputaoeramproeoenisse.
849 1361 916 1424 Sed.

118 1448 149 1497 ut
177 1444 270 1502 uideo.
291 1462 348 1501 aon
366 1453 407 1502 est
433 1448 477 1502 uia
493 1448 617 1504 boiniais
633 1451 664 1505 ia
679 1452 850 1521 manuejns,
865 1468 918 1507 nec

118 1534 172 1587 oiri
189 1538 237 1588 est
254 1538 288 1590 ut
315 1534 421 1604 diripat
439 1553 552 1607 pressus
570 1554 643 1594 suos.
661 1540 684 1593 Α
709 1542 824 1595 ltoniino
839 1542 917 1596 enim

115 1637 228 1690 pressus
244 1622 368 1679 bominis
380 1625 546 1695 dii-ipuntur
555 1630 648 1691 (Pron.
657 1629 764 1695 iridi).
778 1629 833 1701 ipsi
842 1646 914 1693 uero,

979 483 1041 539 ptius
1055 482 1084 520 se
1096 466 1236 538 petierint
1247 463 1389 533 adiuuari,
1403 466 1429 516 et
1446 478 1502 514 iion
1511 460 1772 533 poterintadipisci.

979 555 1146 610 biberentur
1159 552 1293 624 pauperis
1310 552 1446 612 ecclesia’,
1470 565 1553 621 qaam
1577 550 1636 618 ipse
1658 550 1773 620 propria

977 658 1064 696 manu
1081 641 1222 698 dedicauit
1238 659 1246 701 ,·
1258 639 1294 693 od
1309 641 1390 708 ciijus
1406 639 1623 708 oppressionem,
1635 638 1693 691 imo
1707 637 1772 691 des·

977 727 1686 797 tructioiirm.talesaiaclnnasdioboliislbbriconit.
1699 727 1770 781 i'nlc.

1012 829 1129 900 Legatus
1148 842 1165 881 a
1184 827 1306 879 Tariona
1329 824 1413 879 italico
1437 824 1544 878 civitate
1568 839 1724 894 regressus,
1754 838 1771 877 a

975 916 1086 972 domino
1101 932 1169 987 papa
1185 914 1284 969 litteras
1298 913 1403 976 detulit,
1420 913 1447 966 in
1471 911 1568 983 quibus
1596 911 1769 982 privilegium

974 1014 1072 1063 eontra
1087 1004 1257 1076 privilegium
1275 1019 1411 1072 nunquam
1438 1017 1468 1056 se
1490 1003 1587 1056 iecisse
1598 1001 1665 1054 dixit
1681 1019 1688 1063 ;
1705 1008 1730 1056 et
1746 998 1770 1054 si

974 1094 1038 1165 quid
1055 1094 1214 1167 quaestionis
1228 1094 1299 1147 inter
1315 1093 1462 1146 monaclios
1477 1100 1503 1146 ci
1517 1091 1664 1144 canonicos
1681 1089 1768 1144 liabe-

972 1194 1056 1247 retnr,
1073 1184 1109 1238 ad
1133 1183 1263 1237 domnum
1291 1182 1446 1244 Cononem,
1463 1180 1508 1251 qui
1524 1185 1622 1232 nastris
1637 1179 1725 1233 adliac
1740 1178 1768 1231 in

973 1272 1095 1344 partibus
1111 1272 1229 1327 vicarius
1248 1274 1307 1339 ejus
1322 1271 1491 1333 moi-abatur,
1512 1277 1540 1322 tii
1566 1276 1709 1337 proruerent
1721 1266 1766 1320 in-

971 1362 1048 1416 disti.
1066 1362 1110 1417 Sic
1124 1361 1178 1415 iilis
1193 1359 1382 1416 deficientibus
1398 1357 1573 1411 fraudulentas
1585 1355 1768 1425 subreptionis

970 1466 1016 1504 ars
1031 1450 1154 1521 deperiit,
1173 1458 1201 1505 et
1216 1449 1333 1511 fabricii,
1350 1464 1409 1517 qtae
1425 1446 1546 1501 iaisitaiis
1561 1444 1766 1499 landemarum

971 1539 1074 1601 babuit,
1104 1539 1223 1594 evanuit.
1262 1536 1315 1592 Sed
1343 1538 1470 1607 qnoniam
1500 1532 1711 1588 innumerabiles
1736 1533 1765 1587 in

969 1628 1020 1682 liae
1035 1643 1118 1683 causa
1139 1628 1259 1682 minutia:
1274 1625 1458 1680 narrationum
1475 1623 1552 1677 nobis
1568 1630 1722 1688 occurrunt,
1739 1628 1766 1677 et

115 1710 239 1780 enodat
260 1713 573 1782 ipnominiamdomiai
591 1716 1092 1799 nostripopioesoncloe-Bbrevitati
1128 1717 1232 1771 servire
1273 1716 1454 1778 decrevimus,
1491 1711 1657 1766 diiiiisiorem
1684 1718 1765 1780 atquc

113 1815 164 1870 qne
174 1801 311 1856 nomano
325 1801 458 1858 Ecclesia
470 1806 608 1877 pertinet,
622 1807 802 1877 pirioi'lepi'um
812 1813 914 1865 contra
968 1804 1171 1875 diligentiorem
1193 1804 1231 1860 rei
1248 1803 1327 1874 liujus
1337 1803 1522 1857 narrationem
1538 1800 1687 1869 posteritati
1702 1800 1762 1854 dis·

113 1888 297 1959 priuitepium
325 1906 355 1947 se
373 1891 474 1949 babere
487 1896 655 1963 partientes.
672 1897 755 1951 solito
766 1899 913 1969 nequiores
967 1896 1109 1949 serendam
1127 1893 1294 1963 reliquimus.
1327 1891 1379 1947 Vos
1401 1905 1465 1946 vero
1480 1890 1524 1961 qai
1539 1888 1760 1943 blauriniacensis

112 1978 306 2050 effectivum.
339 1982 373 2035 tt
399 1987 501 2039 contra
518 1985 647 2053 patrium
671 2001 787 2046 irionem,
812 1991 913 2043 contra
968 1984 1098 2038 Ecclesiae
1112 1982 1158 2036 liiii
1173 1982 1252 2049 estis,
1273 1980 1317 2052 qui
1347 1980 1460 2034 domum
1489 1986 1607 2033 vestram
1637 1978 1760 2050 diligitis,

112 2068 353 2125 consuetudinem
368 2073 498 2127 oiiini'uni
524 2073 725 2136 Ecclesioriim,
742 2080 841 2131 contra
851 2078 911 2147 jus,
967 2073 1070 2127 nullum
1085 2088 1133 2128 cos
1149 2073 1249 2127 babere
1264 2069 1435 2140 privilegium
1445 2076 1543 2123 contra
1559 2082 1608 2121 ros
1624 2083 1676 2137 pro
1686 2074 1761 2121 certo

110 2161 214 2211 contra
230 2173 363 2222 canones,
380 2165 480 2216 contra
495 2160 582 2217 licum
596 2164 912 2235 sepulturasprooioros
966 2160 1090 2215 credatis.
1107 2159 1213 2231 Siquid
1243 2158 1354 2224 habent,
1380 2156 1502 2226 proiecto
1517 2163 1612 2210 contra
1628 2171 1677 2210 ios
1692 2154 1760 2209 nihil

111 2251 245 2316 eoeipuid,
261 2252 290 2302 et
304 2249 445 2309 omnibus.
456 2254 488 2304 ut
499 2248 568 2306 aiibi
579 2268 628 2321 pro
638 2253 842 2309 salnteaiiimoe
852 2270 912 2309 suoe
966 2249 1078 2304 babent.
1098 2249 1138 2304 id
1154 2248 1289 2304 cumulum
1309 2247 1390 2301 etism
1405 2244 1604 2316 persecutionis
1619 2244 1762 2314 promissis

108 2336 227 2404 sepeliri
242 2352 299 2391 non
316 2339 438 2408 possint,
453 2341 664 2395 cmiiradicunt.
677 2341 738 2397 dict
752 2358 809 2396 non
820 2348 910 2407 potest

109 2428 236 2493 quantus
247 2424 315 2481 bisc
324 2428 422 2499 populi
430 2430 702 2489 tumultusorintur.
710 2436 826 2503 quante
835 2433 912 2488 nobi·

110 2512 180 2566 lium
197 2515 392 2584 querimonia.
412 2522 520 2588 quanta
535 2521 673 2584 conuicia,
698 2525 812 2589 quanta
823 2522 911 2577 innte-

107 2599 253 2657 dictiones
269 2603 468 2660 tScandutum
482 2606 533 2663 boc
550 2607 613 2678 jam
642 2607 735 2664 mulla
757 2610 911 2666 homicidia

107 2692 273 2747 seminavit.
289 2690 417 2762 Stupciit
430 2698 460 2750 ei
473 2695 657 2751 admirantur
668 2713 765 2753 omnes
789 2715 806 2754 a
824 2701 908 2766 uobis,

965 2338 1122 2411 ingentibus
1136 2354 1183 2393 rex
1200 2337 1352 2392 Ludovicus
1375 2341 1518 2389 attentatus
1548 2340 1598 2395 est.
1629 2340 1760 2403 quatenus

965 2428 1065 2484 donum
1093 2430 1273 2482 ecclesiarum
1304 2425 1428 2480 Veterum
1465 2424 1648 2491 stamparum,
1688 2420 1761 2492 quod

966 2526 1044 2587 pater
1067 2517 1126 2587 ojus
1150 2525 1177 2571 et
1191 2515 1248 2586 ipso
1269 2515 1370 2569 iecerat
1385 2512 1538 2583 dissiparet.
1555 2511 1608 2565 Sed
1625 2526 1762 2580 nunqnam

965 2606 1023 2661 Deo
1037 2606 1155 2676 propitio
1170 2604 1297 2676 procilius
1310 2603 1353 2657 vol
1363 2601 1482 2672 praemiis
1492 2600 1526 2654 ad
1538 2609 1641 2653 lantum
1657 2599 1760 2654 lacinus

965 2695 1052 2764 potuit
1080 2693 1217 2750 inclinari.
1248 2691 1321 2746 inter
1349 2693 1398 2745 bos
1422 2699 1511 2743 autem
1545 2689 1640 2742 barum
1669 2688 1758 2741 maxi-

108 2780 351 2852 quisepulturnm
366 2787 426 2837 tom
441 2799 535 2841 seuere
553 2785 722 2848 damnastis,
739 2789 910 2844 loiitismuti
964 2799 1069 2837 marum
1103 2782 1328 2838 nebiiiosissimos
1368 2781 1491 2834 turbines
1534 2777 1758 2848 inquietudinum,

106 2870 240 2938 fomenta
256 2873 388 2942 propredi
395 2873 530 2944 poluisse.
542 2874 601 2930 lion
611 2875 686 2930 enirn
700 2875 909 2934 diversari-taut
964 2872 1087 2927 Ecclesia
1101 2873 1149 2927 Dei
1161 2880 1240 2941 caput
1250 2870 1382 2942 erigebat,
1400 2876 1426 2922 et
1440 2868 1513 2922 velat
1528 2883 1642 2938 granum
1658 2866 1760 2934 sinapis

106 2974 136 3014 se
151 2973 197 3014 res
212 2959 306 3019 babet.
320 2960 369 3015 sed
384 2962 499 3030 penitus
519 2965 681 3019 coritiarins
695 2967 826 3022 canonici
840 2982 908 3023 sen·
964 2960 1191 3031 frequentissimis
1222 2958 1428 3014 contusionibus
1468 2956 1561 3011 lortius
1600 2955 1753 3010 redolebat.

107 3049 217 3103 untias
232 3054 406 3111 asseuerant,
423 3055 452 3105 et
464 3051 535 3120 quod
549 3053 606 3108 solo
631 3053 734 3109 auditu
754 3059 836 3125 nefas
851 3061 906 3135 est⁸
962 3051 1145 3121 Nequaquam
1163 3049 1235 3103 enim
1258 3048 1343 3102 abbas
1366 3055 1503 3102 consuetae
1518 3044 1601 3117 rogim
1615 3044 1758 3098 iaiuiliari-

105 3136 908 3212 prioitepioprioitepiumcontritissesejoctilantd’rccoi·
962 3140 1024 3194 tatis
1039 3139 1182 3211 privilegio
1202 3140 1345 3194 frustratus
1360 3143 1412 3191 est.
1434 3135 1487 3191 Sed
1499 3151 1520 3187 si
1536 3134 1563 3187 in
1574 3135 1666 3204 aliquo
1681 3133 1757 3190 deci·

106 3225 418 3296 ipiturenceitentiam
437 3230 729 3287 luamutsubuenins
757 3234 907 3290 animabus
961 3228 1039 3282 derat
1054 3227 1240 3298 frequentibus
1268 3234 1294 3281 et
1321 3224 1463 3297 colloquiis
1477 3233 1502 3278 et
1518 3223 1633 3277 serviliis
1663 3238 1754 3278 resar-

104 3324 157 3379 pro
171 3310 273 3380 quibus
288 3308 555 3369 ctrtstusmoriuas
569 3318 620 3377 est,
637 3331 672 3370 ne
684 3317 816 3389 princeps
830 3323 907 3375 lene·
959 3317 1031 3372 civit.
1049 3317 1202 3386 inspiranto
1227 3315 1308 3387 igilur
1336 3315 1454 3385 primum
1474 3312 1565 3366 divina
1580 3311 1678 3382 gratia,
1695 3312 1754 3366 sino

104 3398 223 3453 brucum
234 3404 262 3455 et
276 3399 372 3470 prodo
399 3405 559 3457 nocturnus
581 3419 628 3458 eas
650 3405 781 3475 rapiendi
792 3423 845 3478 per
860 3423 905 3462 uos
959 3406 1038 3475 cujus
1052 3405 1152 3461 auxilio
1166 3403 1256 3458 nulius
1273 3408 1341 3457 bene
1363 3409 1450 3472 potest
1472 3404 1590 3471 operari,
1609 3415 1640 3453 ac
1655 3400 1754 3453 deindo

104 3488 235 3543 inueniat
249 3492 434 3545 occasionem.
454 3493 570 3549 b'teisi'm
581 3494 755 3563 juberentur
768 3497 904 3551 orationi·
958 3494 1065 3549 abbatis
1079 3493 1210 3549 industria
1224 3492 1407 3563 subsequente
1422 3490 1508 3544 multo
1521 3499 1653 3557 tempore,
1664 3488 1755 3543 multis

104 3576 156 3632 bus
188 3582 288 3635 sanate
302 3594 336 3633 oc
359 3579 532 3651 reputariler
548 3583 712 3648 uiuentium,
737 3588 766 3639 et
794 3601 848 3641 sua
874 3591 904 3642 et
958 3584 1094 3654 precibus,
1112 3583 1204 3637 multis
1223 3581 1366 3637 itineribus
1382 3581 1663 3651 peractis,commune
1678 3577 1753 3650 regis

103 3669 264 3723 animorum
274 3684 515 3741 suorumcorpora
524 3687 580 3726 noa
590 3672 679 3727 solum
690 3672 786 3730 iatoco
795 3679 902 3742 nostro,
958 3682 1123 3744 preceptum
1138 3672 1171 3726 ad
1183 3671 1378 3725 munimentum
1389 3668 1469 3738 liujus
1481 3669 1531 3723 loci
1544 3676 1753 3741 nostrarumque

102 3757 291 3812 verumetiam
309 3762 337 3813 et
350 3758 409 3813 atio
425 3760 483 3816 loco
503 3764 530 3815 et
555 3761 728 3833 temporibus
743 3765 860 3828 nostris,
876 3769 905 3821 ct
957 3777 1160 3832 possessionum
1182 3760 1303 3816 omnium
1327 3767 1380 3812 tam
1404 3758 1551 3811 saturarum
1578 3773 1658 3826 qaam
1679 3774 1753 3828 prer-

102 3844 905 3919 satepunmbrcusnostersundaietur,consuetudinarie
957 3851 1074 3905 sentium
1104 3849 1215 3919 adipisci
1245 3847 1401 3919 promeruit.
1430 3846 1541 3901 Fecerat
1569 3846 1651 3910 idom,
1681 3846 1753 3903 sicut

102 3934 902 4014 (mutamportariiioenapcliri.madauamjmtam
957 3939 1102 4005 leniebatur,
1132 3955 1178 3993 rex
1224 3937 1365 4008 Phiiippus
1393 3936 1421 3990 in
1449 3936 1524 3989 initio
1552 3935 1751 3990 constitutionis

102 4023 140 4077 sit
155 4027 184 4077 et
199 4023 275 4079 ratio
289 4028 440 4090 monstrat,
455 4030 484 4081 et
495 4029 654 4084 auctoritas
666 4029 773 4097 firmat,
790 4035 818 4086 et
833 4048 902 4088 con·
957 4029 1036 4099 buJus
1061 4028 1209 4092 ecclosiae;
1229 4027 1278 4082 sed
1298 4025 1455 4080 fundatores
1486 4025 1610 4078 monaclii
1644 4024 1751 4080 Flavia·

102 4112 223 4167 suetudo
237 4112 358 4168 clamat.
380 4114 513 4187 deceptis
540 4120 637 4172 nutem
662 4118 706 4173 ln‘s
726 4135 788 4190 quoe
801 4120 836 4177 de
850 4120 902 4177 boc
956 4135 1051 4174 censes
1067 4118 1107 4173 vel
1124 4117 1190 4171 illud
1218 4118 1374 4182 amiserant,
1396 4113 1451 4175 roi,
1467 4113 1536 4168 sicut
1550 4114 1641 4183 opinio
1658 4114 1751 4168 verisi-

102 4202 254 4257 sententiu
269 4201 301 4257 in
316 4207 452 4274 promptu
471 4220 517 4260 cas
532 4203 632 4261 babere
646 4209 791 4277 conspexi,
807 4210 902 4280 accipe
955 4208 1043 4261 milior
1071 4206 1234 4271 habebatur,
1250 4205 1315 4260 binc
1334 4203 1504 4258 discedentes
1532 4211 1558 4255 ot
1586 4203 1748 4259 dissidentes

100 4288 171 4363 quit
184 4289 253 4345 binc
268 4291 365 4346 beatus
380 4292 562 4363 Auqusliniis
577 4295 693 4350 sentiat.
706 4296 809 4352 Scribit
824 4298 902 4353 enim
956 4295 1021 4350 illud
1036 4296 1211 4350 abstulerant.
1242 4294 1295 4350 Sed
1324 4308 1433 4362 sempor
1456 4291 1555 4345 nostris
1578 4293 1750 4347 successibus

101 4380 153 4441 sic,
170 4380 200 4433 in
217 4373 287 4434 iib'ro
304 4380 343 4435 De
355 4395 422 4436 cura
435 4381 543 4454 agenda
558 4397 608 4453 pro
624 4384 752 4448 moi-luis,
773 4385 809 4442 ud
824 4388 900 4442 Pau·
956 4386 1068 4439 Satanas
1097 4382 1248 4439 conabatur
1273 4382 1396 4447 obviare,
1412 4387 1437 4436 ot
1452 4388 1552 4434 turrem
1575 4379 1661 4434 David
1690 4398 1751 4450 qua

102 4466 196 4521 tinum
204 4467 346 4523 Nolanum
362 4471 551 4542 episcopum:
576 4494 588 4519 α
613 4472 642 4527 Si
665 4477 783 4543 patena,
800 4476 900 4531 uestris
914 4455 940 4516 D
955 4471 1140 4529 aedificabatur
1159 4482 1255 4528 cantra
1274 4473 1444 4536 Damascum,
1471 4469 1636 4524 iiioliebatur
1659 4485 1749 4540 oppu-

100 4556 899 4631 etarinqus,acsiquidliujusmoditoutocbariusest
953 4564 1094 4635 gaurein
1115 4569 1214 4617 tantam
1243 4561 1317 4616 onim
1348 4562 1416 4615 iram
1446 4568 1603 4626 tantumque
1627 4557 1749 4613 furorem

100 4644 225 4716 posteris
237 4649 345 4715 quanto
365 4662 429 4717 erpa
454 4652 588 4718 parentes
606 4650 828 4721 majoratiectus
843 4657 898 4720 est,
954 4652 1024 4724 regii
1037 4651 1194 4720 servientes,
1211 4659 1238 4706 et
1257 4650 1275 4704 ii
1290 4651 1412 4705 marinio
1427 4649 1472 4720 qui
1488 4649 1521 4701 do
1533 4647 1653 4717 Stampis
1671 4648 1749 4703 i'ete·

101 4733 184 4791 ”⁸¹¹⁰
212 4734 295 4789 '’md‘’
319 4735 381 4805 iim
404 4737 564 4804 Stertinio
591 4742 660 4795 illiti
688 4755 815 4813 corpora,
839 4760 901 4813 quea
955 4742 1029 4796 ribus
1048 4747 1132 4809 erant,
1149 4735 1747 4810 prosententiaquaidepirtitionotiliorum

101 4825 201 4895 titique
215 4824 307 4880 mutto
323 4826 499 4894 familiarius
519 4832 604 4898 atque
619 4828 801 4899 conjunctius
815 4849 901 4904 quam
956 4829 1027 4884 iacta
1042 4829 1098 4894 init,
1116 4828 1137 4883 si
1152 4829 1305 4899 conjunctio
1321 4835 1472 4882 nostrorum
1497 4827 1582 4893 lieret,
1605 4828 1750 4886 clientum·

101 4910 236 4975 puaelibet
250 4911 419 4968 indumenta
433 4918 588 4985 postumus.
605 4915 721 4983 Quodsi
736 4933 832 4974 oerum
847 4923 899 4982 est,
956 4935 1008 4989 que
1023 4919 1162 4990 regiorum
1192 4925 1348 4973 exarserint
1372 4917 1445 4987 (sic),
1471 4927 1497 4972 ul
1520 4921 1696 4990 querimoniis
1724 4929 1751 4978 et

99 4991 328 5084 protecteetiam
338 4994 644 5064 prouisusseueiiendis
656 4998 816 5063 corporibus
826 5000 901 5069 opud
956 5007 1188 5063 maledictionibus
1225 5006 1315 5064 oinnia
1344 5007 1492 5078 replerent,
1522 5025 1572 5063 iios
1601 5026 1696 5067 ornnes
1724 5020 1751 5067 ot

102 5086 271 5127 ”immam
285 5077 450 5129 mamm
467 5076 554 5139 ¹⁰⁶⁸&
572 5074 652 5132 ΜΨ
672 5077 830 5150 effecum
846 5078 900 5136 iiii·
956 5098 1048 5153 omnin
1062 5107 1151 5153 nostra
1165 5097 1192 5151 in
1208 5097 1355 5152 maximum
1370 5096 1462 5152 odium
1487 5108 1635 5165 verterent,
1662 5101 1749 5156 abba·

102 5164 902 5235 mrsoeesterpasunernsuorum.Quoniamsinonnultn
956 5204 1020 5261 pem,

102 5246 202 5316 relipio
217 5249 261 5300 est
276 5249 309 5301 ut
320 5247 510 5316 sepeliantur,
529 5264 587 5303 aon
610 5252 703 5319 potest
732 5251 816 5306 nialla
844 5268 902 5309 esse

100 5327 216 5401 quando
234 5330 901 5409 nissepeiiaaturaiimdttar.»decamus-
1315 5393 1320 5403 .
1394 5396 1397 5403 ,
1475 5395 1480 5406 .
1576 5395 1581 5406 ,
1680 5399 1683 5403 .

102 5416 198 5471 tim·
212 5414 359 5472 sommus
370 5415 904 5490 mpurpmpumnpmoepuoe'pacut
958 5394 1074 5449 muitum
1100 5401 1162 5465 post
1184 5400 1291 5462 tempus
1314 5408 1447 5449 insaniam
1475 5394 1547 5449 illam
1575 5412 1603 5449 in
1632 5395 1753 5452 favillam

102 5498 216 5571 pompm
234 5498 440 5573 mppmpmpp
467 5501 560 5560 popum
586 5500 697 5569 puppem,
726 5509 755 5561 pp
782 5521 903 5579 ,mm
958 5491 1080 5547 mutavit.
1102 5490 1273 5547 iiiiesoliam
1299 5492 1419 5562 quidam,
1449 5492 1542 5548 Teudo
1566 5493 1754 5562 nominare-

101 5582 220 5659 itm
232 5586 332 5653 witto
345 5588 379 5645 ul
387 5585 611 5673 tombmceqdo,
622 5591 688 5661 ‚tom
699 5590 820 5663 pessimo
828 5591 904 5665 maio
957 5588 1036 5649 niens
1045 5589 1080 5657 id
1094 5597 1229 5663 aliems,
1245 5592 1391 5649 torcularis
1410 5591 1555 5665 cujusdam
1570 5591 1756 5661 medietatem,

1036 5196 1059 5250 si
1079 5195 1234 5251 laenitatem
1247 5196 1390 5262 baberent,
1407 5195 1597 5253 interficerent.
1615 5198 1669 5253 Sed
1685 5215 1751 5270 pro-

956 5295 1023 5367 pitia
1037 5295 1115 5351 nobis
1128 5294 1260 5350 Divinitas
1287 5303 1391 5350 mentes
1418 5310 1511 5353 eorum
1526 5297 1641 5364 sedavit,
1658 5306 1685 5353 et
1698 5314 1753 5354 non
