3728 6000
107 219 132 275 il
465 214 511 274 bu
530 210 824 275 sustinuerimus
846 216 999 275 ABRATIAE
1019 221 1049 276 S.
1071 217 1217 278 llsfltlrtl
1235 220 1384 281 I'Olealt'..
1713 226 1748 285 la

108 341 220 401 ordinem
240 341 362 398 scribere
377 341 533 415 aggredior,
548 341 768 412 descriptumque
792 342 869 398 robis
890 345 1071 400 transmittere
1094 347 1190 416 cupio,
1214 363 1387 418 summopere
1409 346 1561 418 deprecans
1583 356 1612 403 ut
1632 349 1655 405 si
1678 349 1749 408 forte

108 432 179 505 (quod
193 432 306 487 multum
324 431 429 502 timeo),
444 429 529 485 nimio
543 429 636 487 calore
650 431 857 503 ingravescente
873 433 944 488 mori
960 450 1003 489 me
1017 433 1110 490 Romae
1124 437 1278 508 contigerit,
1290 436 1391 492 servuli
1407 437 1489 493 vestri
1504 436 1621 492 animam
1631 439 1747 496 Domino

108 521 223 592 precibus
236 520 446 576 commendetis.
466 519 579 575 Duobus
598 536 663 576 saue
684 519 882 576 fraternitatem
906 531 1021 578 vestram
1040 523 1144 596 jugiter
1164 526 1256 581 hortor
1279 524 1423 591 insistere,
1447 525 1574 598 religioni
1598 527 1702 584 seilicet
1725 534 1752 584 et

107 618 195 665 mutuae
209 609 364 675 dilectioui;
381 624 431 681 per
446 610 507 665 haec
528 607 602 664 euim
616 609 671 664 duo
694 617 749 664 tam
772 609 933 667 intrinsecus
955 627 1035 683 quam
1059 614 1235 683 extrinsecus,
1252 615 1308 672 Deo
1324 615 1441 682 favente,
1458 614 1593 687 proficere
1608 617 1746 688 poteritis.

107 701 160 756 flac
172 698 227 754 duo
241 698 458 771 quotiescunque
474 695 590 753 firmiter
608 697 753 767 tenuImus,
768 698 887 754 exterius
909 700 1052 756 sevientes
1075 702 1171 757 mundi
1195 702 1329 773 procellas
1350 703 1499 760 deridendo
1522 705 1708 776 despeximus,
1725 714 1752 762 at

107 786 272 859 despiciendo
284 786 450 845 calcavimus
466 803 473 840 ι
490 786 637 859 siquando
652 802 717 845 vero
731 802 764 844 ea
779 788 822 843 rel
836 787 931 845 leviter
945 788 1015 846 inter
1030 806 1079 847 nos
1094 791 1242 863 frigescere
1256 792 1441 863 permisimus,
1457 794 1619 849 exteriorem
1634 810 1749 866 prospe-

106 877 204 932 ritatem
222 876 291 931 nihil
310 876 391 933 nobis
410 875 547 934 commodi
569 875 696 935 conferre
716 876 904 948 probavimus.
925 876 979 933 Sed
1002 879 1061 935 brec
1076 881 1243 951 praemisisse
1259 881 1317 951 jnm
1341 881 1465 950 sulliciat,
1481 898 1553 940 nuuc
1566 882 1754 957 subjungetur

107 965 192 1022 relatio
205 964 362 1024 verissima.

772 1035 909 1110 Explicit
928 1037 1090 1112 Prologus.

698 1346 929 1445 INCIPIT
960 1350 1161 1456 LIBER.

103 1522 460 1574 armamentorum
479 1521 570 1575 snaett
589 1523 702 1576 ιιισνιιηι·
720 1524 902 1576 ramesensis.
916 1522 944 1585 Α
960 1538 1012 1593 que
1027 1521 1062 1577 sit
1074 1538 1118 1579 res
1132 1529 1162 1579 et
1176 1539 1236 1580 ens.
1262 1525 1293 1579 ln
1305 1524 1348 1581 his
1364 1525 1450 1582 tribus
1464 1525 1582 1596 libellis,
1608 1529 1658 1585 sed
1682 1535 1711 1585 ot
1733 1527 1763 1586 in

136 1643 161 1695 1.
180 1640 347 1695 Francorum
372 1638 450 1712 regni
473 1647 582 1710 sceptra
606 1644 721 1713 gerento
744 1656 811 1717 rege
834 1641 902 1698 Phi-

102 1728 174 1800 lippo
188 1727 246 1784 filio
260 1728 372 1785 ilenrici
388 1727 435 1783 lilii
452 1728 572 1793 lloberti,
588 1726 636 1783 filii
652 1729 774 1800 lingonis
798 1730 902 1802 Capeti,

102 1819 145 1889 qui
160 1833 242 1890 reges
258 1817 293 1874 dc
307 1818 393 1889 stirpe
407 1817 498 1889 inclyti
514 1817 607 1875 Garuli
635 1817 668 1873 de
690 1834 776 1891 regno
791 1821 903 1892 expulit,

104 1916 128 1961 et
149 1906 333 1978 principatum
357 1905 481 1973 obtinuit,
497 1905 547 1960 fuit
562 1906 673 1977 quidam
687 1907 801 1964 clericus
816 1913 904 1966 arrre-

104 1995 216 2050 lianensi
240 1995 349 2050 civitate
369 1995 513 2061 oriundus,
529 2004 606 2066 patre
620 1994 750 2062 Gerardo,
765 2005 906 2069 matreque

104 2084 214 2139 Caecilia
229 2082 399 2155 progenitus,
416 2083 527 2139 nomine
543 2082 613 2139 Odo.
631 2083 680 2139 llic
694 2099 710 2138 a
724 2084 839 2154 pueritia
851 2094 907 2141 stu·

101 2170 153 2225 diis
168 2170 324 2226 litteramm
339 2171 472 2226 instanter
484 2171 611 2239 intentus,
626 2172 698 2226 intra
713 2180 821 2243 tempus
835 2173 905 2229 ado·

105 2260 244 2315 lescentiae
259 2269 362 2315 tantum
378 2259 498 2317 scientiae
511 2269 551 2316 est
563 2259 678 2330 adeptus
698 2267 728 2316 ut
749 2261 851 2316 nemini
864 2261 906 2317 sui

102 2349 236 2420 temporis
266 2349 495 2420 francigenarum
510 2348 537 2403 in
561 2365 591 2405 aa
610 2347 778 2418 judicaretur
805 2366 905 2406 sccun-

103 2438 166 2492 dus.
186 2436 266 2494 Unde
291 2437 413 2510 magistri
436 2437 527 2508 potius
550 2452 631 2508 quam
655 2437 782 2511 disctpuli
798 2439 907 2496 nomine

103 2526 214 2594 dignior
227 2525 348 2594 habitus,
365 2527 452 2595 primo
477 2526 504 2579 ln
526 2527 594 2581 urbo
617 2525 735 2580 ‘fulleusi
759 2526 907 2582 scholasti-

104 2630 153 2671 cos
175 2615 283 2681 docuit,
300 2614 399 2670 danda
413 2629 428 2668 a
442 2613 584 2671 canonicis
598 2615 686 2669 Beolae
698 2615 791 2671 hiariae
802 2616 906 2671 Toma-

105 2703 196 2760 ceusis
209 2703 287 2758 urbis
299 2709 440 2770 evocatur,
456 2703 557 2759 scholae
569 2718 664 2759 eorum
686 2704 817 2777 magister
838 2720 907 2760 con-

104 2791 237 2860 stituitur,
254 2806 337 2863 quam
353 2789 408 2847 fere
423 2807 472 2863 per
484 2792 696 2863 quinquennium
718 2808 817 2865 regens
837 2793 907 2849 adeo

956 1611 1062 1666 caeteris
1075 1612 1212 1683 opusculis
1225 1613 1280 1670 suis
1293 1629 1354 1671 curu
1378 1631 1438 1671 sese
1461 1617 1653 1687 opportunitas
1668 1617 1757 1674 intar-

957 1699 1021 1754 serit
1044 1701 1087 1755 sui
1110 1701 1230 1757 nominis
1254 1702 1424 1773 proferendi,
1441 1720 1495 1760 uon
1511 1722 1541 1760 se
1556 1705 1693 1771 Odorem,
1709 1707 1758 1763 sed

958 1788 1026 1843 siout
1045 1797 1107 1846 tunc
1120 1789 1155 1845 ab
1171 1791 1298 1847 omuibus
1322 1793 1469 1849 vocabatur
1492 1794 1650 1851 nominabat
1668 1794 1762 1852 Odar·
1827 1842 1829 1847 .

960 1877 1035 1932 dum.

994 1985 1019 2036 2.
1042 1980 1188 2037 Sciendum
1215 1987 1311 2038 tamen
1339 1983 1373 2039 de
1399 1984 1497 2040 eodem
1525 1986 1657 2057 magistro
1686 1986 1761 2058 quod

959 2071 1084 2126 eamdem
1099 2068 1266 2126 dialecticam
1291 2088 1344 2127 non
1365 2072 1444 2142 juxta
1467 2074 1599 2143 quosdam
1616 2074 1762 2130 modernos

960 2158 987 2214 in
1003 2174 1076 2224 voce,
1090 2158 1138 2214 sed
1153 2174 1229 2215 more
1245 2160 1348 2216 Boethii
1362 2161 1591 2234 antiquorumque
1619 2164 1763 2219 doctorum

960 2249 989 2300 in
1002 2263 1033 2302 re
1048 2246 1185 2317 discipulis
1200 2247 1308 2321 legebat
1323 2266 1330 2303 ι
1348 2250 1420 2304 unde
1436 2258 1462 2305 et
1475 2251 1603 2321 magister
1614 2251 1761 2308 llaimber-

961 2338 1010 2397 tus,
1028 2332 1071 2400 qni
1087 2333 1323 2403 eodemtempore
1350 2334 1377 2388 in
1405 2335 1507 2405 oppido
1533 2334 1668 2390 lusulensi
1697 2337 1760 2391 dia·
1824 2400 1827 2405 ⁴

960 2418 1082 2475 lecticam
1107 2419 1213 2476 clericis
1227 2421 1283 2476 suis
1298 2422 1325 2476 in
1341 2438 1404 2479 uoce
1417 2426 1456 2494 (3)
1472 2423 1592 2496 legebat,
1609 2424 1658 2479 sed
1671 2431 1698 2479 et
1712 2423 1760 2480 alii

961 2507 1137 2578 quamplures
1159 2510 1282 2579 magistri
1306 2510 1332 2565 ei
1353 2527 1407 2566 uon
1432 2526 1529 2580 parum
1555 2511 1712 2568 invidebant
1736 2519 1764 2568 et

961 2597 1151 2663 detrahebant,
1167 2614 1284 2669 suasque
1298 2598 1429 2655 lectiones
1443 2600 1531 2671 ipsius
1547 2600 1676 2656 meliores
1700 2617 1763 2657 esse

960 2685 1096 2754 dicebant,
1114 2685 1289 2755 quamobrem
1312 2688 1433 2742 nonnulli
1463 2704 1498 2744 ex
1524 2688 1631 2745 clericis
1645 2697 1760 2745 coutur-

962 2774 1015 2828 beti
1038 2775 1080 2829 cui
1105 2774 1193 2846 magis
1221 2775 1365 2831 crederent
1393 2775 1562 2845 haesitabant,
1587 2778 1714 2849 quoniam
1737 2784 1763 2834 et

107 2882 149 2936 sui
176 2881 296 2936 nominis
320 2880 477 2950 opinionem
500 2880 631 2949 dilatavit,
647 2888 677 2934 ut
690 2895 744 2936 non
767 2880 858 2936 solum
873 2898 905 2938 ex
920 2875 948 2939 B
962 2862 1122 2934 mfldislfflffl
1138 2861 1277 2918 0d⁸fd¹¹ffl
1299 2863 1335 2918 fb
1358 2864 1530 2936 antiquorum
1558 2865 1679 2922 d⁰0²fi¹1³
1706 2881 1763 2922 ¹¹0⁰

104 2970 233 3035 Francia,
264 2969 307 3024 vel
334 2967 471 3037 flandria,
501 2983 549 3024 seu
576 2969 783 3039 Northmauuia,
813 2986 907 3026 verum

111 3070 193 3125 etism
208 3085 242 3124 ex
262 3067 324 3140 ipsa
338 3083 447 3140 quoque
462 3066 544 3141 longe
558 3075 664 3124 remota
679 3068 765 3132 ltalia,
782 3068 905 3124 Saxonis

104 3165 186 3229 atque
202 3155 358 3230 Burgundio
372 3156 532 3212 clericomm
547 3164 666 3212 catervas
679 3156 852 3213 diversorum
873 3156 909 3213 ad

105 3263 170 3303 eum
193 3245 360 3301 audiendum
376 3245 495 3315 quotidie
508 3243 695 3311 confluerent,
713 3242 748 3299 ifa
767 3252 796 3300 ut
819 3246 840 3300 si
863 3245 908 3302 ci-

104 3336 199 3391 vitatis
222 3335 325 3406 plateas
347 3332 481 3389 circuiens
505 3348 606 3406 greges
630 3332 822 3405 disputantium
847 3350 911 3390 oon·

107 3425 249 3496 spiceres,
275 3423 351 3479 eires
374 3437 471 3478 ornnes
495 3421 596 3477 relictis
639 3422 683 3476 liis
707 3423 835 3493 operibus
860 3420 912 3478 soli

106 3512 289 3585 philosophiae
313 3510 422 3568 deditos
443 3436 667 3583 erederessmm
693 3511 794 3566 verosi
810 3511 911 3566 scholae

106 3602 287 3673 appropiares
301 3615 428 3657 cerneres
441 3599 603 3673 magistrum
618 3598 753 3667 Odonem,
767 3615 839 3655 nunc
854 3599 914 3672 qui·

107 3690 172 3747 dem
187 3689 432 3762 Peripateticomm
447 3705 525 3746 more
549 3703 611 3745 cum
633 3688 774 3760 discipulis
789 3687 913 3744 docendo

108 3779 341 3845 deambulantem,
362 3793 434 3833 nunc
455 3791 524 3833 voro
552 3776 703 3833 Stoicomm
732 3775 819 3832 instar
846 3775 913 3831 resi-

108 3868 230 3935 dentem,
246 3876 274 3923 et
288 3867 413 3922 diversas
431 3865 593 3938 questiones
616 3865 775 3933 solventem,
792 3880 913 3936 resper-

111 3958 175 4013 tinis
201 3973 309 4029 quoque
333 3956 408 4012 horis
429 3963 493 4011 aute
513 3956 614 4026 januas
635 3955 759 4011 ecclesiae
781 3954 914 4024 usquein

108 4047 278 4118 profundam
293 4052 402 4102 noctem
416 4045 614 4115 disputantem,
630 4051 656 4100 et
669 4051 799 4099 astrorum
815 4057 915 4098 cursus

111 4135 189 4207 digiti
204 4135 385 4207 protensione
395 4131 536 4204 discipulis
546 4132 745 4199 ostendentem,
756 4131 915 4201 zodiacique

107 4240 158 4280 seu
186 4222 269 4280 lactei
296 4221 393 4279 circuli
421 4221 599 4277 diversitates
626 4220 873 4285 demonstrantem,
900 4230 955 4295 sc

108 4312 288 4385 quibuscum
303 4310 422 4383 plurima
437 4309 463 4366 ei
476 4310 612 4377 darentur,
627 4326 696 4365 unus
711 4309 780 4364 iuter
800 4317 913 4365 caeteros

108 4402 240 4458 annulum
264 4400 290 4457 ei
313 4400 390 4456 dedit
416 4415 544 4469 aureum,
570 4398 600 4454 in
622 4414 678 4473 quo
699 4398 743 4454 hic
766 4397 914 4454 versiculus

109 4490 240 4547 decenter
253 4497 316 4546 erat
330 4488 450 4561 sculptus
466 4505 473 4543 :

158 4616 292 4674 annulus
309 4615 437 4673 Odorem
453 4615 532 4672 daem
547 4629 651 4671 oureus
666 4613 873 4670 aureliensem.

961 2950 1118 3022 discrepare
1145 2951 1284 3020 videbant,
1301 2960 1326 3007 et
1342 2959 1432 3007 tamen
1452 2952 1538 3024 aliqui
1561 2969 1597 3008 ex
1622 2954 1661 3009 eis
1687 2969 1764 3010 mora

961 3039 1168 3095 Atheniensium
1196 3049 1241 3095 aut
1264 3041 1370 3097 discere
1397 3048 1442 3096 aut
1466 3041 1563 3098 audire
1578 3042 1681 3116 aliquid
1696 3042 1762 3099 nori

962 3144 1071 3198 semper
1097 3129 1216 3184 humana
1239 3129 1395 3184 curiositate
1423 3129 1573 3197 studentes,
1588 3132 1656 3186 alios
1673 3131 1763 3201 potius

963 3217 1117 3284 laudabant,
1135 3217 1252 3272 maxime
1267 3217 1330 3287 quia
1344 3233 1439 3273 eorum
1460 3218 1589 3275 lectiones
1617 3219 1652 3274 ad
1680 3234 1764 3275 exer-

964 3305 1057 3361 citium
1089 3306 1254 3375 disputandi,
1269 3306 1314 3361 vel
1334 3306 1508 3378 eloquentia,
1525 3307 1579 3362 imo
1593 3307 1765 3378 loquacitatis

965 3401 992 3449 et
1007 3394 1140 3449 facundiae
1161 3395 1222 3465 plus
1242 3395 1334 3449 valere
1348 3394 1487 3450 dicebant.
1511 3396 1583 3450 Unus
1611 3395 1702 3465 itaque
1730 3411 1765 3451 ex

965 3482 1089 3551 ejusdem
1108 3483 1228 3538 ecclesie
1242 3483 1388 3551 canonicis,
1405 3483 1514 3538 nomine
1530 3483 1703 3548 Gualbertus‚
1720 3481 1768 3553 qui

966 3570 1138 3642 postmodum
1153 3573 1302 3626 monachus
1330 3578 1433 3638 noster,
1450 3571 1550 3629 deiude
1565 3571 1592 3626 in
1607 3572 1767 3644 episcopatu

967 3659 1157 3715 Catalaunensi
1186 3660 1272 3715 abbas
1299 3660 1408 3726 exstitit,
1425 3669 1500 3717 tauta
1514 3661 1707 3716 seutentiamm
1721 3677 1768 3717 er·

967 3750 1139 3819 nuntiumque
1154 3749 1316 3805 clericorum
1326 3750 1456 3805 varietate
1466 3757 1614 3821 permotus,
1624 3751 1768 3820 quemdam

967 3839 1141 3909 pythonicum
1165 3838 1276 3893 surdum
1291 3846 1318 3893 et
1332 3846 1448 3906 mulum,
1464 3838 1511 3893 sed
1535 3839 1563 3893 iu
1587 3839 1681 3894 eadem
1702 3840 1770 3896 urbe

968 3927 1108 3981 divinandi
1136 3926 1363 3993 famosissimum,
1393 3936 1500 3983 secreto
1516 3927 1593 3995 adiit,
1609 3936 1636 3982 et
1650 3928 1692 3983 cui
1708 3944 1769 3984 ma·

968 4015 1114 4087 gistmrum
1131 4016 1217 4086 magis
1231 4024 1305 4070 esset
1320 4014 1485 4071 credendum
1509 4015 1658 4086 digitorum
1681 4016 1770 4089 signia

969 4112 996 4159 et
1019 4104 1127 4158 nutibus
1140 4104 1278 4174 inquirere
1293 4104 1387 4173 coepit.
1412 4105 1538 4159 Protinus
1563 4104 1609 4160 illc
1635 4104 1770 4176 (mirabile

969 4193 1042 4248 dictu
1055 4194 1074 4262 ι)
1104 4197 1281 4264 questionem
1310 4193 1381 4247 illius
1408 4192 1549 4259 intellexit,
1574 4193 1771 4267 dexteramque

969 4297 1082 4337 monum
1110 4297 1161 4353 per
1187 4282 1305 4337 sinistrae
1332 4280 1451 4351 palmam
1472 4282 1557 4337 instar
1570 4283 1653 4337 aratri
1668 4290 1771 4339 terram

967 4369 1112 4426 scindentis
1138 4370 1307 4441 pertrahens,
1332 4369 1501 4440 digitumque
1528 4386 1620 4426 versus
1649 4370 1770 4442 magistri

968 4458 1073 4516 Odouis
1098 4459 1221 4515 scholam
1242 4459 1417 4528 protendens,
1432 4457 1605 4531 significabat
1618 4459 1769 4516 doctrinam

968 4548 1029 4618 ejus
1043 4564 1103 4604 esse
1118 4548 1297 4603 rectissimam
1310 4563 1317 4618 ;
1348 4564 1440 4603 rursus
1453 4564 1516 4605 vero
1533 4548 1646 4621 digitum
1675 4556 1770 4603 contra

969 4637 1106 4692 lusulense
1117 4636 1244 4706 oppidum
1260 4636 1434 4706 protendens,
1447 4650 1583 4706 manuque
1598 4635 1638 4690 ori
1655 4635 1768 4691 admota

145 4743 202 4800 geg
214 4758 274 4799 mm
287 4741 410 4798 omnium
425 4747 531 4811 κρίθη]
546 4738 699 4795 liberalium
721 4739 820 4794 mium
843 4743 914 4794 esset
968 4724 1124 4790 exsufflans,
1140 4724 1280 4790 innuebat,
1297 4724 1422 4797 magistri
1444 4723 1591 4778 llaimberti
1619 4723 1767 4780 lectionem

110 4833 227 4906 gemm,
242 4831 381 4904 pmjpue
401 4838 493 4885 gamen
506 4829 534 4884 in
557 4828 696 4884 ptarmica
718 4827 864 4895 eminebat,
887 4834 914 4883 eg
967 4813 1074 4870 nonnisi
1094 4814 1237 4868 verbosam
1253 4828 1314 4868 esse
1327 4812 1528 4883 loquacitatem.
1551 4813 1615 4868 llaec
1638 4813 1766 4881 dixerim,

110 4938 160 4993 pro
173 4922 234 4993 lpsa
248 4920 368 4976 maxlme
381 4920 542 4975 elericorum
557 4916 709 4990 frequentia
723 4930 785 4972 eum
800 4924 913 4987 expete·
967 4918 1021 4958 ¹¹⁰ss
1049 4902 1123 4974 quod
1151 4902 1310 4973 Pl¹h⁰¹¹100⁵
1339 4900 1531 4967 ⁰0ss⁵t¹l⁸¹¹d⁰⁵·
1548 4902 1589 4956 Vel
1611 4900 1652 4957 eis
1673 4910 1768 4958 confr&

110 5013 168 5066 M·
192 5010 305 5081 Scripsfl
330 5009 411 5066 egam
435 5007 468 5062 de
492 5020 526 5062 eg
553 5006 622 5062 duos
648 5005 770 5068 phellos,
798 5019 912 5075 quorum
967 4999 1130 5062 praeceptum
1155 4990 1276 5045 divinum
1305 4991 1420 5045 arbitrer
1439 5005 1500 5045 esse
1520 4989 1696 5057 credendum,
1718 4989 1769 5045 scd

111 5101 241 5172 priorem,
257 5098 293 5154 gg
308 5096 502 5167 cognoscenda
523 5095 724 5165 (reparandaque
746 5093 914 5164 sophismata
967 5079 1003 5134 ad
1018 5079 1232 5151 redarguendum
1248 5078 1427 5149 quorumdam
1444 5078 1626 5149 superborum
1655 5078 1767 5133 nimiam

111 5187 319 5253 caldecotam,
344 5185 490 5241 intitulavit
506 5183 686 5256 sophistem
708 5182 826 5237 alterum
850 5197 914 5237 vero
967 5167 1451 5239 lif²2⁸¹¹¹¹¹llfi⁰⁰t³¹1¹a(luinihilaliud
1479 5175 1631 5237 (ιιιὲιίῐιῑθ3
1660 5167 1710 5222 ¹¹I⁵I
1739 5175 1768 5222 ⁰¹

112 5276 260 5349 appenni,
275 5275 373 5330 mmm
385 5274 634 5346 Compgmgogm
644 5271 865 5342 gel-piumquoque
876 5272 914 5327 ο,
968 5258 1092 5313 dicautur
1105 5256 1250 5328 sapientes,
1267 5257 1295 5310 in
1312 5257 1451 5327 Porphyrii
1466 5256 1674 5327 Aristotelisquc
1690 5255 1767 5310 libris

111 5368 150 5425 Β,
165 5372 194 5424 32
206 5365 281 5424 gg„
292 5363 460 5436 mmmm
477 5360 506 5418 in
520 5377 573 5435 quo
585 5360 665 5418 sopp
685 5360 709 5416 εἰ
729 5375 812 5415 unum
825 5358 915 5416 idem.
968 5348 1057 5420 magis
1072 5346 1164 5404 volunt
1190 5345 1246 5418 legi
1273 5359 1349 5401 suam
1377 5345 1582 5402 adinventitiam
1606 5345 1765 5417 novitatem,

146 5537 187 5609 (8)
202 5536 239 5593 fn
252 5550 328 5594 occe.
347 5533 404 5589 ilos
417 5533 584 5605 Nomiualea,
601 5532 671 5589 alios
684 5526 780 5588 lleales
799 5534 909 5590 vocant.

216 5634 345 5693 Parnon
365 5630 499 5688 CLXXX
1203 5693 1209 5705 ,
1649 5622 1669 5678 2
