3728 6000
130 216 153 271 tt
477 216 525 271 DE
543 212 836 271 nascauttsttostc
856 213 1016 269 dBllthAE
1035 213 1063 270 S.
1084 214 1228 271 ttsttTtNt
1252 212 1403 271 TOllNhC.
1730 213 1764 271 ill

128 349 178 407 ras,
189 340 269 410 jussu
284 339 395 396 abbatis
410 338 513 396 fasc-em
529 355 659 410 magnum
673 339 722 393 lini
736 354 818 408 super
831 346 912 410 caput
926 338 953 398 A
969 336 1100 393 hadulfus
1124 338 1223 405 etiam,
1249 353 1380 410 germano
1405 353 1454 392 suo
1477 333 1622 391 heoderico
1645 332 1766 405 inopiam

128 446 187 485 uam
210 428 340 486 deferens
365 444 448 483 causa
472 429 563 496 troadi,
579 429 691 483 domum
717 443 839 483 sororum
863 446 914 483 ex·
969 428 1102 482 nastasia
1117 427 1338 500 indicansrogat
1350 428 1436 482 utsihi
1453 423 1766 497 pecuniamademenda

128 519 185 591 petit,
200 527 365 589 portamque
380 518 463 574 curtis
477 518 627 588 ingressus,
640 518 712 572 videt
728 517 914 573 llninsendem
968 514 1097 570 fratribus
1113 518 1264 571 necessaria
1280 518 1445 573 commodet.
1458 514 1580 569 Protinus
1596 512 1639 565 ille
1650 528 1684 565 xt.
1695 526 1766 566 naar-

88 616 94 689 Ι
126 607 165 663 sab
176 608 264 680 gradu
278 607 306 661 in
322 606 420 662 lectulo
434 607 646 662 recumbentem.
671 605 824 661 Admiratus
835 606 914 661 inter·
969 620 1016 660 cas
1032 605 1139 677 argenti
1156 605 1179 659 ei
1195 606 1361 669 commodat,
1375 620 1443 676 quas
1457 612 1547 657 tamen
1562 616 1701 672 nunquam
1717 614 1765 669 pc·

87 706 94 759 t
128 704 194 767 vagat
206 711 292 752 unam
311 695 346 752 de
370 696 520 762 sororibus,
536 696 579 751 cui
594 693 680 750 linum
696 694 836 766 recipienti
862 695 913 750 sihi
969 702 1024 748 stes
1039 694 1158 764 recipere
1174 694 1273 761 voluit3
1289 697 1337 749 sed
1352 710 1400 763 pro
1417 693 1506 748 anima
1521 707 1570 745 sua
1586 689 1710 745 ecclesia>
1725 688 1766 743 di·

124 785 183 857 laqui
196 784 308 851 licebat,
325 801 373 840 cur
387 784 425 839 ibi
441 785 481 840 sic
494 784 610 853 jaceret.
634 783 753 839 Aurliens
767 800 831 840 vero
845 800 912 840 cau-

124 889 180 939 ssu,
194 889 248 928 nec
263 882 355 928 tamen
366 872 519 927 hlainseudi
535 872 607 943 loqui
622 872 733 938 audens,
744 873 797 928 hoc
811 880 912 928 tantum

127 961 244 1017 omnibus
258 961 433 1015 audientibus
457 961 485 1014 in
509 961 720 1015 consolationem
742 961 800 1030 ejus
821 962 912 1016 dicere

123 1049 304 1121 presumpsit:
325 1072 336 1096 a
354 1049 377 1104 0
393 1050 422 1105 S.
439 1047 529 1115 Alexi,
546 1049 589 1119 qui
611 1049 640 1103 in
664 1050 746 1105 domo
769 1050 852 1121 patris
874 1051 911 1105 tui

123 1139 205 1194 desem
220 1146 248 1194 et
263 1147 368 1209 septem
379 1137 462 1193 annis
472 1137 632 1209 peregrinus
640 1138 763 1207 jacuisti,
775 1146 801 1192 et
811 1139 911 1194 exinde

121 1240 238 1295 nagnam
264 1224 382 1297 gloriam
403 1224 475 1294 apud
492 1224 577 1278 Deum
593 1224 768 1298 acquisivisti,
786 1223 910 1280 conforta

123 1313 189 1368 mana
205 1312 337 1368 famulam
353 1311 411 1378 Dei,
428 1329 488 1384 quae
509 1312 538 1366 in
563 1312 646 1367 domo
670 1314 747 1380 etrjus
772 1313 909 1383 quondam

120 1401 219 1456 (lamina
234 1400 296 1468 fuit,
315 1401 400 1456 modo
425 1408 524 1455 atatam
550 1401 750 1456 tribulationem
776 1401 904 1458 sustinet.

121 1490 231 1545 audiens
252 1491 304 1545 hoc
324 1488 489 1544 hlainsendis
502 1488 538 1543 ita
554 1488 708 1544 exfrilarsta
724 1497 772 1553 est,
789 1498 827 1555 ut,
842 1489 909 1545 sicut

119 1587 201 1651 postea
215 1577 352 1633 multoties
368 1577 434 1632 mihi
450 1577 526 1642 dixit,
542 1577 654 1632 omnino
671 1577 836 1632 infirmitatis
852 1596 908 1634 suae

967 783 1049 850 misit,
1063 799 1144 837 urutm
1160 783 1238 838 etiam
1248 784 1357 837 hortum
1368 798 1449 852 super
1461 780 1587 836 Sanitium
1599 793 1684 850 prope
1695 777 1765 832 San·

967 880 1040 927 ctum
1057 872 1213 926 lledardum
1231 873 1287 940 (28)
1303 871 1382 925 ralde
1407 869 1499 925 utilem
1523 868 1646 923 ecclesiae
1663 873 1764 920 nostra

967 961 1089 1027 donavit,
1107 969 1134 1016 et
1150 962 1176 1014 in
1192 960 1281 1014 multis
1300 976 1357 1031 prae
1372 959 1430 1013 aliis
1444 959 1548 1012 ritihus
1562 972 1670 1025 semper
1683 953 1763 1008 nobis

966 1050 1085 1120 profuit,
1111 1066 1172 1103 nam
1201 1049 1309 1120 quando
1326 1048 1498 1120 postmodum
1519 1045 1662 1116 praedictus
1681 1042 1763 1097 Wal-

966 1145 1037 1193 tems
1063 1139 1139 1207 jussu
1165 1138 1271 1193 abbatis
1294 1137 1423 1208 templum
1436 1134 1572 1191 certificare
1588 1149 1624 1188 ex
1640 1132 1764 1188 eleemo-

966 1227 1039 1298 synis
1069 1226 1188 1282 fidelium
1225 1227 1321 1297 caepit,
1352 1225 1441 1280 statim
1479 1224 1550 1278 idem
1580 1219 1764 1277 Theodericus
1822 1210 1825 1217 ’

964 1317 989 1371 ei
1015 1324 1123 1371 centum
1150 1316 1253 1371 solidos
1282 1316 1309 1369 iu
1335 1314 1411 1369 initio
1440 1313 1531 1381 dedit,
1560 1312 1593 1364 ad
1622 1308 1764 1365 aedifican-

964 1404 1027 1458 dum
1057 1420 1164 1477 quoque
1190 1404 1361 1460 refectorium
1388 1411 1496 1458 centum
1521 1400 1641 1464 solidos,
1674 1405 1700 1452 et
1727 1395 1762 1451 nd

963 1494 1103 1551 cellarium
1119 1502 1226 1550 ceritum
1244 1493 1363 1548 solidos.
1387 1491 1500 1562 Quoties
1527 1506 1590 1545 vero
1616 1483 1761 1543 conventui

963 1583 1141 1638 refectionem
1171 1581 1320 1653 plenariam
1348 1581 1463 1652 piscium
1492 1577 1611 1642 miserit,
1635 1575 1686 1646 ipsi
1706 1590 1761 1628 nu-

119 1666 329 1724 cblivisceretur.
355 1667 491 1722 Reversus
504 1682 571 1721 vero
588 1666 721 1722 Hearicus
735 1682 797 1722 cum
815 1667 905 1722 abbati
920 1697 947 1757 Β
963 1671 1121 1727 merendum
1137 1679 1164 1727 et
1178 1671 1407 1727 renumerandum
1434 1669 1598 1739 relinquatur
1626 1680 1675 1737 pro
1703 1678 1761 1734 quo

120 1772 213 1828 eaquae
226 1755 350 1810 audierat
366 1753 512 1821 retulisset,
524 1755 611 1809 abbas
627 1755 752 1824 protinus
767 1755 906 1811 mandavit

120 1853 142 1900 at
154 1860 208 1900 rum
223 1844 285 1899 aliis
299 1850 371 1899 tntra
383 1843 495 1898 domum
509 1843 666 1899 referretur.

148 1945 186 1996 tt.
197 1942 302 1997 Eodem
317 1956 389 1996 anno
409 1939 566 1996 victualium
578 1941 692 2012 penuria
705 1950 732 1997 et
746 1942 825 1997 famis
839 1951 908 1998 atro·

120 2030 177 2085 ritas
190 2038 271 2085 totam
285 2029 456 2102 provinciam
471 2030 648 2087 vehementer
661 2029 766 2099 afflixit,
779 2038 806 2085 et
821 2032 907 2087 abbas

68 2172 70 2189 ,
119 2119 234 2175 amnibus
249 2117 417 2190 pauperibus
433 2118 467 2172 ad
481 2135 512 2195 se
527 2118 753 2185 confugientibus
776 2121 908 2192 quidquid

120 2206 210 2262 habere
232 2213 340 2278 poterat
363 2205 579 2262 misericorditer
591 2207 710 2263 tribuere
724 2208 815 2278 coepit,
830 2208 866 2263 ita
879 2217 908 2263 ut

122 2312 162 2350 nec
176 2296 201 2350 iu
216 2295 316 2350 horreo
340 2311 390 2351 nec
413 2295 442 2349 in
465 2295 576 2350 cellario
600 2296 701 2366 aliquid
725 2298 903 2353 remanserit.

122 2385 236 2456 Tuncque
250 2383 362 2438 demum
373 2383 539 2439 necessitate
553 2391 580 2439 et
593 2384 729 2440 anxietate
738 2385 907 2455 compulsus,

120 2472 233 2527 fratribus
251 2480 399 2545 portatum
426 2487 527 2527 annum
549 2472 669 2528 claustro
691 2473 817 2537 reclusis,
830 2474 908 2548 jugi-

119 2577 163 2633 que
175 2560 277 2617 silentio
297 2560 407 2616 domitis
420 2569 448 2616 et
463 2577 524 2633 quae
540 2561 606 2616 foris
620 2563 771 2633 agebantur
786 2564 909 2618 nescies·

119 2653 190 2722 tibus,
203 2669 261 2707 rem
275 2652 354 2708 sicuti
378 2661 436 2707 arat
459 2653 487 2707 in
510 2654 625 2725 capitulo
648 2655 763 2724 aperuit,
780 2671 907 2728 magnam

965 1760 1048 1815 misit.

997 1862 1042 1913 ta.
1069 1857 1203 1927 Quantam
1220 1865 1311 1913 sutem
1334 1857 1453 1928 inopiam
1475 1855 1552 1926 panis
1575 1868 1679 1925 pauper
1693 1865 1761 1906 eoa-

962 1955 1058 2002 vcntus
1074 1947 1119 2002 illo
1137 1962 1208 2002 anno
1223 1946 1330 2018 integro
1345 1945 1496 2018 pertulerit,
1513 1945 1559 1999 vix
1573 1949 1661 2012 potest
1676 1937 1759 1994 credi.

964 2036 1044 2090 Panis
1063 2035 1167 2101 triticei,
1184 2044 1227 2089 aut
1244 2036 1309 2102 vini,
1334 2035 1385 2089 nisi
1412 2035 1481 2089 forte
1505 2033 1539 2087 ab
1564 2031 1653 2099 aliquo
1678 2027 1761 2082 divite

962 2126 1002 2180 eis
1018 2125 1255 2190 transmitteretur,
1272 2125 1346 2179 nulla
1363 2131 1423 2178 erat
1436 2121 1556 2186 mentio,
1581 2118 1661 2191 siligo
1680 2115 1759 2171 etiam

962 2214 1072 2270 cannino
1086 2213 1191 2268 deerat.
1212 2213 1274 2268 Sola
1292 2228 1377 2268 avena
1401 2212 1440 2267 eis
1463 2210 1624 2266 molebatur,
1649 2205 1683 2260 tle
1699 2218 1760 2258 nto·

962 2303 1072 2358 lendino
1091 2303 1186 2368 relata,
1203 2319 1253 2357 nec
1268 2302 1367 2367 cribro,
1385 2317 1434 2356 noc
1449 2299 1555 2354 tamisio
1577 2297 1665 2352 farina
1691 2308 1759 2364 pur-

962 2392 1094 2465 gabatur;
1125 2391 1172 2445 sed
1198 2392 1289 2445 statim
1315 2407 1383 2462 aqua
1407 2389 1494 2444 calida
1517 2384 1662 2457 superfusa
1683 2381 1760 2453 panis

963 2481 1060 2536 exinde
1075 2478 1165 2541 tiebat,
1183 2481 1226 2549 qui
1243 2487 1336 2535 coctus
1351 2486 1377 2532 et
1392 2477 1525 2533 monacho
1544 2473 1687 2545 appositus
1708 2486 1759 2542 pa-

962 2569 1013 2625 leis
1046 2569 1261 2638 prominentibus
1295 2568 1400 2622 ustilari
1432 2581 1512 2638 possa
1545 2563 1699 2629 ridebatur,
1733 2565 1760 2614 et

962 2657 1071 2730 quando
1086 2656 1194 2712 cultello
1206 2655 1410 2726 praecidebatur,
1423 2655 1510 2719 naajor
1526 2653 1663 2724 palearum
1679 2662 1760 2718 quam

120 2741 213 2798 scilicet
227 2741 427 2796 multitudinem
445 2742 564 2798 virorum
579 2758 612 2799 ac
627 2742 909 2800 mulierumsesusce-
963 2746 1094 2800 micarum
1123 2760 1216 2801 eoram
1247 2744 1379 2799 monacho
1407 2743 1547 2799 videbatur
1576 2754 1706 2799 acervns3
1734 2743 1761 2791 et

119 2830 191 2902 pisse,
205 2837 232 2885 et
245 2830 318 2886 unde
334 2831 377 2885 ref
394 2846 448 2886 una
462 2830 506 2886 dio
521 2831 643 2887 viverent
664 2848 694 2887 se
718 2837 774 2887 noa
789 2833 905 2888 habere.
963 2834 1037 2907 quia,
1047 2834 1125 2903 juxta
1136 2830 1565 2898 Salomonem,animaeesurienti
1575 2829 1656 2882 etiam
1667 2835 1759 2879 amara

120 2918 295 2991 obstupefacti
311 2934 407 2974 ornnes
422 2919 550 2974 admirati
575 2930 637 2976 sunt
662 2929 763 2976 tantam
778 2938 832 2977 rem
848 2938 909 2976 euna
963 2922 1053 2978 dulcia
1066 2923 1190 2978 videntur
1205 2923 1297 2991 (Pron.
1313 2937 1405 2985 xxvn,
1420 2921 1477 2991 at),
1494 2918 1618 2972 monachi
1634 2915 1706 2969 fame
1721 2920 1760 2967 ta·

119 3006 168 3062 siue
192 3007 304 3077 alicuius
323 3006 441 3062 consilio
462 3008 581 3074 fecisse,
605 3017 825 3083 rogaveruntque
850 3025 910 3065 eum
963 3013 1106 3067 bescentes
1135 3019 1209 3065 tanta
1233 3010 1359 3065 aviditate
1381 3026 1476 3081 panem
1500 3006 1574 3063 illum
1599 3003 1758 3059 avenacium

119 3105 143 3150 ut
155 3097 315 3152 exteriorum
342 3112 437 3151 euram
463 3096 545 3153 alicui
563 3099 623 3153 viro
638 3099 765 3169 prudenti
780 3100 911 3155 commit·
963 3100 1153 3165 comedebant,
1172 3108 1199 3153 ut
1213 3099 1247 3154 de
1262 3114 1294 3155 en
1310 3114 1360 3154 nec
1373 3098 1451 3153 mica
1466 3113 1516 3151 nec
1531 3095 1616 3167 paleae
1636 3105 1760 3162 superes·

123 3191 192 3252 teret,
203 3186 263 3256 ipse
278 3200 347 3240 vero
361 3179 492 3241 electrina
509 3191 535 3241 et
547 3185 628 3240 saluti
643 3189 793 3241 suturarum
805 3188 914 3243 insiste·
963 3197 1032 3245 seut.
1048 3188 1176 3244 Nonnulli
1193 3188 1272 3242 etiam
1289 3204 1323 3242 ex
1338 3187 1391 3242 illis
1405 3187 1494 3242 adttuc
1517 3190 1670 3255 supersunt,
1687 3195 1759 3250 quo-

119 3282 160 3339 ret,
175 3289 222 3329 aec
234 3274 366 3345 deinceps
392 3273 514 3347 aliquem
530 3275 637 3348 absque
659 3275 771 3331 fratrum
796 3277 913 3332 consilio
964 3295 1024 3334 rum
1040 3295 1110 3332 tinus
1125 3285 1166 3332 est
1181 3277 1295 3333 ‹lornuus
1307 3275 1458 3340 ascelinus,
1470 3275 1516 3344 qui
1531 3273 1631 3328 domno
1642 3269 1759 3325 Hearicc

120 3363 263 3432 susciperet,
280 3371 307 3418 et
321 3378 391 3433 quos
405 3364 577 3434 suscipiebat
602 3380 656 3419 non
679 3381 755 3419 more
780 3367 911 3436 antiquo·
963 3365 993 3416 in
1009 3361 1111 3417 cellarii
1127 3361 1303 3431 provisione,
1320 3362 1362 3415 vel
1378 3358 1534 3415 ohedientia
1556 3355 1696 3419 successit,
1714 3352 1759 3424 qui

120 3452 913 3525 nngravtaairnportaaittaoneraimponandoproba-
963 3451 1051 3506 adhuc
1075 3458 1187 3503 testatur
1205 3465 1234 3503 se
1255 3456 1318 3502 tunc
1337 3446 1471 3502 multoties
1490 3445 1624 3517 cogitasse
1654 3443 1676 3496 si
1706 3440 1759 3495 ali-

120 3547 160 3600 ret.
183 3541 228 3594 sed
253 3541 385 3595 institutis
408 3547 435 3595 et
458 3542 563 3614 Regula
586 3542 774 3598 etuniaeensts
788 3544 909 3599 arnobii
962 3538 1073 3610 quaudo
1089 3545 1180 3609 posset
1195 3537 1289 3592 videre
1303 3536 1374 3591 diem
1390 3551 1443 3607 quo
1459 3534 1575 3591 ecelesia
1590 3531 1681 3589 Sancti
1692 3530 1761 3584 llar-

82 3652 90 3659 -
120 3636 247 3683 contentus
260 3637 350 3697 esset,
367 3630 442 3702 quod
469 3630 557 3685 solum
582 3638 609 3686 et
632 3630 706 3685 fama
721 3639 747 3685 et
762 3631 908 3703 religione,

122 3731 211 3771 necnon
226 3726 252 3772 et
266 3719 400 3773 charitate
416 3719 563 3774 universis
576 3718 676 3775 Galliae
690 3722 865 3776 monasteriis
875 3736 908 3777 eo

120 3810 231 3876 ternpore
245 3806 461 3877 praeeminebat,
482 3815 509 3862 et
532 3824 547 3861 a
571 3809 723 3864 venerabili
736 3809 833 3864 abbate
848 3810 907 3864 llu-

119 3908 180 3962 gone
198 3895 355 3966 regebatur.
377 3895 538 3968 Aeqaiescit
550 3895 635 3950 abbas
650 3897 763 3953 consilio
782 3898 906 3966 fratrum,

120 3981 250 4054 statimque
277 3984 409 4038 domnum
437 3984 579 4039 llenricum
604 3985 732 4040 ordinans
756 3985 905 4052 cellarium,

119 4066 223 4126 tatutto
237 4072 381 4127 committit
405 4072 625 4142 preposituram,
642 4075 802 4144 sociumque
816 4075 840 4130 ei
854 4075 905 4131 da-

118 4165 156 4211 aat
170 4158 319 4214 Walterum
342 4159 430 4215 filium
450 4161 579 4217 Huberti.
604 4163 706 4232 llisque
721 4163 808 4217 tribus
824 4163 904 4217 tutius

116 4245 234 4303 Ecclesia
248 4249 444 4305 commendans
458 4250 485 4304 in
501 4251 682 4306 exterioribus
705 4252 901 4322 provisionem,

115 4342 137 4388 ut
156 4336 212 4391 sine
239 4336 349 4393 licentia
372 4338 568 4409 egrederentur
592 4340 730 4410 permittit,
745 4344 850 4396 caeteris
874 4349 903 4396 ut

963 3628 1012 3683 tiui
1027 3636 1081 3683 tam
1097 3628 1175 3682 dives
1189 3634 1272 3693 esset,
1287 3635 1315 3680 ut
1332 3627 1390 3697 ipse
1406 3641 1478 3697 pane
1493 3621 1666 3680 solummodo
1681 3627 1759 3674 satu-

963 3716 1017 3772 rari
1043 3728 1144 3788 posset.
1166 3715 1326 3786 Quicunque
1347 3732 1413 3788 ergo
1436 3727 1623 3769 successorum
1648 3717 1758 3764 nostro·

962 3823 1021 3863 rum
1037 3807 1093 3862 haec
1107 3805 1232 3877 legerint,
1244 3809 1323 3859 orent
1337 3820 1387 3875 pro
1399 3803 1541 3858 animabus
1553 3809 1758 3857 antecessorum

961 3912 1070 3951 suorum
1094 3895 1141 3966 qui
1165 3909 1265 3965 qranem
1292 3910 1347 3947 nnn
1371 3893 1566 3958 hordeaceum,
1585 3889 1632 3944 sed
1655 3900 1757 3941 avena-

961 3985 1032 4040 cium
1060 4000 1120 4039 cum
1149 3982 1235 4053 paleis
1264 3981 1448 4047 comedendo,
1480 3981 1584 4052 copiam
1612 3978 1651 4034 cis
1679 3974 1757 4046 panis

961 4072 1057 4128 triticei
1074 4071 1203 4143 patientia
1216 4086 1265 4124 sua
1280 4087 1330 4142 per
1345 4070 1393 4124 Dei
1405 4069 1518 4143 gratiam
1538 4067 1752 4139 acquisiverunt.

996 4163 1039 4216 tt.
1060 4161 1191 4216 liedulfus
1217 4176 1298 4230 ergo,
1325 4159 1421 4213 videus
1445 4167 1472 4214 et
1493 4158 1583 4213 scians
1608 4154 1757 4212 Ecclesiam

958 4265 1122 4322 pauperem,
1153 4247 1302 4304 redditibus
1325 4251 1483 4313 carentem,
1511 4247 1570 4301 sine
1594 4243 1756 4318 agricultura

960 4356 1014 4394 non
1042 4339 1119 4395 facilc
1136 4355 1216 4409 possa
1237 4337 1401 4406 subsistere,
1428 4345 1511 4393 totum
1535 4334 1653 4389 studium
1677 4346 1757 4387 suum

111 4440 195 4480 scum
211 4426 343 4497 religioni
358 4435 385 4481 et
399 4426 508 4482 silentio
532 4428 662 4484 instarent
678 4429 780 4484 indicit.
802 4428 854 4496 lili,
870 4432 904 4485 de
918 4408 944 4469 D
960 4430 993 4484 ad
1013 4430 1142 4484 emendas
1157 4435 1183 4482 et
1197 4427 1378 4498 acquirendas
1403 4436 1488 4481 terras
1512 4424 1653 4481 convertit.
1677 4422 1755 4490 Qua-

111 4512 222 4583 capitulo
236 4515 353 4587 egressi,
369 4516 516 4586 coquinam
531 4515 675 4581 introeunt,
686 4519 763 4589 quod
776 4517 904 4572 fratribus
958 4517 1119 4588 tuoritaque
1131 4515 1278 4587 quadrigas
1285 4515 1470 4584 jumentorum
1482 4514 1508 4568 in
1519 4511 1643 4569 Ecclesia
1654 4508 1754 4581 posuit,

108 4603 252 4672 preparari
268 4615 361 4673 posset
376 4611 520 4674 quaerunt;
543 4605 591 4660 sed
607 4605 673 4661 nihil
689 4607 839 4662 inveniunt.
856 4609 904 4660 ln·
959 4614 985 4661 et
999 4614 1086 4659 terras
1101 4604 1141 4658 eis
1156 4602 1321 4660 sufficientes
1337 4604 1432 4674 partim
1445 4621 1477 4658 ex
1488 4601 1677 4657 donationibus
1691 4597 1757 4652 fide·

105 4691 264 4761 gradiuntur
278 4690 378 4745 deinde
393 4701 496 4761 portam
514 4694 598 4761 urhis,
615 4703 641 4749 et
655 4695 770 4761 civibus,
788 4696 839 4750 sibi
855 4711 904 4751 oc·
958 4689 1033 4755 lium,
1046 4686 1144 4757 partim
1162 4695 1267 4756 emptas
1286 4688 1402 4758 pecunia
1418 4686 1566 4756 deputavit.
1577 4683 1680 4739 Deinde
1696 4695 1757 4752 qua·

105 4780 278 4834 merentibus
293 4794 325 4835 ae
341 4779 421 4834 velun
437 4779 471 4835 de
485 4781 567 4853 longa
582 4784 700 4838 carceris
710 4784 831 4839 custodia
847 4801 905 4839 ese.
959 4776 1126 4831 tuordomos
1137 4773 1193 4828 sive
1205 4775 1369 4838 mansiones,
1382 4790 1450 4844 quas
1460 4772 1670 4827 abusiveenrtes
1682 4784 1758 4824 vcca-

103 4867 166 4938 ptis,
184 4867 325 4938 quomodo
349 4884 378 4922 se
396 4868 528 4924 baberent
550 4869 761 4941 inquirentibus,
783 4872 820 4926 illi
841 4871 904 4928 laeto

102 4955 175 5009 vultu
185 4970 318 5026 prospera
329 4957 424 5011 omnia
434 4973 495 5013 esse
506 4959 684 5028 respondent;
701 4960 747 5014 sed
764 4969 824 5031 post
840 4978 904 5032 psu-

101 5041 187 5098 lulum
202 5044 244 5099 eis
257 5047 449 5100 necessitatem
472 5045 586 5101 fratrum
610 5047 791 5105 innotescunt.
813 5050 903 5106 Proti-

101 5148 153 5187 nus
166 5134 251 5200 cises,
271 5133 389 5189 invicem
403 5134 598 5207 colloquentes,
615 5137 709 5192 etalio
728 5137 902 5211 frumentum,

100 5220 156 5276 alio
170 5219 320 5293 siliginem,
336 5221 393 5276 alio
409 5222 486 5278 fabas
499 5223 591 5293 dane,
609 5240 656 5281 eos
671 5225 856 5282 confortantes
877 5235 904 5283 et

99 5309 286 5377 exhortantes,
299 5307 401 5366 hilares
420 5317 448 5366 et
472 5308 549 5367 laetos
571 5312 606 5368 ad
629 5313 728 5369 fratres
751 5314 902 5372 remittunt.

131 5465 191 5531 (ἥ)
208 5459 394 5519 Mammam.
409 5462 526 5519 abbatia
542 5464 570 5520 S.
589 5465 710 5521 lledardi
734 5481 777 5520 an.
790 5467 857 5522 tstt
878 5476 904 5521 at

96 5536 132 5591 ta
146 5533 292 5590 destincte
315 5533 440 5591 canonici
455 5535 547 5608 regal.
567 5536 595 5591 in
609 5536 767 5608 parochiam
783 5537 811 5594 S.
827 5540 903 5595 llar-

958 4881 1026 4929 mus,
1044 4864 1070 4917 in
1085 4878 1158 4934 pago
1168 4863 1336 4918 fornacensi
1348 4863 1417 4917 iufra
1426 4878 1508 4916 unum
1521 4877 1593 4932 pena
1604 4860 1757 4915 milliarium

957 4968 1043 5024 prope
1063 4951 1207 5007 ecclesiam
1232 4951 1392 5016 construxit,
1410 4966 1523 5021 quarum
1548 4951 1634 5021 prima
1658 4950 1758 5006 dicitur

958 5041 1106 5105 l'arnavia,
1123 5040 1244 5095 secunda
1263 5039 1449 5112 Dusiolpetra,
1475 5040 1556 5094 tertia
1580 5038 1756 5112 Longacalix,

958 5138 1058 5201 quarta
1082 5128 1234 5184 Tintenias.
1259 5130 1288 5183 ln
1309 5128 1350 5183 his
1374 5136 1487 5199 quatuor
1512 5129 1633 5185 curtibus
1662 5127 1757 5184 decem

958 5217 1106 5289 quadrigas
1135 5217 1237 5288 posuit,
1268 5224 1421 5290 terramque
1448 5220 1488 5274 eis
1508 5217 1687 5275 sufficientem
1714 5233 1758 5273 ac·

958 5307 1077 5378 quisivit.
1099 5305 1230 5376 Quintam
1256 5314 1360 5363 curtem
1385 5308 1538 5364 construxit
1565 5307 1757 5364 iaterNarnen

957 5465 1061 5532 garetaa
1086 5456 1209 5514 translati
1233 5466 1312 5524 sunt,
1337 5458 1373 5514 oh
1394 5474 1483 5515 arcam
1507 5474 1524 5514 a
1547 5457 1683 5516 ludovico
1695 5457 1759 5514 XIV

944 5580 947 5584 ,
957 5537 1150 5588 constructam.
