3728 6000
149 192 220 251 ttttt

842 184 981 248 suoauu
1000 189 1037 246 ru
1055 176 1155 247 rara

1790 186 1854 247 tttt

150 319 301 376 munioalo
311 317 624 391 sapientumoousilio,
637 314 927 388 quodnostriaurilii
936 315 974 371 ad
991 320 1013 373 Α
1030 314 1142 370 illibata
1155 318 1368 386 permaneant;
1382 316 1413 369 in
1426 314 1537 386 quibus
1553 314 1618 370 hmc
1630 315 1769 387 propriis
1782 316 1854 372 dirri-

148 409 206 465 hoc
219 409 422 464 necessarium
437 406 532 474 fuerit,
553 413 582 462 et
595 421 664 477 qum
688 404 896 461 ecclesiasticas
911 418 975 476 per·

148 512 229 554 sonae
240 504 347 570 preter
362 496 532 553 nominatas
542 494 658 550 idoneas
673 495 757 550 vobis
771 494 841 549 visre
855 492 973 559 fuerint,

149 593 266 644 mature
280 588 367 643 nobis
380 586 549 656 significare
564 585 682 642 cirratis.

185 679 293 733 Datum
310 676 455 741 Laterani,
471 690 510 731 vu
527 674 651 731 Kalend.
668 672 742 732 usit.

462 765 659 820 CCCLlllllllll.

147 855 194 912 Ab
213 854 349 912 abbatem
362 854 534 925 Supericm.
551 884 586 894 -
604 854 640 911 tlt
656 851 829 908 thesaurum
846 851 974 909 ecclesia

166 946 284 1003 Sancta
290 942 740 1014 Genooesapioaoriobligotum
754 941 971 1009 redimisser'at.

378 1035 475 1103 (Anno
491 1035 569 1098 ¹¹50,
580 1030 669 1103 April.
684 1034 741 1101 28.)

345 1120 456 1196 [drusa
474 1120 601 1186 Concit,
620 1122 684 1185 llll,
700 1119 775 1194 tlt]

184 1214 320 1269 Euandrus
328 1213 497 1282 episcopus,
511 1227 614 1267 servus
622 1225 776 1266 servorum
791 1209 852 1277 Dei,
865 1208 972 1266 dilecto

148 1300 209 1357 filio
225 1303 343 1357 Sucsaro
354 1299 455 1356 abbati
468 1300 495 1356 S.
510 1298 654 1371 Dionysii,
667 1297 794 1356 salutem
809 1302 837 1355 ot
851 1303 974 1371 aposto-

147 1388 236 1445 licam
250 1389 500 1445 benedictionem.

183 1475 973 1549 prudentiamtuamtaterencncredimus,nohtspluri-

148 1582 232 1623 mum
240 1581 306 1623 esse
315 1565 571 1639 molestum,quod
580 1565 876 1622 thesaurnsecclesioe
884 1567 972 1623 Sanc·

1030 421 1097 460 mus
1105 402 1473 476 exprimendavocabulis:
1485 403 1641 459 ecclesiam
1652 404 1758 460 Sancti
1766 404 1854 461 Salva·

1030 493 1101 549 toris
1112 493 1140 549 in
1153 492 1272 549 civitate
1289 492 1465 550 Bononiensi
1477 509 1484 560 ;
1499 493 1530 548 in
1542 493 1691 550 Turicella
1704 495 1853 551 ecclesian

1030 582 1129 639 Sancti
1155 583 1289 648 andreae,
1316 582 1474 640 ecclesiam
1503 584 1602 640 Sancti
1634 583 1761 639 Domini
1783 584 1854 655 justa

1028 669 1184 742 bagnuna.
1208 672 1401 728 acclinemus
1422 687 1543 744 quoque
1559 676 1592 728 ut
1613 671 1720 727 nullus
1738 671 1854 729 fratrum

1029 764 1098 832 post
1108 761 1217 818 factam
1228 760 1339 817 ibidem
1346 760 1562 834 professionem
1569 759 1690 834 absque
1701 762 1814 834 prioris
1820 762 1855 819 vel

1028 851 1267 922 congregationis
1285 855 1454 923 spontanea
1468 851 1676 923 permissione
1698 867 1737 907 ex
1757 850 1854 908 eaden

1028 938 1159 995 claustro
1173 939 1283 996 audeat
1294 939 1468 1005 discedere;
1484 939 1694 996 discedentem
1710 955 1784 997 vero
1799 941 1854 997 abs

1026 1043 1086 1100 que
1098 1030 1252 1086 communi
1267 1028 1431 1087 litterarum
1451 1029 1589 1085 cautione
1609 1028 1718 1086 nullus
1739 1029 1853 1087 omnino

1028 1118 1179 1189 suscipiat.
1201 1119 1258 1175 Sed
1282 1119 1306 1174 si
1328 1118 1436 1192 aliquis
1461 1119 1595 1192 ipsorum
1623 1119 1759 1176 fratrum
1783 1128 1851 1177 extra

1026 1205 1191 1265 claustrum
1206 1225 1298 1265 ausus
1311 1207 1399 1265 fuerit
1417 1208 1481 1265 sino
1496 1209 1641 1281 praedicta
1660 1209 1786 1267 licentia
1799 1225 1850 1282 per

1027 1313 1159 1365 manere,
1169 1297 1333 1355 siseouudo
1342 1300 1463 1355 tertiove
1472 1297 1682 1354 commonitus
1690 1299 1849 1370 resipiscere

1026 1386 1101 1444 forle
1116 1388 1336 1459 contempserit,
1359 1388 1445 1444 liceat
1461 1387 1552 1460 priori
1570 1387 1717 1459 eiusdem
1739 1388 1797 1446 loci
1812 1405 1849 1445 ex·

1026 1476 1307 1534 communicationis
1320 1477 1351 1532 in
1363 1477 1463 1549 ipsum
1479 1481 1626 1549 tanquam
1643 1477 1676 1533 in
1690 1477 1849 1551 professum

1027 1583 1116 1623 suum
1132 1568 1311 1623 sententiam
1328 1567 1530 1639 promulgare.
1554 1567 1688 1623 Clericos
1710 1583 1782 1624 vero
1802 1568 1849 1623 sive

147 1654 972 1727 ctaeGenovefmpignoriestobligatusouieveronolu-
991 1656 1119 1731 sslaicos
1152 1657 1261 1713 liberos
1289 1656 1469 1713 seculariter
1497 1657 1632 1712 viventes
1666 1656 1709 1712 ad
1739 1673 1850 1713 conrar-

148 1760 216 1802 mus
227 1749 258 1802 ut
269 1745 395 1801 ecclesia
409 1745 476 1817 ipsa
488 1744 590 1817 aliqua
601 1745 781 1814 negligentia
795 1742 839 1801 vel
853 1750 972 1800 conten·

147 1834 227 1891 tione
241 1833 566 1890 detrimentumexinde
574 1834 714 1904 patiatur,
729 1833 971 1889 autornamentis

148 1924 218 1989 suis,
234 1923 405 1996 aliquorum
417 1922 549 1995 nequitia
563 1923 608 1979 vel
620 1922 909 1994 versutiaspolietur,
918 1937 972 1995 per

147 2011 970 2086 praesentiatibiscriptamandamus,quatenusadlocum

147 2103 248 2175 ipsum
256 2098 971 2173 accedas.etremdiligenterinquirens,quidquid

147 2192 296 2248 deeodem
311 2191 450 2248 thesauro
458 2206 511 2261 per
521 2190 679 2246 saculares
688 2190 854 2260 obligatum
865 2194 918 2254 est,
934 2204 969 2244 ex

147 2297 209 2355 quo
224 2280 351 2337 mutatio
363 2280 493 2336 ecclesie
507 2280 546 2335 ad
561 2295 665 2335 eorum
678 2277 811 2349 pervenit
823 2278 968 2344 notitiam,

146 2369 184 2427 de
197 2369 636 2443 proprioeosredimcrecogss.
652 2367 738 2434 Quod
745 2372 889 2423 veroantc
897 2366 970 2422 obli-

146 2465 249 2532 gaium
264 2459 370 2524 fuerat,
381 2458 418 2514 de
433 2457 587 2513 communi
599 2464 659 2513 tam
669 2456 860 2526 regularium,
876 2471 969 2528 quam

147 2549 346 2614 secularium,
363 2552 451 2618 prout
463 2545 633 2618 quibusque
649 2550 806 2616 competet,
818 2544 910 2601 facias
924 2561 969 2601 re·

146 2638 235 2693 dimi:
256 2637 377 2692 sollicite
396 2635 563 2699 attendens,
590 2651 626 2690 na
647 2635 816 2706 aliquorum
836 2633 969 2707 nequitia

146 2727 292 2782 damnum
305 2725 335 2780 in
351 2723 537 2780 hocecolesia
552 2722 690 2795 patiatur.
701 2723 755 2788 Qui
767 2728 866 2779 autern
878 2739 969 2795 super

146 2816 201 2873 boc
217 2815 266 2871 tibi
280 2812 397 2870 rebellis
411 2812 571 2878 existiterit,
592 2812 766 2868 auctoritate
781 2818 883 2868 nostra
898 2828 968 2868 aum

145 2901 607 2971 excommunicationisubjicias.

1027 1746 1143 1803 sionem
1176 1746 1358 1819 suscipiendi
1388 1745 1503 1819 absque
1542 1744 1674 1818 alicuius
1710 1746 1849 1804 contradi·

1027 1837 1123 1893 ctione
1139 1836 1309 1893 facultatem
1325 1835 1450 1891 liberam
1462 1835 1610 1891 habeatis.
1627 1837 1710 1893 Sane
1721 1836 1849 1893 laborum

1026 1932 1192 1982 vestrorum
1212 1941 1289 1996 quos
1308 1924 1435 1997 propriis
1455 1924 1597 1980 manibus
1616 1932 1672 1982 out
1689 1926 1849 1999 sumptibus

1026 2015 1134 2080 colitis,
1151 2015 1211 2070 sive
1226 2015 1263 2069 dc
1278 2013 1465 2069 nutrimentis
1480 2019 1653 2069 vestrorum
1668 2015 1848 2079 animalium,

1026 2102 1126 2159 nullus
1140 2104 1264 2159 omniuo
1276 2118 1295 2159 a
1310 2103 1393 2158 vobis
1405 2102 1538 2159 decimas
1549 2104 1673 2173 exigere
1685 2111 1849 2177 praesumat.

1026 2193 1130 2251 Oleum
1145 2207 1267 2265 quoque
1289 2196 1437 2257 sanctum,
1458 2192 1666 2248 ordinationes
1683 2193 1849 2250 clericorum

1024 2284 1077 2357 qui
1092 2283 1131 2338 ad
1146 2297 1248 2339 sacros
1263 2282 1384 2338 ordines
1399 2280 1507 2337 fuerint
1521 2271 1739 2354 promovendi,
1755 2301 1774 2340 a
1790 2283 1849 2340 dio-

1024 2386 1134 2428 cesano
1158 2371 1329 2442 suscipiutis
1346 2370 1498 2443 episcopo,
1519 2371 1676 2443 siquidem
1696 2373 1848 2429 catholicus

1024 2461 1122 2529 fuerit,
1136 2465 1164 2516 el
1176 2460 1304 2532 gratiam
1319 2465 1407 2532 atque
1420 2460 1673 2517 communionem
1688 2462 1849 2535 apostolica

1024 2549 1103 2605 sedis
1118 2548 1265 2614 habuerit,
1279 2555 1306 2605 et
1317 2565 1353 2605 ea
1363 2548 1456 2619 gratis
1468 2554 1495 2605 ct
1508 2549 1627 2622 absque
1641 2551 1794 2622 pravitate
1807 2552 1850 2609 ali·

1023 2655 1084 2712 qua
1093 2639 1226 2707 voluerit,
1238 2638 1378 2694 exhibere
1390 2660 1397 2704 t
1410 2639 1542 2710 alioquin
1555 2638 1646 2695 liceat
1658 2640 1748 2697 vobis
1759 2641 1845 2698 calbo

1023 2728 1115 2784 licum
1126 2742 1337 2800 quemcunque
1352 2727 1513 2784 malueritis
1519 2728 1604 2784 adire
1615 2731 1797 2798 antistitem,
1806 2729 1845 2801 qui

1023 2817 1166 2873 nimirum
1183 2822 1285 2873 nostra
1304 2816 1394 2873 fultus
1410 2817 1596 2885 auctoritate,
1621 2821 1713 2891 quod
1733 2819 1845 2891 postula

1024 2911 1081 2970 tur,
1095 2907 1258 2975 indulgeat.
1274 2906 1407 2963 Obeunte
1424 2922 1494 2963 vero
1509 2912 1536 2963 te
1551 2923 1635 2964 nunc
1652 2910 1681 2980 ej
1688 2910 1792 2965 uadem
1802 2905 1844 2963 loci

181 2996 287 3049 Datum
301 2995 401 3048 Romae
417 2992 497 3063 apud
512 2992 539 3048 S.
556 2994 681 3058 Petrum,
697 3005 727 3045 tv
742 2989 805 3046 llal.
819 2990 895 3047 binii.
988 2996 1131 3092 Cpriore.
1153 2995 1198 3050 vel
1214 3002 1334 3051 tuorum
1356 2996 1489 3067 quolibet
1508 3012 1741 3063 successorum,
1763 2996 1845 3054 nunu

456 3079 651 3136 ccccxxxiv

1023 3084 1064 3140 ibi
1073 3082 1206 3156 qualibet
1218 3084 1420 3155 subreptionis
1433 3084 1551 3152 astutia,
1561 3101 1617 3141 seu
1630 3085 1777 3143 violentia
1787 3099 1846 3158 pres

144 3170 443 3241 Boncpossessioues
456 3169 673 3239 privilegioque
684 3168 803 3225 Sancta
813 3168 920 3226 Moris
934 3170 970 3227 de
1024 3179 1162 3243 ponatur,
1179 3172 1236 3228 nisi
1251 3188 1341 3245 quem
1355 3171 1460 3229 fratres
1471 3174 1628 3230 communi
1641 3191 1798 3232 consensu
1810 3172 1846 3231 val

423 3261 503 3316 Reno
520 3259 687 3327 confirmat.
1023 3260 1148 3319 fratrum
1163 3278 1233 3334 pars
1249 3262 1363 3317 consilii
1378 3260 1505 3318 sanioris
1517 3264 1693 3321 secundum
1707 3266 1758 3321 Dei
1773 3267 1843 3321 timo·

380 3352 476 3416 (Αὓῦθ
498 3353 575 3413 ¹¹50,
590 3346 656 3402 Maii
676 3347 732 3418 ¹3·)
1023 3352 1208 3408 rometbeati
1220 3350 1528 3421 Augustiuiliegulam
1541 3352 1735 3424 providerint
1749 3354 1842 3424 eligan-

252 3442 430 3512 [Tuouasaai,
441 3435 757 3494 Mernoriestoricbecli
770 3437 860 3504 Reno,
1022 3441 1107 3496 dum.
1124 3441 1168 3495 ad
1181 3441 1244 3496 base
1257 3441 1345 3495 etiarn
1358 3439 1532 3511 adjicientes
1544 3441 1725 3509 statuimus,
1743 3448 1775 3499 ut
1786 3441 1845 3499 uuili

437 3527 586 3601 append„
601 3526 674 3596 3tl'l.l
1022 3529 1257 3602 archiepiscopo,
1270 3530 1316 3584 vel
1329 3529 1481 3601 episcopo,
1494 3530 1644 3587 autalicui
1656 3534 1846 3606 omninoper·

179 3624 315 3677 Eucsruus
334 3618 504 3690 episcopus,
528 3631 633 3672 servus
658 3631 813 3672 servorum
838 3615 897 3680 Dei,
922 3615 967 3671 di·
1023 3633 1105 3674 sona
1120 3617 1166 3674 fas
1177 3619 1213 3674 sit
1223 3619 1253 3673 in
1265 3619 1408 3690 praedicta
1420 3619 1545 3675 ecclesia
1560 3621 1658 3677 Beata
1675 3623 1776 3679 llarite
1788 3637 1847 3677 era·

141 3710 224 3766 lectis
238 3708 307 3764 filiis
320 3710 435 3764 Gurnoru
450 3705 541 3778 priori
557 3704 688 3760 eeclesias
706 3706 803 3761 Beata
818 3705 912 3762 Mariae
930 3705 968 3761 de
1022 3706 1151 3763 ctionem
1166 3706 1273 3772 facere,
1293 3722 1348 3763 nec
1364 3706 1454 3778 priori
1467 3712 1495 3763 et
1511 3707 1655 3764 fratribus
1678 3711 1845 3780 gravamina

142 3801 233 3863 Reno,
259 3797 383 3868 eiusque
407 3794 547 3850 fratribus
570 3797 632 3849 tam
656 3794 853 3866 presentibus
874 3810 966 3867 quam
1021 3795 1164 3866 irrogare.
1184 3795 1374 3868 sepulturam
1390 3811 1512 3869 quoque
1536 3797 1631 3869 ipsius
1652 3797 1718 3857 loci
1733 3801 1845 3857 liberant

141 3886 247 3943 futuris
259 3884 426 3956 regularem
444 3883 535 3940 vitam
552 3883 704 3955 professis,
726 3883 756 3938 in
777 3888 965 3955 perpetuum.
1021 3901 1085 3942 esse
1096 3886 1303 3955 concedimus,
1319 3890 1349 3941 ut
1364 3900 1468 3941 eorum
1483 3887 1536 3959 qui
1548 3901 1579 3942 se
1596 3887 1654 3944 illic
1673 3891 1795 3962 sepeliri
1807 3890 1845 3945 de

179 3974 332 4045 Religiosis
346 3972 499 4029 desideriis
512 3972 637 4044 dignum
648 3979 691 4027 est
706 3972 822 4028 facilem
833 3973 967 4044 prebere
1020 3973 1220 4038 liberaverint,
1237 3973 1387 4031 devotioni
1409 3981 1436 4031 et
1451 3982 1590 4032 extremes
1608 3977 1775 4044 voluntati,
1799 3976 1844 4035 nisi

141 4079 333 4128 consensum,
356 4067 386 4117 ut
406 4060 503 4118 fidelis
526 4061 645 4117 devotio
672 4059 800 4116 celerem
825 4061 967 4117 sortiatur
1019 4062 1094 4119 forte
1108 4063 1359 4119 exeommunicati
1373 4064 1419 4120 vel
1435 4064 1582 4121 interdicti
1594 4066 1667 4133 sint,
1684 4068 1844 4125 nullusob·

142 4150 289 4208 effectum.
313 4153 485 4223 liapropter,
503 4149 601 4205 dilecti
618 4150 647 4204 in
666 4149 790 4204 Domino
810 4147 871 4215 filii,
894 4165 966 4221 prce·
1021 4153 1114 4218 sistat,
1132 4152 1217 4209 salva
1231 4159 1333 4208 tamen
1344 4152 1459 4224 justitia
1474 4154 1605 4211 matricis
1614 4156 1768 4215 Ecclesiae.

139 4241 333 4298 decessorum
346 4248 516 4296 nostrorum
537 4238 627 4295 felicis
643 4238 795 4293 memorias
809 4238 860 4293 Pr.
879 4239 966 4295 lnno-
1056 4243 1246 4299 Decernimus
1256 4258 1328 4312 ergo
1336 4242 1577 4300 utnulltomnino
1588 4244 1756 4305 bominum
1772 4249 1847 4305 limat

141 4331 228 4387 centii
249 4334 277 4386 et
293 4329 371 4386 Lucii
388 4327 519 4401 vestigiis
540 4327 729 4394 inhaerentes,
755 4329 858 4384 vestris
877 4328 964 4398 justis
1018 4333 1116 4404 ipsam
1132 4330 1290 4388 ecclesiam
1311 4335 1420 4387 femere
1438 4333 1613 4404 perturbare
1632 4340 1690 4390 aul
1708 4338 1775 4409 ejus
1789 4352 1845 4411 pos

139 4419 389 4494 postulationibus
403 4418 563 4474 clementer
578 4417 742 4473 annuimus
762 4423 790 4472 et
807 4416 962 4488 preafatam
980 4391 1002 4446 D
1019 4421 1169 4479 sessiones
1193 4419 1318 4486 auferre,
1344 4419 1389 4477 vel
1404 4420 1520 4479 ablatas
1540 4422 1683 4490 retinere,
1709 4428 1842 4487 urinuere,

138 4509 236 4566 beata
264 4509 313 4565 Dei
343 4508 491 4580 genitricis
517 4520 694 4577 semperque
718 4505 842 4574 virginis
868 4507 964 4563 uarie
1019 4526 1072 4567 seu
1090 4509 1274 4582 quibuslibet
1288 4508 1496 4566 vexationibus
1514 4509 1653 4582 fatigare,
1680 4514 1843 4574 sedomnit

139 4599 306 4665 ecclesiam,
321 4598 352 4655 in
365 4613 425 4671 qua
435 4596 537 4652 divino
551 4593 712 4665 mancipati
723 4594 793 4650 estis
807 4596 963 4667 obsequio,
1018 4598 1133 4670 integra
1146 4603 1361 4655 conserventur
1371 4613 1485 4666 eorum,
1494 4614 1694 4671 proquorum
1705 4606 1842 4675 guberne·

139 4687 196 4744 sub
206 4687 284 4743 beati
295 4688 368 4742 Petri
379 4690 407 4740 el
421 4688 523 4741 nostra
536 4684 718 4757 protectione
730 4684 924 4757 suscipimus,
936 4690 964 4741 rt
1020 4686 1098 4743 tione
1113 4694 1141 4742 et
1155 4688 1369 4743 sustentatione
1382 4694 1614 4753 concessasunt‚
1635 4692 1750 4750 usibus
1762 4692 1842 4753 omni·

139 4775 296 4851 praesentis
316 4773 417 4846 scripti
432 4773 584 4846 privilegio
597 4772 823 4829 communimus
836 4789 842 4839 ;
860 4775 889 4828 in
906 4773 963 4845 pri·
1019 4775 1117 4832 modis
1128 4776 1386 4847 profutura,salva
1395 4777 1474 4832 sedis
1486 4777 1662 4849 apostolicae
1675 4786 1841 4840 arrctorrtats

137 4868 194 4921 mis
208 4865 356 4938 siquidem
370 4869 530 4918 statuentes
547 4869 575 4917 ut
591 4862 665 4917 ordo
680 4863 843 4918 canonicus
859 4878 961 4917 secun·
1017 4870 1046 4921 et
1060 4865 1362 4937 dioecesaniepiscopi
1376 4869 1523 4923 canonica
1531 4867 1662 4936 iustitia.
1679 4873 1711 4927 Si
1725 4890 1789 4945 qua
1802 4870 1841 4940 ig'r

137 4955 210 5011 dum
225 4956 304 5010 beati
316 4952 471 5022 Augustini
483 4952 624 5022 Regulam
639 4951 835 5024 perpetulsibi
848 4959 961 5023 tempo·
1018 4959 1065 5011 tur
1078 4954 1110 5008 in
1129 4953 1261 5011 futurum
1281 4955 1483 5011 ecclesiastica
1498 4954 1692 5015 saecrrlarisve
1715 4974 1839 5032 persona.

135 5043 432 5103 ribusinviolabiliter
443 5046 633 5098 conservetur
639 5059 649 5106 ;
663 5050 962 5113 prmtcrcaquascun·
1016 5042 1095 5098 bano
1105 5049 1216 5098 nostros
1230 5045 1450 5099 constitutionis
1463 5046 1608 5116 paginam
1623 5048 1741 5117 sciens,
1753 5058 1840 5107 count

137 5129 962 5209 quepossessiones,quaeccnqueuocatupresentiarum
1016 5147 1084 5188 eam
1112 5136 1220 5188 temere
1246 5131 1347 5187 verlice
1372 5135 1536 5199 tentaverit,
1566 5135 1708 5193 secundo
1736 5138 1839 5195 tertios

149 5230 215 5281 uste
225 5231 253 5279 et
262 5222 404 5280 canonice
416 5220 584 5292 possidetis,
596 5218 686 5274 autin
699 5218 832 5274 futurum
843 5235 960 5288 conoes-
1016 5221 1211 5286 commonita,
1227 5220 1250 5275 si
1262 5235 1323 5276 non
1334 5220 1538 5278 satisfactione
1555 5237 1697 5293 congrua
1710 5226 1841 5285 emenda·

135 5315 219 5370 sione
235 5312 421 5384 pontificum,
433 5310 589 5380 largitione
600 5318 716 5377 regum,
726 5307 876 5364 oblatione
891 5308 962 5366 lide-
1016 5309 1099 5375 verit,
1124 5308 1277 5382 potestatis
1296 5311 1478 5381 honorisque
1504 5311 1551 5367 sui
1570 5311 1724 5383 dignitato
1743 5320 1839 5377 canti.

134 5400 220 5466 lium,
236 5416 289 5457 seu
303 5400 369 5457 allis
386 5400 474 5471 justis
494 5399 591 5456 modis
608 5399 667 5455 Deo
683 5396 812 5469 propitio
828 5398 961 5471 poteritis
1015 5413 1161 5470 reamque
1179 5411 1211 5454 se
1226 5398 1328 5456 divino
1343 5398 1456 5471 judicio
1476 5400 1600 5459 existere
1619 5402 1659 5462 de
1679 5408 1839 5481 perpetret

137 5487 274 5562 adipisci,
297 5488 386 5549 firma
402 5488 488 5551 vobis
506 5486 674 5560 verbisque
689 5486 915 5548 successoribus
934 5490 963 5544 et
1016 5486 1171 5562 iniquitate
1183 5492 1357 5560 cognoscat,
1373 5492 1405 5549 et
1418 5503 1438 5549 a
1452 5489 1662 5556 sacratissimo
1674 5506 1840 5573 corporeas
