3728 6000
114 243 165 301 bil
623 243 812 303 obictumst
829 243 973 301 matris
991 243 1021 301 S.
1041 240 1258 302 Tusonolttct
1672 238 1675 243 ’
1711 237 1765 293 ⁸82

115 376 207 426 autem
222 370 318 443 spiritu
333 371 403 428 lacta
418 371 510 428 carnis
525 370 760 437 mortificaveritis,
776 369 908 427 vivetis.»
924 368 953 432 Α
967 370 1073 441 spiritui
1086 373 1181 426 nostro
1196 366 1269 442 quod
1283 382 1379 423 sumus
1408 364 1456 421 dlii
1471 363 1529 421 Dei.
1549 383 1560 415 ι
1576 362 1659 418 Nulla
1672 360 1765 417 animo

113 459 172 514 Hoc
186 467 229 514 est
243 475 313 531 opus
328 471 452 516 nostrum
464 459 491 513 in
509 461 559 515 bac
586 460 650 525 vita,
681 459 800 515 actiones
819 457 910 514 carnis
966 467 1021 514 tam
1035 475 1164 531 perversa
1179 467 1231 524 est,
1246 457 1274 512 in
1288 456 1366 527 cujus
1376 454 1458 511 corde
1470 469 1524 509 non
1532 452 1660 525 loquatur
1667 451 1740 506 Deus
1753 469 1761 505 r

113 547 209 618 spiritu
224 547 399 614 mortificare,
415 547 536 621 quotidie
551 546 683 620 affligere,
703 547 834 612 minuere,
850 544 909 601 sre-
965 565 1026 620 quae
1053 557 1144 604 tamen
1164 554 1300 618 utcunque
1315 542 1467 600 ratiocinari
1493 549 1589 612 potest.
1621 542 1764 611 lnterroga

111 650 188 705 nare,
217 636 384 692 interimere.
416 637 544 693 Actiones
561 638 653 693 camis
682 634 908 706 concupiscentiae
964 653 1029 710 ergo
1044 637 1151 693 viscera
1164 643 1218 704 tua,
1239 635 1263 690 si
1277 634 1358 706 plena
1377 635 1441 687 sunt
1464 630 1608 698 charitate,
1624 629 1762 701 interroga

112 724 203 780 carnis
216 733 278 780 sunt
295 744 302 781 ;
322 726 421 798 quibus
435 741 490 781 non
506 726 774 796 consentiremagna
785 723 905 787 lausest;
963 726 1082 780 animam
1112 733 1192 790 tuam,
1221 730 1309 778 utrum
1336 721 1431 777 timore
1454 726 1562 792 agatur,
1591 733 1624 772 an
1652 731 1760 772 amore.

112 829 180 884 quas
198 830 253 869 non
268 814 378 881 babere,
395 813 527 886 perfectio
545 820 596 870 est.
613 813 654 868 dd
669 813 742 885 quod
752 812 857 885 nequis
872 812 908 867 de
963 816 1025 885 lpse
1039 814 1084 885 qui
1099 811 1223 867 diffundit
1237 811 1395 867 charitatem
1414 809 1442 862 in
1456 806 1536 864 corde
1560 813 1618 873 tuo,
1636 805 1760 862 testimo-

111 901 220 972 spiritus
231 903 271 957 sui
287 902 386 958 virtute
400 909 590 974 praesumeret,
602 901 741 971 subjunxit
757 919 764 958 :
963 903 1037 957 nium
1061 901 1186 974 perhibet
1212 898 1317 971 spiritui
1339 905 1386 954 tuo
1403 896 1467 969 quid
1478 896 1506 950 in
1524 910 1558 951 eo
1569 902 1666 967 agatur
1684 894 1761 965 ;ipse

144 990 332 1045 Vsns.ld.-
349 990 513 1063 «Quotquot
527 991 599 1046 enim
619 991 714 1061 spiritu
738 989 787 1045 Dei
814 1005 907 1063 agun-
963 991 1044 1047 etiam
1073 990 1191 1061 Spiritus
1217 989 1252 1045 de
1279 988 1369 1059 seipso
1397 983 1563 1042 testificatur.
1593 981 1759 1054 Quomodo?

108 1085 162 1145 lut,
179 1079 206 1133 hi
217 1079 263 1133 filii
279 1088 340 1134 sunt
355 1081 414 1135 Dei.
432 1103 443 1129 ιι
462 1081 527 1134 rtus
546 1088 587 1135 est
612 1080 656 1152 agi
672 1094 753 1151 quam
769 1079 838 1150 regi.
854 1079 907 1148 Qui
964 1080 1010 1135 Vis
1024 1079 1120 1135 audire
1134 1077 1293 1150 quomodo?
1314 1075 1384 1131 dudi
1406 1075 1506 1145 ipsum,
1523 1088 1577 1144 quo
1604 1072 1723 1127 donante
1736 1071 1758 1125 si

109 1166 181 1222 enim
197 1168 301 1239 regitur
315 1167 418 1239 aliquid
432 1169 510 1239 agit:
528 1175 554 1222 et
568 1168 629 1223 idco
646 1167 760 1237 regitur,
781 1174 810 1220 ut
832 1174 906 1223 recte
961 1169 1056 1235 babes,
1079 1167 1181 1238 accipis
1206 1165 1327 1237 spiritum
1355 1165 1460 1235 ipsum.
1481 1162 1535 1219 «Si
1563 1159 1634 1232 quis.
1661 1159 1757 1229 inquit,

109 1262 183 1326 agat.
200 1255 252 1324 Qui
267 1264 357 1311 autem
371 1256 460 1327 agitur
474 1272 554 1328 agero
564 1256 622 1327 ipse
635 1255 736 1325 aliquid
749 1255 794 1309 vix
822 1255 902 1311 intel·
961 1258 1049 1330 diligit
1060 1273 1121 1321 me;
1139 1255 1265 1311 mandata
1275 1270 1336 1309 moa
1350 1252 1467 1309 serrabit
1483 1250 1579 1317 tJoon.
1603 1249 1675 1318 ιιι).
1695 1270 1706 1297 ιι
1727 1249 1756 1302 Si

108 1341 211 1413 ligitur.
235 1344 268 1398 Et
285 1351 373 1399 tomen
386 1352 487 1398 tantum
501 1343 797 1414 praestatroluntatibus
807 1344 905 1399 nostris
960 1346 1067 1402 dileetio
1082 1354 1107 1400 et
1122 1343 1264 1401 delectatio
1277 1343 1391 1413 justitiae
1407 1348 1431 1397 te
1451 1341 1508 1413 agit
1523 1339 1558 1394 ad
1580 1337 1756 1394 observatio-

108 1431 195 1504 gratia
210 1431 367 1500 salvatoris,
384 1441 413 1487 ut
428 1448 481 1487 non
500 1432 603 1488 dubitet
622 1430 769 1501 Apostolus
796 1432 899 1489 dicere.
958 1452 1021 1491 nem
1036 1435 1222 1490 mandatorum
1235 1434 1292 1498 Dei,
1304 1433 1357 1488 boc
1372 1438 1413 1487 εει
1432 1427 1611 1485 testimonium
1626 1425 1756 1482 bebitan-

111 1518 284 1593 «Quotquot
304 1521 401 1592 spiritu
416 1521 465 1575 Dei
481 1530 606 1592 aguntur,
630 1521 656 1575 bi
677 1520 723 1574 tilii
738 1526 800 1574 sunt
815 1522 901 1576 Deis
958 1526 992 1579 tis
1007 1525 1033 1579 in
1053 1531 1079 1579 te
1101 1523 1212 1594 spiritus
1236 1521 1296 1575 Dei.
1321 1520 1349 1575 Si
1365 1523 1404 1574 sic
1417 1536 1456 1580 es,
1477 1517 1603 1582 liberes,
1622 1513 1693 1570 lilius
1716 1530 1754 1582 ce,

106 1610 233 1681 Aguntur
244 1609 344 1680 quippe
355 1608 403 1663 lilii
412 1609 471 1677 Dei,
483 1617 511 1663 ut
521 1609 595 1681 quod
606 1608 741 1680 egendum
751 1615 793 1665 est
802 1613 902 1682 agant;
958 1620 1001 1667 tua
1015 1619 1077 1667 sunt
1091 1611 1182 1666 omnia
1196 1625 1257 1681 quae
1273 1608 1357 1663 Patris
1369 1615 1439 1662 sunt.
1459 1605 1573 1676 lnspirat
1597 1603 1645 1658 tibi
1674 1617 1755 1657 amo-

104 1699 209 1752 etcum
224 1698 343 1769 egerint,
359 1697 427 1752 illia
451 1712 504 1767 quo
532 1707 658 1768 aguntur,
683 1698 786 1770 gratias
809 1705 901 1770 agant,
917 1727 944 1789 Β
959 1717 1019 1756 rem
1049 1700 1134 1755 Patris
1158 1699 1273 1769 Spiritus
1300 1696 1461 1767 adoptionis,
1486 1694 1583 1765 inquo
1606 1691 1634 1746 in
1649 1698 1756 1746 tautum

106 1783 172 1855 quia
186 1784 254 1840 sicut
268 1785 408 1856 agendum
423 1794 462 1840 est
478 1785 543 1840 illud
558 1794 652 1858 agant,
668 1786 697 1841 id
721 1793 762 1840 est
779 1803 838 1842 cum
850 1788 902 1843 de·
958 1790 1071 1856 clamas,
1087 1789 1115 1843 in
1136 1795 1267 1860 quantum
1294 1801 1382 1851 arnas,
1398 1783 1462 1856 quia
1490 1783 1548 1855 ipse
1576 1795 1653 1836 amor
1666 1786 1708 1835 est
1728 1787 1756 1834 et

106 1874 251 1929 lactatione
265 1882 292 1930 et
305 1858 451 1930 dilectione
462 1874 585 1944 justitiae,
602 1883 628 1931 et
643 1876 803 1932 suavitatem
823 1893 902 1947 quam
957 1879 1070 1945 clamor,
1086 1879 1113 1932 in
1128 1893 1181 1947 quo
1195 1877 1307 1941 clamas,
1326 1898 1337 1923 ιι
1355 1874 1432 1929 Abba
1454 1873 1543 1927 Pater.
1562 1891 1573 1921 ι
1591 1870 1619 1926 Si
1649 1869 1757 1923 Patrem

105 1959 179 2016 dedit
193 1962 335 2030 Dominus,
350 1970 379 2018 ut
393 1971 463 2019 terra
477 1965 535 2033 ejus
562 1965 640 2019 daret
668 1965 784 2020 fructum
812 1981 900 2031 suum,
956 1966 1067 2023 invoces
1085 1965 1130 2020 srlii
1146 1963 1255 2030 affectu,
1270 1964 1329 2035 ipse
1340 1971 1433 2018 auctor
1447 1959 1541 2034 prutiae
1560 1956 1674 2029 Spiritus
1688 1971 1755 2011 san-

104 2049 139 2104 ab
154 2064 188 2105 eo
202 2067 231 2106 se
246 2051 383 2122 accepisse
398 2052 544 2125 gaudeant.
555 2053 664 2108 Nomen
679 2052 753 2108 enim
768 2052 902 2121 adjutoris
956 2063 1026 2122 ctus,
1038 2055 1127 2126 ipsum
1142 2053 1194 2108 sibi
1208 2053 1349 2107 insinuans
1371 2049 1496 2121 spiritum
1511 2055 1596 2114 tuum,
1619 2044 1704 2100 lilium
1726 2051 1753 2098 te

103 2139 257 2209 praescribit
285 2143 387 2212 agenti,
404 2143 470 2212 quia
498 2150 524 2196 et
553 2141 610 2211 ipsc
634 2140 737 2210 aliquid
758 2142 823 2213 agit.
840 2141 902 2196 Filii
956 2158 1017 2198 esse
1028 2143 1077 2198 Dei
1092 2147 1257 2198 contestatur
1267 2139 1329 2210 ipso
1344 2136 1450 2194 effectu.

104 2240 171 2298 ergo
179 2227 228 2282 Dei
243 2236 314 2293 sunt,
335 2230 490 2299 quicunque
512 2232 630 2300 ageantur
653 2229 760 2300 spiritu,
778 2244 832 2284 non
855 2229 900 2283 lit·
990 2232 1078 2286 Vens.
1094 2232 1138 2284 ll.
1152 2260 1187 2271 -
1204 2252 1215 2276 ιι
1233 2227 1312 2297 Quod
1326 2227 1349 2282 si
1365 2225 1422 2291 filii,
1438 2231 1468 2281 et
1480 2224 1611 2281 heredes.
1624 2220 1754 2278 llaeredes

102 2320 163 2370 tere
179 2331 235 2370 non
265 2317 327 2386 lege
348 2317 532 2388 precipiente,
552 2316 682 2383 minante,
714 2318 899 2390 promittente,
954 2319 1062 2390 quidem
1084 2320 1153 2388 Dei;
1170 2317 1327 2374 cohaeredes
1343 2323 1434 2371 autem
1450 2313 1557 2370 Christi.
1577 2336 1588 2361 ι
1608 2310 1756 2368 llortnoin

103 2403 155 2457 sed
169 2403 263 2472 spiritu
272 2404 419 2471 excitante,
431 2405 611 2472 illuminante,
624 2405 778 2474 adjurante.
953 2423 1033 2463 cruca
1047 2407 1163 2462 Domino
1177 2406 1241 2461 lesu
1256 2405 1375 2471 Christo,
1398 2419 1447 2459 nos
1461 2401 1584 2457 heredes
1599 2399 1663 2468 ejus
1688 2398 1755 2455 lacti

62 2555 64 2559 Ι
139 2489 326 2546 Vnas.15.—
345 2492 899 2564 uNonenimaccepistisspiritumserri-
954 2512 1059 2561 sumus,
1072 2495 1117 2568 qui
1132 2511 1225 2549 sumus
1240 2493 1288 2548 filii
1313 2495 1380 2563 eius,
1408 2492 1469 2563 ipso
1490 2491 1597 2546 dicente
1627 2506 1634 2542 ε
1665 2486 1756 2542 ιΝοιι

102 2578 164 2633 ιιιιίε
175 2578 272 2634 iterum
288 2579 314 2634 iu
330 2580 432 2648 timore,
451 2604 461 2629 ι
479 2581 549 2636 sicut
562 2581 589 2635 in
605 2589 696 2637 monte
718 2582 794 2650 Sina,
826 2605 836 2631 ιι
850 2583 899 2638 sed
953 2592 1063 2656 possunt
1075 2584 1200 2653 jeJunare
1213 2581 1261 2637 filii
1285 2584 1389 2654 sponsi,
1413 2579 1535 2652 quandiu
1562 2592 1624 2634 cum
1642 2576 1696 2631 illis
1711 2583 1757 2631 cst

101 2667 247 2738 accepistis
271 2667 397 2738 spiritum
426 2669 579 2740 adoptionis
593 2668 720 2734 filiorum,
740 2695 750 2718 ιι
777 2678 807 2726 ut
830 2672 898 2726 miro
953 2688 1068 2744 sponsus
1083 2675 1162 2742 (Luc.
1182 2671 1218 2742 v).
1238 2695 1248 2718 ι
1268 2670 1402 2725 llaeredes
1418 2685 1483 2741 erpo
1498 2667 1621 2731 dicimur,
1639 2665 1702 2736 quia
1714 2680 1755 2720 re·

101 2763 127 2811 at
142 2771 205 2811 vero
221 2764 311 2812 tamen
324 2758 406 2812 modo
421 2759 503 2822 servi,
519 2774 571 2813 non
588 2758 660 2814 serri
675 2775 734 2814 essc
751 2759 896 2831 possimus,
951 2762 1029 2831 liquit
1044 2761 1123 2816 nobis
1147 2761 1222 2831 pacis
1249 2759 1441 2816 ecclesiasticae
1472 2759 1671 2828 possessionem
1701 2769 1756 2824 per

101 2844 172 2900 servi
185 2845 289 2900 scilieet
304 2845 400 2900 timore
416 2854 500 2911 casto,
517 2847 551 2901 ad
564 2863 644 2917 quem
660 2849 778 2918 pertinet
805 2865 898 2904 serrus
952 2848 1033 2905 sidem
1054 2849 1212 2921 temporalis
1241 2848 1460 2919 dispensationis,
1485 2862 1567 2918 quam
1583 2844 1611 2898 in
1632 2844 1685 2898 bac
1700 2843 1755 2897 rita

101 2933 205 2987 intrans
218 2933 247 2988 iu
262 2934 389 3006 gaudium
419 2935 527 2990 Domini
551 2937 592 2991 sui
621 2952 675 2991 nou
705 2945 794 2991 autem
824 2939 896 2994 servi
950 2938 1133 3009 possidemus,
1149 2937 1330 3008 ipsodicente
1347 2953 1354 2990 ε
1373 2960 1383 2983 ι
1400 2938 1498 2991 Pacem
1514 2930 1752 3001 meamdovobis,

100 3020 197 3077 timore
207 3023 281 3078 lonas
293 3023 435 3089 mittendo,
453 3024 582 3096 adquam
597 3026 713 3096 pertinet
732 3041 826 3081 servus
842 3043 896 3082 non
952 3043 1048 3099 pacem
1063 3028 1187 3098 relinquo
1203 3025 1281 3080 vobis
1297 3027 1389 3092 (loon.
1406 3024 1499 3094 ιιι).ι
1526 3018 1688 3078 Cobaeredes
1702 3036 1755 3075 au-

101 3124 215 3164 maneus
229 3110 256 3164 in
273 3111 354 3166 domo
364 3111 392 3165 in
406 3121 550 3168 aeternum.
568 3113 626 3168 Filii
642 3114 744 3186 quippe
767 3116 899 3183 serviunt,
953 3122 1007 3171 tem
1022 3116 1082 3186 ejus
1097 3113 1256 3184 efficiemur,
1266 3131 1327 3171 curn
1342 3114 1370 3168 in
1385 3112 1439 3167 tine
1453 3111 1546 3167 saculi
1561 3108 1755 3165 absorbebitur

103 3204 130 3253 et
143 3197 224 3253 liberi
234 3206 315 3253 sunt:
332 3202 521 3270 propterquod
536 3201 618 3257 etism
633 3201 780 3257 liberorum
790 3203 899 3258 nomine
952 3220 1028 3260 mors
1052 3205 1079 3259 in
1108 3205 1231 3259 victoria.
1257 3205 1332 3259 Tunc
1361 3202 1432 3258 enim
1449 3200 1577 3255 «similes
1600 3198 1625 3254 ei
1640 3197 1753 3265 erimus,

100 3294 259 3342 censentur.
280 3287 454 3344 ldemautem
469 3289 566 3360 spiritu
581 3291 727 3358 servitutis,
744 3291 790 3364 qni
812 3291 898 3347 liber·
953 3294 1015 3365 quia
1039 3293 1192 3349 ridebimus
1208 3309 1269 3348 eum
1298 3292 1376 3347 sicuti
1391 3300 1432 3346 ost
1450 3292 1542 3361 (loun.
1558 3289 1608 3357 ιιι).
1627 3310 1638 3334 ι
1665 3286 1754 3355 Quam

100 3374 172 3443 tatis,
188 3375 237 3431 sed
253 3384 280 3430 et
290 3376 336 3432 illc
347 3378 374 3430 in
389 3377 487 3432 tabulis
504 3378 631 3449 lapideis,
647 3379 674 3434 id
689 3387 731 3434 est
745 3380 820 3435 duris
834 3396 897 3436 cor·
952 3382 1137 3439 haereditatem
1150 3398 1203 3436 non
1218 3381 1303 3452 patris
1319 3382 1378 3449 eius
1394 3387 1482 3435 morte
1501 3376 1691 3446 adipiscimur,
1707 3375 1753 3444 qui

100 3461 181 3519 dibus
209 3463 238 3518 in
263 3465 452 3532 timorem,hic
474 3467 608 3522 autemid
627 3468 728 3523 tabulis
751 3468 843 3523 cordis
871 3469 898 3523 in
953 3471 1021 3526 mori
1045 3486 1100 3526 non
1127 3478 1226 3542 potest,
1250 3486 1311 3526 cum
1341 3470 1397 3540 ipse
1419 3469 1453 3522 sit
1481 3465 1628 3521 baereditas
1647 3467 1752 3531 nostra,

99 3552 268 3608 charitatem.
286 3554 407 3608 Servitus
422 3571 488 3624 vero
503 3555 530 3609 in
545 3556 640 3612 timore
655 3558 721 3626 quid
736 3558 800 3612 est?
811 3559 898 3614 Nemo
952 3559 1060 3616 dicente
1076 3559 1214 3630 Scriptura
1226 3578 1252 3614 :v
1271 3559 1403 3614 Dominus
1419 3573 1482 3627 pars
1503 3553 1668 3609 baereditatis
1682 3567 1754 3607 meae

101 3639 201 3696 inritus
215 3641 286 3695 bene
311 3641 386 3712 iacit,
402 3642 512 3697 etiamsi
528 3644 630 3699 bonum
656 3654 695 3700 est
724 3644 797 3716 quod
824 3646 898 3713 lacit,
956 3648 1045 3715 (Psoi.
1063 3654 1108 3718 ιιι)
1123 3664 1130 3717 ;
1143 3672 1153 3695 ι
1173 3648 1220 3703 sed
1236 3647 1364 3718 quoniam
1375 3662 1436 3700 cum
1453 3646 1542 3700 vocati
1556 3658 1650 3698 sumus
1664 3641 1753 3696 adbuc

102 3727 239 3797 quianibil
255 3729 367 3799 prodest
383 3730 497 3801 spiritus
513 3733 629 3800 timoris,
642 3733 686 3788 ubi
702 3748 757 3788 non
777 3741 819 3787 est
839 3736 899 3804 spi·
951 3737 1069 3808 parvuli,
1086 3745 1110 3791 et
1126 3736 1160 3791 ad
1176 3735 1385 3806 contemplanda
1409 3733 1560 3804 spiritualia
1579 3733 1669 3786 minus
1692 3730 1754 3786 ido·

100 3814 168 3869 ritus
197 3815 351 3872 charitatis.
377 3819 533 3873 blandarum
560 3820 631 3875 enim
647 3822 695 3877 Dei
720 3822 744 3875 si
759 3821 788 3876 lit
803 3823 899 3879 timore
953 3826 1007 3891 nei,
1025 3842 1112 3899 usque
1135 3826 1170 3880 ad
1191 3824 1361 3879 humillimas
1379 3831 1486 3877 nostras
1511 3820 1691 3893 cogitationes
1721 3835 1755 3874 se

101 3917 201 3973 poenae,
218 3906 509 3974 nonamarejustitiae,
526 3907 899 3976 serviliterbt;etideoncc
953 3913 1044 3968 divina
1065 3913 1255 3969 misericordia
1284 3913 1415 3984 porrexit,
1445 3918 1476 3966 ut
1505 3909 1753 3981 quomodocunque

101 3988 144 4047 fit.
179 3990 261 4046 uSed
293 3994 435 4063 accepistis
466 3995 587 4065 spiritum
613 3996 776 4068 adoptionis.
795 4022 806 4047 ι
825 4001 900 4056 Solet
952 4017 1064 4056 cernere
1080 4001 1235 4069 niteremur,
1263 4001 1334 4071 quod
1355 4017 1409 4054 non
1425 4000 1565 4055 evidenter
1580 4006 1662 4070 atqua
1686 4013 1752 4068 per·

102 4078 223 4151 gaudere
237 4086 315 4150 pater
328 4081 362 4136 ad
377 4082 485 4137 unicum
507 4081 601 4151 filium,
617 4093 746 4154 tanquam
765 4088 810 4157 qui
826 4090 899 4144 solus
953 4090 1048 4160 spicue
1075 4089 1261 4155 cernebamus,
1290 4089 1411 4159 idipsum
1436 4096 1594 4153 moreretur,
1623 4086 1697 4158 quod
1726 4086 1753 4140 in

102 4174 185 4222 totum
213 4182 390 4237 possessurus
412 4171 455 4237 sit,
473 4187 523 4227 neo
540 4171 636 4228 babeat
649 4189 711 4231 oum
726 4190 779 4246 quo
794 4174 899 4232 diridet
952 4178 1098 4250 aenigmate
1117 4178 1305 4244 cernebamus,
1321 4195 1382 4232 eum
1394 4178 1464 4232 lucio
1479 4177 1512 4231 ad
1529 4177 1626 4231 sociem
1637 4191 1754 4231 cernere

100 4255 297 4312 hereditatem.
313 4257 374 4313 Non
389 4259 428 4315 sio
443 4260 514 4315 Deus
544 4262 632 4317 Pater.
655 4262 753 4318 Habuit
776 4264 896 4332 unicum,
952 4265 1340 4338 coeperimus.Courenicnter
1367 4282 1437 4338 ergo
1466 4266 1563 4320 elicitur
1588 4265 1752 4319 moriturum

34 4370 40 4383 ι
102 4344 151 4400 sed
177 4345 265 4400 noluit
292 4345 499 4413 babereunum,
516 4365 596 4419 quem
620 4350 791 4407 inmundum
813 4354 897 4421 misit,
952 4353 1753 4428 essequodauiertur.scumtrenim«veneritquodper-

100 4439 130 4487 ut
142 4431 240 4488 iratres
255 4432 365 4490 baberet
388 4436 543 4507 adoptatos.
559 4439 640 4494 Venit
667 4441 832 4513 unigenitus,
848 4460 897 4499 su·
910 4436 937 4497 1)
951 4443 1051 4500 lectum
1076 4451 1127 4509 εει,
1152 4443 1328 4499 evacuabitur
1344 4444 1415 4514 quod
1440 4461 1473 4498 ex
1489 4451 1566 4514 parte
1583 4450 1624 4499 est
1639 4443 1663 4513 (l
1680 4444 1747 4500 Cor.

99 4523 187 4592 scepit
201 4521 228 4576 in
256 4522 348 4594 seipso
367 4534 479 4595 peccata
504 4526 602 4596 quibus
624 4529 841 4600 implicabamur,
858 4548 892 4588 ne

96 4624 186 4680 perca
201 4611 289 4682 gratis
302 4610 454 4684 adoptionis
467 4615 653 4685 impediretur.
672 4642 683 4667 ι
698 4621 729 4673 ln
752 4635 806 4691 quo
834 4619 893 4676 cla-

98 4712 214 4765 mamus,
230 4699 311 4768 abba,
327 4701 416 4757 Pater.
431 4702 551 4758 uHarum
562 4704 676 4760 duarum
698 4708 895 4773 vocum,altera

98 4802 133 4841 ex
147 4786 210 4861 lege
224 4792 277 4854 est,
293 4789 377 4845 altera
392 4807 427 4847 ex
442 4794 583 4863 praeputio.
601 4792 653 4863 Qui
664 4804 754 4851 autem
765 4797 892 4865 clamant,

98 4874 201 4946 aliquid
228 4884 332 4947 petunt.
360 4877 430 4947 Quid
444 4888 549 4950 petunt,
566 4882 617 4937 nisi
632 4884 704 4953 quod
719 4886 849 4952 esuriunt,
867 4888 895 4943 id

99 4967 140 5017 est
164 4963 326 5032 justitiam?
352 4967 433 5023 Dedit
461 4969 532 5024 enim
548 4971 633 5026 serris
662 4973 718 5027 suis
733 4982 894 5045 potestatem

99 5056 169 5115 filios
185 5059 235 5114 Dei
248 5059 307 5115 fieri
322 5064 415 5131 (loon.
428 5065 458 5134 r),
478 5066 572 5121 unicus
594 5068 653 5135 Dei,
668 5085 771 5141 eosque
797 5071 895 5128 admo-

99 5159 160 5213 nuit
174 5167 277 5229 petere,
294 5177 425 5232 quaerere,
443 5171 468 5218 et
483 5165 640 5234 pulsarent
655 5168 798 5239 accipiant,
814 5169 893 5226 inra-

100 5257 186 5325 niant,
206 5267 233 5314 et
245 5260 382 5330 aperiatur
394 5262 444 5317 eis.
462 5265 491 5317 ln
521 5280 553 5320 eo
580 5275 666 5321 autom
692 5267 850 5338 clamemus,
866 5270 894 5326 id

99 5358 141 5407 est
154 5356 214 5425 ipso
230 5355 397 5413 diffundente
420 5361 576 5417 alteritatem
587 5361 616 5416 in
637 5364 766 5420 cordibus
780 5367 891 5434 nostris,

95 5447 154 5503 sine
169 5466 222 5520 qua
234 5452 335 5508 frustra
347 5455 456 5523 clamat,
473 5457 627 5528 quicunque
641 5459 750 5516 clamat.

132 5545 218 5604 Vnae.
231 5549 331 5605 16.-ι
342 5554 404 5626 lpse
411 5555 486 5614 enim
493 5555 602 5631 spiritus
612 5556 793 5614 testimonium
803 5559 893 5615 reddit

946 4534 1015 4597 xurl.
1030 4556 1041 4582 ι
1058 4532 1096 4587 Ιιε
1109 4531 1190 4588 nobis
1199 4532 1404 4603 quodammodo
1415 4534 1530 4588 moritur
1541 4530 1654 4586 Peterin
1664 4533 1753 4605 aenig-

948 4628 1019 4677 mate
1036 4640 1042 4675 :
1058 4628 1083 4676 et
1098 4621 1169 4675 idom
1186 4621 1243 4692 ipse
1258 4619 1284 4674 fit
1303 4620 1456 4685 baereditas,
1474 4637 1535 4676 cum
1553 4620 1619 4676 locis
1647 4619 1681 4674 nd
1704 4621 1751 4676 sa-

947 4710 1016 4766 ciem
1031 4709 1195 4781 possidetur.
1211 4711 1271 4765 Non
1288 4710 1352 4781 quia
1366 4710 1425 4780 ipse
1441 4712 1565 4774 moritur,
1582 4710 1629 4764 sed
1644 4710 1750 4781 imper-

947 4799 1019 4855 fecta
1034 4799 1061 4852 in
1076 4814 1138 4854 eum
1157 4805 1248 4853 nostra
1263 4799 1330 4854 risio
1346 4798 1577 4869 periectavisione
1591 4799 1744 4869 perimitur.

949 4888 981 4942 Et
991 4897 1081 4942 tamen
1096 4887 1146 4941 nisi
1170 4887 1218 4941 illa
1241 4887 1315 4957 prior
1338 4902 1389 4942 nos
1406 4887 1530 4954 nutriret,
1543 4887 1577 4942 ad
1590 4887 1672 4942 aliam
1686 4889 1749 4959 ple-

949 4976 1088 5032 nissimam
1105 4984 1131 5030 et
1142 4975 1376 5030 evidentissimam
1392 4991 1447 5031 non
1462 4975 1631 5031 efficeremur
1641 4977 1748 5033 idonci.

948 5073 1025 5143 Quod
1042 5074 1064 5127 si
1080 5073 1160 5127 etiam
1171 5073 1205 5127 de
1220 5073 1331 5129 domino
1346 5082 1442 5130 nostro
1454 5076 1518 5128 lesu
1545 5074 1651 5130 Christo
1665 5075 1749 5131 inlel-

948 5171 1037 5226 lectus
1052 5170 1185 5240 admittat,
1202 5184 1255 5224 nou
1271 5171 1342 5225 enim
1358 5171 1516 5227 cohaeredes
1533 5173 1592 5243 ojus
1606 5188 1669 5228 esse
1680 5189 1749 5244 pos-

947 5284 1051 5335 sumus,
1068 5267 1118 5322 nisi
1135 5268 1229 5337 etipse
1244 5270 1331 5324 beares
1347 5271 1389 5333 sit,
1407 5272 1432 5323 in
1449 5287 1561 5343 corpore
1589 5288 1639 5328 suo
1664 5273 1748 5329 intel·

947 5367 1047 5439 ligatur
1061 5369 1159 5431 heres,
1176 5365 1254 5421 idest
1279 5369 1306 5422 in
1323 5370 1451 5425 llrrlrsir.
1481 5371 1566 5440 Cujus
1587 5373 1747 5429 oolraeredes

946 5482 1047 5533 sumus,
1076 5467 1247 5538 quamvisex
1276 5467 1357 5521 nobis
1373 5474 1490 5531 crrrrstet,
1516 5469 1746 5540 quemadmodum

947 5563 993 5619 dlii
1009 5563 1069 5633 ejus
1080 5565 1177 5619 matris
1189 5563 1316 5635 dicimur,
1333 5564 1456 5636 quamvis
1477 5580 1510 5619 ex
1524 5565 1605 5622 nobis
1625 5572 1745 5623 constet.
