3728 6000
610 238 656 294 DE
675 236 875 298 annullatis
893 242 927 299 G.
949 243 996 299 DE
1014 244 1176 301 CONCHIS.

213 657 298 746 ul}
342 657 714 754 ERRORIBUS
752 661 1106 757 Guthulahml
1158 668 1243 759 llll
1282 667 1566 765 GONGHIS

652 859 702 914 ab
720 857 894 918 SANCTUM
914 859 1137 920 annullabunt.

526 1034 710 1103 (bibliotheca
731 1037 1019 1105 obtenebraretur.
1039 1036 1086 1108 lt,
1101 1053 1165 1113 pag.
1183 1038 1257 1110 tat.)

95 1400 216 1458 Domino
231 1401 388 1457 harumna
397 1400 492 1458 abbati
502 1400 675 1471 clarevallis,
690 1403 866 1460 fraleera-
879 1403 907 1465 A
921 1409 1013 1460 tatem.
1030 1424 1042 1453 ι
1068 1402 1175 1461 Deinde
1201 1405 1280 1478 quasi
1299 1421 1361 1463 eam
1383 1419 1581 1471 enarraturus:
1603 1439 1615 1465 a
1634 1416 1714 1476 Pater

61 1506 173 1548 amns
187 1491 340 1548 claritatem
356 1499 466 1547 aeternae
481 1492 605 1549 visionis.
919 1491 1014 1564 inquil,
1030 1492 1125 1565 genuit
1155 1493 1261 1560 Filium,
1276 1497 1329 1553 hoc
1355 1508 1398 1554 est
1418 1500 1511 1558 diuina
1531 1506 1652 1576 potentia
1667 1522 1715 1563 sa-

99 1580 204 1636 Vereor
228 1579 343 1635 multum
369 1578 501 1635 molestus
528 1596 590 1636 esse
620 1580 707 1649 vobis,
737 1588 764 1637 et
791 1579 865 1636 mul·
919 1581 1060 1652 pientiam,
1082 1582 1194 1651 quando
1220 1585 1338 1656 providit
1363 1591 1500 1660 quomodo
1528 1610 1572 1649 res
1599 1606 1716 1665 crearet,

62 1668 206 1741 tiplinibua
219 1667 445 1738 occupationibus
465 1669 562 1726 restris
579 1687 586 1734 ;
613 1670 731 1726 maxime
745 1686 807 1726 cum
823 1676 868 1725 to·
921 1675 950 1724 et
963 1677 1067 1724 creatas
1080 1671 1248 1741 disponeret.
1264 1674 1297 1730 lar
1312 1675 1377 1748 quia
1392 1679 1443 1735 hoc
1456 1688 1518 1736 ante
1538 1682 1639 1740 saecula
1653 1700 1719 1755 pro-

62 1758 117 1815 ties
147 1757 227 1814 rubia
255 1759 306 1813 sim
341 1759 474 1829 pmpheta
506 1758 597 1814 malus
629 1767 654 1814 el
687 1759 868 1830 importunus,
922 1757 1049 1827 ridit,ab
1073 1766 1176 1816 aeterno
1204 1762 1483 1840 sapientiamgeuuit‚
1499 1777 1676 1830 etcoaetema
1693 1774 1720 1831 ei

64 1848 233 1903 annuntians
260 1845 426 1903 vastitatem.
444 1847 513 1903 Ecce
542 1848 615 1904 enim
642 1846 677 1903 da
700 1847 791 1903 radice
819 1860 871 1902 co·
923 1854 965 1902 est
979 1862 1027 1902 sua
1046 1848 1233 1918 sapientia.Et
1246 1853 1297 1908 hoc
1312 1860 1362 1919 est,
1380 1856 1452 1925 quod
1476 1873 1508 1913 ex
1524 1875 1553 1915 so
1575 1867 1602 1916 et
1616 1877 1672 1918 nou
1687 1879 1721 1919 ex

62 1934 139 1991 lubri
164 1934 289 1992 ascendit
306 1934 429 2008 regulus,
458 1935 565 1992 obscuri
597 1936 707 2006 quidem
742 1934 871 2002 nominis,
925 1934 978 1991 aliu
993 1935 1721 2015 putentiasapientiamgeuuit;quianuualteriusdo·

65 2033 94 2081 et
121 2024 224 2080 nullius
252 2024 443 2094 auctoritatis3
460 2024 508 2079 sed
537 2033 625 2079 lamen
653 2040 759 2081 veneno
785 2022 873 2095 pesti·
924 2023 1022 2091 ctrina,
1038 2039 1126 2097 neque
1140 2042 1204 2083 usus
1231 2029 1405 2099 experientia,
1422 2032 1470 2088 sed
1487 2050 1520 2090 ex
1544 2037 1654 2108 propria
1670 2055 1722 2095 nu-

64 2111 125 2169 lero
151 2112 241 2184 ipsum
266 2128 360 2168 aerem
386 2127 558 2169 communem
587 2128 775 2184 corrumpens.
804 2110 873 2167 Ele·
926 2120 986 2168 tura
1010 2113 1061 2170 boc
1083 2115 1153 2171 scire
1172 2116 1275 2173 habuit.
1284 2117 1411 2174 Sanctum
1426 2138 1491 2178 vero
1510 2124 1640 2196 Spiritum
1655 2127 1723 2185 nihil

68 2203 129 2257 nim
157 2208 224 2273 post
248 2201 415 2273 theologiam
443 2201 517 2257 Petri
545 2201 692 2267 lbaelardi,
713 2200 875 2257 Guillelmus
926 2209 968 2257 est
982 2201 1084 2258 uliuda
1102 2204 1182 2260 Patra
1196 2204 1317 2277 Filioque
1332 2209 1490 2279 pmcedere,
1506 2229 1587 2285 quam
1602 2214 1723 2273 diuinam

62 2290 100 2346 de
128 2290 251 2346 mochis
279 2305 380 2345 noram
420 2288 498 2345 affert
524 2289 740 2362 philosophiam,
771 2286 873 2345 cauliu-
926 2290 1092 2348 voluntatem
1120 2308 1150 2349 ae
1178 2310 1212 2350 ex
1238 2300 1359 2366 potentia
1387 2298 1573 2374 sapientiaque
1587 2320 1675 2376 usqua
1689 2306 1723 2361 ad

62 2386 186 2435 mansel
212 2378 400 2448 multiplicans
423 2394 593 2450 quacunque
622 2380 667 2434 illc
683 2377 759 2444 dixit,
774 2385 801 2433 et
824 2377 874 2432 im·
926 2379 1091 2436 creationem
1118 2398 1209 2440 rurum
1238 2387 1424 2442 extendere.»
1454 2389 1525 2446 Ecce
1553 2396 1725 2465 excogitatus

65 2468 217 2540 pudentius
231 2468 336 2524 addens
361 2467 496 2524 adlrucde
520 2484 570 2523 suu
598 2467 724 2539 plurima,
741 2481 801 2539 qum
826 2466 873 2522 ille
926 2469 1010 2536 Deus,
1025 2471 1094 2526 sicut
1107 2472 1159 2544 ipsi
1185 2473 1287 2539 dicuni,
1302 2476 1389 2531 Deum
1418 2479 1589 2551 excogitasse
1605 2483 1725 2540 animam

64 2572 126 2613 non
156 2556 236 2611 dixit.
271 2555 355 2626 Cujus
379 2557 527 2612 novitatum
553 2558 696 2624 vanitates,
713 2558 774 2612 licet
800 2554 874 2627 apud
925 2559 1121 2616 muudi:ecue
1149 2559 1218 2617 fides
1246 2562 1307 2618 sieta
1321 2581 1403 2636 quam
1423 2570 1554 2638 reprobat
1568 2574 1723 2643 Apostolus,

63 2646 221 2715 omnesqui
237 2661 302 2700 eum
319 2645 677 2710 noverunt,vileslaciatet
693 2645 873 2715 despicabiles
925 2646 1161 2718 diceuszhtfide
1182 2667 1239 2707 noo
1268 2654 1335 2715 ficto
1354 2657 1375 2721 (l
1393 2658 1462 2713 Tim.
1484 2664 1516 2724 ι).
1548 2660 1724 2717 l'eraautem

62 2735 90 2789 in
108 2735 219 2789 humine
234 2733 280 2789 ilo
295 2744 359 2789 nata
373 2734 506 2801 levitalis;
519 2735 583 2807 quia
606 2743 697 2791 tamen
722 2749 778 2790 non
808 2748 870 2789 oru-
884 2765 911 2826 B
928 2732 1057 2786 reclamat
1084 2732 1151 2789 lides
1165 2734 1200 2790 de
1214 2736 1295 2792 corde
1310 2738 1337 2791 in
1362 2755 1416 2810 quo
1431 2749 1480 2808 est,
1495 2741 1530 2796 ad
1554 2758 1627 2811 eum,
1643 2760 1726 2816 aquo
1825 2766 1828 2771 ·

63 2823 148 2879 nibus
162 2830 225 2879 notu
245 2831 287 2878 est
303 2838 427 2893 persona,
444 2825 479 2879 ad
493 2839 563 2896 quos
579 2839 627 2894 per
639 2840 670 2878 eu
685 2840 745 2893 oum
765 2824 868 2890 scribit,
926 2829 975 2887 esl,
989 2829 1016 2876 et
1033 2821 1098 2876 dicit
1114 2839 1145 2876 z·
1164 2823 1289 2891 Domine,
1305 2826 1360 2880 rim
1389 2830 1488 2898 patior,
1510 2834 1647 2903 responde
1675 2850 1725 2905 pro

62 2911 193 2986 pervenit
219 2914 279 2982 ejus
301 2911 434 2977 doctrina,
451 2912 612 2968 adducenda
639 2912 667 2967 in
691 2911 811 2967 medium
828 2919 871 2967 ast
924 2924 968 2964 me
985 2910 1048 2978 (iro.
1064 2912 1191 2983 xxxviii).
1210 2935 1221 2961 n
1240 2914 1313 2970 Doce
1327 2932 1371 2972 me
1383 2918 1446 2987 qnid
1462 2922 1645 2991 respondeam
1661 2939 1728 2981 cou-

64 3001 128 3074 ipsa
138 3001 264 3057 doctriua
278 2999 349 3073 ejus.
366 3002 446 3058 Venit
468 3001 540 3058 euim
564 3017 650 3072 nuper
664 3001 698 3057 ad
722 3017 775 3057 uos
788 3001 872 3057 lrater
923 2999 1117 3055 tradictoribus
1131 3001 1201 3057 meis
1217 3003 1319 3073 histu
1334 3007 1400 3060 mihi
1415 3008 1581 3065 intellectum
1597 3019 1672 3068 tuum
1688 3013 1723 3070 da

65 3091 182 3161 quidam
197 3090 307 3163 lugiens
321 3090 355 3145 de
369 3089 515 3155 saeculo,et
538 3091 629 3146 Deum
648 3106 772 3163 quarens
783 3107 791 3145 :
802 3092 872 3146 iuter
921 3093 959 3158 te,
971 3103 1051 3158 quem
1067 3104 1116 3160 per
1128 3089 1329 3148 illuminantem
1356 3094 1475 3167 gratiam
1504 3097 1604 3156 luriunt
1625 3102 1725 3159 veritas

63 3188 182 3238 meros
196 3181 280 3234 libros
294 3195 364 3252 quos
392 3180 510 3234 habebat
525 3196 608 3235 uuum
624 3181 754 3236 delereus
776 3178 869 3234 homi·
923 3183 978 3245 lua,
990 3183 1017 3232 el
1030 3187 1180 3235 emortuus
1194 3181 1222 3235 iu
1249 3182 1353 3239 ratione
1368 3185 1493 3252 huminis,
1510 3204 1589 3259 quam
1616 3190 1724 3248 consor·

63 3271 109 3325 nis
123 3269 209 3336 illius,
224 3268 302 3338 cujus
330 3269 423 3324 titulus
451 3277 509 3324 erat
526 3286 533 3323 :
549 3270 662 3326 Summa
679 3268 868 3340 philosophiae.
922 3273 978 3320 mat
992 3265 1054 3334 sibi,
1065 3275 1092 3322 nl
1107 3267 1134 3321 in
1149 3268 1209 3339 ipso
1236 3269 1399 3343 intelligam,
1415 3290 1497 3345 qoam
1526 3276 1615 3332 nullus
1626 3280 1661 3334 sit
1675 3280 1721 3336 in·

62 3358 116 3417 vbi
132 3358 228 3431 magni
241 3357 391 3430 promissor
403 3358 493 3413 hiatus
507 3359 667 3428 promittens
681 3374 711 3414 se
726 3357 870 3413 docturum
922 3353 1046 3411 tellectus
1070 3356 1159 3411 omnis
1186 3358 1331 3427 humanus,
1348 3376 1429 3434 quem
1457 3363 1492 3420 da
1507 3371 1533 3420 te
1555 3382 1604 3438 per
1627 3383 1657 3424 se
1672 3369 1727 3424 bu-

62 3447 99 3505 da
113 3447 248 3504 omuibus
262 3463 324 3519 quoe
345 3456 417 3515 sunt,
434 3456 461 3502 et
484 3462 539 3502 uon
555 3446 692 3517 videntur,
708 3446 870 3519 principium
922 3457 1002 3499 mant
1016 3443 1085 3500 rillio
1100 3443 1198 3501 lormal
1208 3446 1274 3503 libi·

60 3536 167 3594 iaciens
181 3550 197 3592 a
211 3536 279 3602 Deo,
296 3536 504 3608 philosophatur
517 3534 551 3590 ds
574 3551 607 3593 eo
623 3536 693 3592 sicut
708 3536 801 3609 legere
815 3551 870 3608 po-
957 3533 992 3589 Ul
1018 3541 1108 3589 tillem
1134 3549 1196 3590 0⁰¹ss
1221 3533 1256 3591 de
1279 3536 1337 3593 ⁰²⁰
1365 3537 1511 3611 l⁰q¹¹1fflffl⁸s
1528 3543 1646 3601 [ΟΜΝΗ
1667 3561 1723 3604 11οῦ

63 3625 156 3683 testis:
168 3648 181 3674 s
194 3626 226 3680 ln
241 3624 383 3691 Trinitata,
394 3626 440 3692 ait,
453 3625 545 3681 omnia
557 3625 727 3699 gubernante
741 3625 868 3682 dixerunt
920 3621 1008 3677 solum
1023 3638 1097 3679 sunta
1108 3620 1181 3691 fidei,
1198 3623 1246 3679 sed
1262 3632 1289 3680 el
1310 3641 1442 3683 sanorum
1456 3629 1485 3684 in
1500 3629 1554 3688 lide
1573 3634 1724 3694 verborum

63 3730 122 3772 m
146 3713 306 3786 philosophi
323 3715 472 3784 potentiam
502 3713 682 3786 gubernandi,
708 3714 867 3785 sapientiam
920 3714 1076 3779 teneamus,
1092 3710 1161 3767 sicut
1174 3712 1353 3784 philosophus
1374 3717 1418 3773 hic
1438 3726 1531 3776 uosler
1550 3721 1626 3795 loqui
1651 3732 1725 3783 amat

64 3803 282 3861 etroluntatem.
294 3803 323 3857 Si
351 3804 423 3858 enim
450 3804 537 3873 poluit
548 3811 575 3859 et
593 3802 719 3872 nescirit,
731 3802 867 3875 quomodo
919 3815 952 3855 <³¹
967 3799 1135 3872 Pbl¹0⁵0l³hi³
1162 3801 1239 3870 suis;
1254 3803 1295 3858 ³1⁰
1316 3812 1344 3859 ⁸²
1358 3820 1408 3861 ¹¹⁰³
1423 3806 1569 3880 ¹⁰‘llfflmul'
1592 3812 1723 3887 ‘illidium

65 3901 118 3949 um
134 3892 254 3965 pulchra
271 3891 390 3948 lecitlSi
405 3892 505 3947 etenim
522 3892 619 3948 nolens
636 3892 709 3960 lecit,
721 3900 768 3947 aul
789 3892 867 3965 iguo-
917 3887 1061 3959 loquemur
1073 3905 1108 3946 ex
1116 3890 1242 3948 Patribus
1252 3905 1258 3961 ;
1268 3893 1490 3953 etdoclorihuset
1498 3897 1657 3958 ductoribus
1669 3920 1722 3961 uo-

65 3990 196 4047 ransart
213 3966 335 4037 coactus.
345 3980 399 4037 sed
417 3980 485 4052 quid
496 3980 645 4054 ignoraret,
657 3981 703 4052 qui
723 3981 773 4036 seit
783 3980 865 4037 etiam
918 3977 989 4044 stris,
997 3977 1065 4048 ipsis
1074 3993 1169 4033 eorum
1183 3980 1274 4036 verbis
1284 3997 1384 4038 sensus
1397 3999 1491 4041 eornm
1504 3986 1659 4061 asserentes,
1669 4009 1723 4050 ve·

65 4070 245 4145 „timim
255 4069 460 4126 hominumlssr
474 4070 535 4140 quis
552 4075 664 4144 cogeret
683 4069 865 4141 Omnipoten-
878 4112 903 4177 C
919 4066 1108 4138 sligiiseorum
1123 4067 1298 4138 inhaerentes,
1311 4071 1347 4126 nil
1361 4071 1396 4128 de
1407 4075 1485 4130 uobis
1504 4090 1714 4148 praesumentes.

64 4162 138 4217 tem?
154 4160 205 4216 Est
218 4174 287 4231 ergo
315 4159 343 4214 iu
370 4159 511 4216 divinitate
537 4161 670 4230 potentia,
686 4159 819 4230 sapientia
837 4168 864 4217 et
917 4155 1103 4211 Periculosum
1111 4157 1184 4212 euim
1194 4159 1276 4213 nimis
1286 4168 1327 4215 est
1340 4162 1443 4219 audere
1454 4165 1481 4220 iu
1495 4167 1603 4239 talibus,
1612 4171 1662 4227 nisi
1672 4173 1720 4229 ubi

63 4248 332 4306 rnlnntas.llasrres
354 4248 440 4304 sancti
464 4262 597 4320 personas
610 4257 717 4318 vocant,
730 4247 864 4304 vocabula
916 4244 962 4300 vel
988 4244 1100 4301 evidens
1128 4253 1217 4302 tuetur
1243 4250 1401 4319 auctoritas,
1418 4254 1460 4309 vel
1485 4257 1628 4315 manifesta
1643 4261 1720 4318 ducit

63 4335 269 4409 illisarulgari
282 4344 393 4407 propter
406 4334 564 4393 affinitatem
579 4336 725 4407 quamdam
744 4338 862 4392 transte-
915 4333 1071 4390 ratiuildei.
1102 4334 1178 4392 ilatio
1197 4345 1286 4393 autem
1314 4338 1557 4401 fideiestomnem
1581 4349 1716 4408 rationem

64 4436 165 4496 mres,
181 4425 331 4497 putentium
357 4425 527 4496 appellantes
555 4426 673 4492 Patrem,
699 4425 862 4497 sapientiam
916 4424 1061 4479 humanam
1085 4423 1147 4479 lidei
1175 4435 1348 4498 postponere,
1366 4430 1450 4487 reliu
1465 4433 1625 4505 obsequium
1655 4437 1719 4498 fidei

63 4514 356 4580 Filium,roluutatem
374 4514 505 4586 Spiritum
533 4520 669 4570 sanctum.
688 4514 809 4570 Potentia
824 4513 863 4569 di·
916 4514 1079 4582 captivatam
1107 4514 1233 4588 redigere
1249 4534 1257 4583 ;
1274 4518 1406 4575 terminus
1435 4519 1498 4577 lidei
1524 4525 1620 4596 ipsius,
1649 4546 1719 4601 quus

61 4605 130 4661 uitur
161 4604 255 4666 Pater,
271 4601 335 4677 quia
362 4611 459 4660 cuncta
486 4603 596 4672 creavit,
613 4611 641 4659 et
666 4602 864 4676 pulamcregit
916 4611 1063 4674 posueruut
1079 4612 1171 4675 patres
1188 4605 1344 4674 nostri,uon
1361 4607 1499 4681 ignorare.
1519 4628 1568 4668 nec
1585 4614 1717 4689 iuuliquo

61 4691 431 4764 Qrfflpmntiadicitur
449 4691 861 4765 liliusautesaeculagenitus3
917 4707 964 4747 eos
991 4694 1146 4762 praetorire.
1168 4692 1215 4748 llic
1243 4702 1333 4749 autem
1362 4697 1454 4767 homo,
1471 4700 1624 4768 eujussunt
1653 4724 1716 4780 quas

61 4784 133 4854 φὴ,
149 4782 223 4838 ,κω
246 4779 329 4836 Filius
353 4780 539 4852 temporaliter
554 4789 596 4836 est
618 4796 635 4836 a
654 4782 741 4849 Patre,
758 4782 797 4837 ita
820 4796 865 4836 su·
917 4781 1061 4852 praemissa
1083 4788 1153 4848 sunl,
1169 4789 1196 4836 et
1224 4782 1317 4837 Petrus
1344 4785 1518 4853 Abaelarrlus,
1531 4799 1660 4859 quantum
1676 4812 1713 4852 ex

60 4871 164 4943 pientia
181 4869 382 4927 coaeternaliter
404 4877 431 4925 el
444 4869 711 4926 consubstantialiter
723 4879 765 4925 est
786 4885 863 4942 apu-
917 4870 1025 4940 scriptis
1039 4884 1131 4925 eorum
1161 4876 1248 4941 potest
1275 4872 1390 4935 adverti,
1407 4882 1433 4929 et
1448 4877 1530 4932 niodo
1551 4880 1672 4951 loquenti
1688 4894 1716 4942 et

60 4958 154 5017 tenum
184 4958 316 5015 Voluntas
342 4973 409 5014 vero
436 4958 528 5013 divina
549 4959 649 5016 dicitur
676 4959 800 5031 Spiritus.
815 4959 865 5015 Est
917 4958 1093 5014 similitudine
1107 4958 1217 5014 errandi
1232 4960 1312 5016 unius
1324 4962 1434 5033 spiritus
1453 4973 1524 5030 sunt,
1542 4970 1638 5026 eodem
1657 4975 1713 5046 spi·

59 5050 130 5106 enim
144 5050 257 5121 proprie
270 5048 383 5119 spiritus
407 5048 550 5104 anhelitus.
568 5048 622 5104 sed
643 5049 705 5119 quia
719 5050 746 5104 in
766 5048 863 5121 spiritu
917 5048 967 5104 ritu
981 5046 1129 5115 ambulant,
1145 5049 1247 5104 eisdem
1261 5050 1401 5123 uestigiis:
1417 5054 1523 5124 spirilui
1539 5061 1635 5130 graliae
1645 5078 1716 5119 con·

58 5140 100 5195 501
113 5137 238 5194 anhelitu
253 5152 328 5207 carpe
342 5137 466 5193 rotenus
485 5138 604 5192 hominis
630 5138 840 5208 deprehenditur
854 5154 862 5204 ς
918 5137 1057 5192 tumeliam
1073 5137 1211 5205 iacientes,
1227 5155 1288 5193 cum
1303 5141 1399 5211 spiritu
1413 5143 1495 5213 hujus
1519 5148 1613 5202 mundi
1634 5166 1714 5208 seru-

58 5227 136 5284 gtirer
150 5227 255 5300 quippe
268 5225 352 5298 spirat
366 5225 544 5291 laetua,aliter
556 5227 660 5282 iratus:
671 5227 790 5283 divinam
811 5243 865 5284 ro·
919 5234 1007 5282 tantur
1031 5227 1087 5281 alta
1114 5227 1174 5282 Dei.
1189 5228 1266 5282 idem
1293 5229 1411 5301 sapiunt,
1428 5231 1500 5288 idem
1527 5236 1621 5292 dicunt
1637 5257 1645 5306 ;
1661 5242 1715 5299 uisi

58 5314 190 5373 luutetem
221 5323 388 5373 vocaverunt
414 5314 557 5387 Spiritum,
573 5316 624 5372 sed
649 5317 865 5374 antonomastice
919 5316 993 5388 quod
1020 5316 1092 5370 alter
1117 5315 1239 5383 alterum,
1256 5317 1321 5372 dum
1349 5321 1444 5389 nescir,
1460 5324 1567 5392 prodil;
1583 5342 1645 5382 cum
1661 5331 1710 5386 uli·

60 5414 217 5463 metum.»
232 5404 864 5480 Degenerationererodivina«quodinquit,
920 5406 1030 5478 quaudo
1061 5404 1129 5462 altur
1162 5406 1323 5473 dissimulat,
1352 5407 1420 5465 alter
1451 5413 1610 5484 prseuipitat,
1641 5423 1714 5492 qnod

58 5497 193 5569 propheta
206 5494 281 5564 dicit,
296 5493 506 5569 generationem
526 5494 589 5567 ejus
611 5497 676 5570 quis
694 5496 832 5553 enarrabit
844 5498 859 5554 l
872 5470 901 5536 Ῐ)
916 5505 1029 5571 uterque
1042 5495 1139 5552 sentit.
1158 5496 1277 5553 Videant
1290 5497 1362 5554 anim
1375 5498 1422 5572 qui
1436 5499 1531 5575 legunt
1545 5514 1631 5562 totum
1646 5525 1716 5568 con·

59 5583 124 5658 (ra.
153 5583 216 5659 nn)
242 5582 428 5644 umuarsn
452 5584 584 5656 osseam,
608 5600 663 5645 non
680 5584 862 5661 inpossibiti·
916 5593 1024 5647 reatum
1050 5583 1115 5643 aner
1143 5586 1260 5645 aomina
1285 5586 1372 5658 istus,
1397 5595 1424 5646 et
1450 5591 1653 5668 philosophiam
1681 5600 1717 5658 de
