3728 6000
95 236 97 243 '
146 234 195 290 651
651 238 841 298 (111111111111
861 240 1004 297 ththlS
1023 240 1052 296 S.
1072 238 1293 296 rucobotttct
1746 243 1800 298 affl

142 360 291 416 uenientes.
310 360 475 434 videturque
497 365 586 420 redire
607 365 752 436 Apostolus
775 365 809 421 ad
834 365 936 420 doloris
951 366 979 430 Α
1030 366 1114 422 vius.
1131 368 1219 421 31133.
1231 385 1294 415 -ι
1311 364 1381 435 Quid
1397 381 1466 438 ergo
1481 365 1603 425 dicemus
1614 367 1716 437 ‘lQuod
1729 386 1799 441 gen·

145 449 186 503 sui
202 448 342 516 solntium,
359 453 422 522 quia
443 454 513 509 sicut
540 464 592 509 tam
622 453 650 509 in
677 454 779 510 tudaeis
805 469 886 526 quam
914 453 942 509 in
996 461 1036 510 tes
1051 471 1111 526 quoe
1125 470 1179 510 non
1203 455 1380 510 sectabantur
1396 454 1540 524 justitiam,
1556 457 1797 528 apprehenderunt

143 537 272 609 gentibus
287 555 340 594 una
355 549 394 595 est
409 557 500 597 massa
513 544 691 614 perditorum,
708 543 748 598 sic
771 559 806 599 ex
829 553 943 614 utroque
992 542 1121 614 justitiam
1134 561 1142 607 ς
1154 543 1285 612 justitiam
1302 556 1395 599 autem
1421 560 1482 615 quae
1503 560 1537 600 ex
1557 544 1612 600 lide
1635 546 1797 610 esl31srael

142 626 244 698 populo
259 643 312 681 rina
327 627 373 682 stat
390 630 511 686 Ecclesia
530 632 690 687 electorum.
705 632 781 687 Unde
796 631 830 687 ad
848 638 943 701 gentes
995 646 1064 688 rere
1093 633 1220 688 sectando
1249 633 1336 703 legem
1362 633 1481 701 justitiae,
1510 633 1537 688 iu
1566 634 1654 706 legem
1679 634 1797 704 justitia

139 716 253 787 pertinet
261 717 419 787 exemplum
431 720 504 789 quod
514 720 686 790 praemisitde
697 719 847 785 Osee;adJ
852 721 944 776 udaeos
995 737 1049 777 non
1065 722 1196 790 pervenit.
1213 720 1327 790 Quare?
1342 720 1411 791 Quia
1425 737 1479 777 non
1495 738 1528 777 ex
1541 720 1603 786 hdo,
1616 723 1663 777 sed
1673 723 1749 795 qnasi
1760 739 1795 779 ex

141 820 219 873 aero,
240 806 312 875 quod
328 806 362 861 de
378 806 447 861 isaia
461 809 605 864 subnectit.
640 809 741 865 Gentes
751 808 822 864 enim
835 807 943 865 inerunt

140 893 219 963 plebs
230 909 282 949 non
295 894 353 959 Dei,
366 906 391 950 et
400 895 478 966 plebs
486 898 536 951 Dei
545 898 620 955 lactae
630 909 693 953 sunt
704 915 711 952 :
725 898 940 953 misericordiam

140 999 195 1039 non
209 992 362 1039 consecutae
377 993 402 1039 et
418 988 632 1043 misericordiam
647 996 800 1043 consecutae
812 994 884 1041 suat.

84 1061 88 1069 ’
179 1071 263 1127 Vsus.
277 1076 384 1127 16.-ι
397 1073 450 1129 Sed
464 1077 523 1141 erit,
542 1098 553 1123 ι
570 1075 670 1147 inquit,
690 1099 701 1125 u
717 1076 744 1130 in
759 1075 830 1132 loco.
848 1074 941 1144 »Quis

140 1160 194 1217 iste
211 1160 285 1216 loeus
305 1162 370 1217 est?
389 1164 519 1233 Nunquid
537 1165 655 1219 ludina?
677 1164 807 1235 Nunquid
831 1163 940 1219 Roma?

139 1248 237 1304 ebsitt
254 1249 351 1304 iudaea
375 1250 494 1322 dignior,
520 1252 604 1307 Roma
627 1252 770 1306 sublimior
789 1251 865 1306 locus
886 1258 938 1321 est,

141 1339 189 1391 tibi
205 1339 292 1393 Deum
307 1338 379 1410 loqui
393 1339 481 1407 decet,
498 1340 544 1396 vel
559 1340 687 1407 possibile
701 1349 751 1396 est.
766 1340 853 1395 Locus
866 1339 938 1394 enim

139 1428 184 1483 hic
208 1443 285 1483 meus
308 1427 426 1483 bominis
449 1433 499 1493 est,
524 1445 618 1484 sensus
642 1429 764 1491 rationis;
790 1428 938 1500 principale

139 1515 240 1571 cordis.
257 1515 297 1570 lbi
310 1525 409 1588 agente
424 1518 482 1572 Deo
498 1517 630 1587 peccatori
653 1518 753 1588 populo
775 1516 937 1571 damnabilis

139 1604 207 1661 dicit
226 1605 391 1661 conscientia
410 1620 439 1658 :t
458 1607 518 1661 Non
542 1606 620 1677 plebs
644 1622 705 1660 mea
726 1621 784 1670 ros,
803 1629 814 1654 ιι
839 1605 937 1674 quibus

994 809 1131 879 operibus.
1148 809 1326 866 Odeudernnt
1340 810 1411 865 enim
1427 810 1454 864 in
1480 810 1600 881 lapidem
1621 810 1793 879 offensionis,

994 899 1064 952 sicut
1088 899 1219 970 scriptum
1246 907 1309 954 est:
1341 900 1411 954 Ecce
1439 914 1512 970 pono
1531 898 1559 953 in
1588 900 1654 956 Sion
1672 899 1794 972 lapidem

994 984 1152 1043 ostensionis
1167 994 1194 1042 et
1208 997 1311 1058 petram
1332 987 1450 1042 scandali
1463 1001 1470 1057 ;
1487 994 1513 1042 et
1528 989 1617 1043 omnis
1637 987 1682 1059 qui
1707 988 1795 1044 credit

993 1074 1021 1128 in
1033 1089 1094 1129 eum
1111 1090 1165 1129 non
1181 1074 1372 1131 contundetur.
1392 1100 1403 1124 ι
1423 1075 1502 1130 Fides
1513 1076 1611 1132 Christi
1626 1085 1667 1132 est
1680 1077 1794 1132 credero

992 1161 1020 1216 in
1041 1179 1102 1218 eum
1126 1163 1171 1232 qui
1191 1163 1317 1232 Justiticat
1340 1164 1463 1232 impium,
1480 1164 1593 1219 eredere
1612 1165 1639 1219 in
1662 1164 1793 1221 llediato·

991 1267 1060 1314 rem,
1077 1252 1136 1306 sine
1152 1266 1206 1321 quo
1221 1251 1310 1306 nullus
1331 1253 1524 1308 reconciliatur
1545 1254 1613 1318 Deo,
1629 1252 1740 1308 credere
1764 1254 1793 1308 iu

991 1356 1056 1394 eum
1071 1341 1116 1411 qui
1130 1341 1194 1397 dicit
1210 1358 1217 1394 ε
1236 1362 1247 1391 ι
1265 1340 1382 1396 Sinemc
1392 1341 1458 1394 nihil
1470 1341 1579 1410 potestis
1591 1341 1681 1398 locere
1692 1344 1787 1410 ticon.

991 1430 1049 1498 rr).
1068 1453 1079 1478 ι
1099 1428 1153 1484 Sed
1169 1428 1328 1484 hanchdem
1342 1444 1394 1484 non
1404 1429 1583 1500 apprehendit
1594 1430 1650 1502 qui,
1660 1430 1794 1502 ignoraus

990 1517 1040 1572 Dei
1054 1517 1196 1585 justitiam,
1213 1517 1239 1572 id
1254 1526 1294 1571 est
1316 1533 1397 1587 quem
1423 1518 1468 1573 det
1493 1519 1574 1587 Deus,
1591 1519 1637 1590 qui
1658 1517 1793 1588 justificat

989 1605 1103 1676 impium
1119 1614 1145 1661 et
1160 1622 1235 1660 suam
1251 1607 1347 1661 volens
1370 1611 1503 1672 statuere,
1520 1615 1648 1679 tanquam
1666 1623 1722 1663 sure
1738 1622 1791 1662 ro·

139 1708 205 1749 vere
221 1695 340 1749 elteritas
350 1692 507 1749 diffunditur
521 1695 547 1748 iu
562 1695 691 1751 cordibus
715 1694 779 1759 suis,
798 1711 847 1765 per
870 1693 934 1764 Spi-
948 1722 975 1781 B
991 1693 1100 1748 luntatis
1114 1694 1216 1749 viribus
1237 1693 1347 1761 lactem,
1364 1695 1406 1749 cui
1431 1696 1505 1749 Deus
1523 1696 1671 1751 secuudum
1696 1696 1794 1750 merita

137 1781 218 1836 ritum
235 1791 359 1837 sanctum
375 1782 419 1851 qui
434 1782 513 1838 datus
536 1793 578 1838 est
596 1784 647 1849 eis,
663 1784 846 1838 testimouium
869 1798 935 1853 per·
991 1783 1120 1838 retribuat
1135 1784 1264 1855 gratiam,
1277 1799 1331 1839 non
1347 1784 1403 1838 uult
1418 1791 1445 1837 ut
1469 1784 1555 1856 gratia
1577 1784 1626 1840 Dei
1641 1785 1792 1855 praecedat,

137 1869 215 1926 hibet
227 1872 287 1942 ipse
300 1870 428 1942 Spiritus,
444 1894 454 1919 ι
472 1872 544 1941 quod
559 1881 621 1926 sunt
635 1872 681 1926 lilii
694 1873 753 1927 Dei.
766 1894 777 1921 ι
791 1871 877 1925 lsaias
888 1887 934 1926 au-
989 1887 1050 1941 quae
1064 1888 1125 1927 enm
1142 1872 1222 1927 iaciat
1238 1871 1349 1938 habere,
1367 1888 1448 1942 quam
1464 1888 1494 1927 se
1509 1873 1568 1943 ipse
1583 1872 1637 1928 sihi
1650 1872 1739 1929 credit
1755 1874 1795 1927 la·

137 1965 192 2015 tem
208 1959 316 2023 clamat,
333 1958 359 2013 id
384 1968 425 2014 est
448 1960 590 2015 manifeste
615 1962 759 2017 ennuntiat
781 1967 808 2015 et
831 1960 934 2030 praedi·
989 1975 1052 2015 cere
1072 1959 1213 2027 justitiam.
1234 1959 1308 2016 Unde
1330 1967 1358 2014 et
1372 1960 1473 2015 sectari
1487 1961 1642 2029 hujusmodi
1666 1962 1794 2017 homines

136 2050 265 2118 estquod
281 2048 345 2104 lacit
361 2065 410 2119 pro
425 2049 519 2111 lsrael,
533 2057 561 2105 et
575 2050 638 2105 dicit
655 2069 662 2104 ε
988 2047 1263 2117 dicunturjustitiam,
1274 2064 1357 2120 quam
1370 2050 1451 2119 quasi
1460 2049 1610 2121 lugientem
1620 2050 1722 2105 viribus
1732 2050 1791 2105 suis

170 2138 257 2193 Vsus.
277 2140 321 2195 itt.
336 2168 373 2177 -
391 2160 402 2185 ι
420 2138 447 2193 Si
468 2137 547 2193 luerit
563 2154 694 2193 numerus
717 2137 834 2193 liliorum
850 2138 934 2193 lsrael
988 2136 1195 2206 apprehendere
1209 2152 1239 2190 se
1262 2137 1437 2191 arbitrantur.
1453 2138 1511 2192 lloc
1535 2146 1625 2193 autem
1648 2140 1792 2210 proprium

134 2234 265 2295 tanquam
294 2241 376 2282 arena
392 2226 485 2292 muris,
501 2226 624 2297 reliquiae
641 2227 725 2281 salrae
740 2225 816 2280 liunt.
838 2249 848 2272 ι
864 2226 933 2280 Pro·
987 2224 1141 2279 Judaeorum
1157 2233 1208 2290 est,
1225 2227 1384 2280 sectantium
1401 2225 1489 2297 legem
1511 2227 1622 2295 justitiae
1644 2229 1722 2298 quasi
1740 2245 1792 2299 per

132 2314 229 2372 ridens
245 2315 316 2370 enim
334 2315 468 2385 propheta
483 2315 516 2369 de
534 2314 633 2369 tuturis
648 2315 759 2369 videbat
773 2314 844 2383 quod
871 2313 933 2382 plu·
987 2328 1072 2383 opera
1085 2314 1292 2382 justificantem.
1310 2314 1412 2368 Gentes
1433 2330 1499 2370 vero
1514 2331 1567 2371 non
1584 2325 1724 2372 sectantur
1737 2317 1789 2386 ju-

133 2403 198 2457 rimi
213 2419 245 2457 ex
262 2403 344 2457 lsrael
360 2418 457 2457 arenoe
473 2404 555 2456 uraris
569 2403 757 2473 comparandi,
774 2403 809 2457 cb
821 2402 934 2471 justitiae
987 2401 1098 2465 stitiam,
1116 2403 1163 2457 sed
1177 2402 1383 2472 apprehendunt
1397 2418 1468 2466 earn,
1485 2406 1634 2473 proximam
1659 2405 1711 2460 sibi
1724 2422 1790 2462 eam

133 2491 311 2557 sterilitatem,
341 2499 367 2545 et
394 2492 523 2546 duritiam
552 2491 641 2546 cordis
671 2500 696 2547 et
731 2491 931 2545 multitudinem
988 2489 1168 2556 invenientes,
1185 2498 1358 2560 praerogante
1373 2507 1432 2545 eam
1447 2490 1501 2545 sibi
1513 2493 1602 2562 grstia
1616 2491 1689 2555 fidei,
1705 2501 1790 2548 natu-

132 2579 312 2635 inordiuatam
341 2587 369 2634 et
395 2581 547 2648 contusam,
577 2580 659 2634 luturi
689 2586 767 2634 erant
793 2594 858 2635 rasa
885 2579 933 2634 irae
987 2578 1037 2633 rali
1053 2578 1114 2649 lege
1129 2594 1190 2633 earn
1205 2578 1571 2635 invenientesinsitamoordi
1587 2581 1791 2637 suosuemes

132 2677 195 2739 apte
209 2669 235 2722 in
252 2667 397 2733 interitum,
413 2684 467 2723 non
483 2668 630 2724 credentes
646 2668 707 2723 ritae
727 2683 794 2736 snae,
810 2668 859 2722 scd
875 2669 931 2721 Do·
987 2683 1062 2733 rero,
1079 2683 1140 2736 quae
1155 2682 1209 2722 non
1224 2669 1397 2722 sectabantur
1408 2669 1551 2736 iustitiam,
1570 2692 1581 2717 ι
1600 2685 1661 2741 quse
1676 2670 1791 2741 propria

132 2757 238 2811 minum
279 2756 428 2825 majestatis
460 2755 665 2825 ctrtciliqentes,
696 2757 819 2826 reliquie
855 2771 931 2822 reto,
986 2753 1197 2827 legisest,qure
1213 2752 1290 2810 little
1307 2756 1401 2810 timore
1417 2771 1578 2825 poeuae,non
1594 2759 1793 2828 deamoreju·

132 2845 220 2901 stellis
239 2846 300 2900 cteli
324 2845 510 2916 comparandi,
526 2846 646 2900 coelestis
669 2845 764 2917 gloria]
787 2845 933 2916 participes
987 2845 1076 2911 stitis,
1093 2861 1175 2916 quarn
1187 2845 1269 2898 homo
1281 2844 1343 2899 lacit
1359 2861 1412 2899 non
1426 2846 1509 2908 Deus,
1527 2848 1793 2917 «apprehenderunt

132 2933 216 2989 luturi
240 2942 342 2988 essent.
368 2935 518 3005 Utrumque
542 2935 613 2988 euim
638 2935 752 2989 Abrahae
773 2933 932 3003 pronuntie—
986 2932 1120 3003 justitiam
1137 2934 1199 2998 Dei,
1211 2933 1345 3002 justitium
1368 2931 1448 2996 hlei;
1467 2956 1478 2981 ι
1497 2935 1583 2989 lsrael
1608 2944 1792 2991 verosectan·

136 3027 194 3077 tum
217 3031 258 3077 est
282 3037 288 3075 :
314 3022 397 3087 «Sic,
416 3045 427 3071 ιι
445 3023 565 3094 ioquin«
583 3024 633 3077 erit
654 3039 745 3077 semen
763 3030 835 3076 tuum
849 3023 930 3090 (Gerr.
988 3024 1022 3077 do
1038 3023 1126 3092 legem
1144 3044 1155 3069 ι
1174 3022 1277 3086 litterae,
1296 3037 1377 3090 qnam
1393 3022 1444 3076 sibi
1461 3023 1627 3092 putabaturl
1644 3040 1794 3095 praesume-

135 3112 219 3183 nti),
237 3135 249 3160 ιι
266 3113 338 3167 sicut
352 3127 434 3166 arena
449 3111 541 3177 uraris,
557 3119 583 3167 et
597 3111 665 3166 sicut
680 3111 765 3166 stettae
778 3112 837 3165 cett
854 3128 860 3165 :
948 3071 974 3134 C
990 3112 1035 3166 bat
1049 3127 1107 3164 esse
1125 3130 1137 3160 ι
1152 3110 1275 3177 justitian,
1291 3110 1318 3163 in
1333 3110 1421 3182 legem
1438 3112 1549 3181 spiritus
1563 3129 1615 3167 non
1627 3114 1764 3184 pervenit,
1779 3138 1791 3163 ιι

173 3201 256 3256 l'aas.
280 3204 328 3257 aa.
347 3230 382 3239 -
406 3200 556 3254 rl'erbum
580 3200 652 3254 enim
683 3215 884 3264 consummans,
908 3205 936 3254 et

134 3289 302 3346 abbrevians
318 3289 343 3343 in
360 3288 497 3360 equitate,
514 3288 576 3359 quia
591 3288 703 3343 verbum
730 3288 877 3343 breviatum
893 3287 936 3341 ln·

134 3379 189 3436 ciet
205 3378 337 3434 Dominus
350 3393 433 3448 super
446 3386 560 3431 terram.
580 3400 590 3424 ι
610 3376 727 3431 Verbum
743 3390 936 3430 consummans

135 3476 186 3536 est,
198 3475 224 3522 ct
238 3466 403 3522 abbrevians
420 3466 446 3520 in
458 3466 584 3538 inquitate
599 3465 697 3536 dequo
716 3465 782 3518 dicit
806 3463 938 3519 Dominus

134 3555 163 3611 io
178 3555 328 3628 Evangelio
345 3572 351 3608 :
370 3577 381 3603 ι
399 3554 502 3624 Diliges
525 3554 670 3608 Dominum
691 3554 780 3608 Deum
807 3560 880 3606 tuum
902 3568 937 3606 ert

136 3645 291 3701 totocorde
308 3652 364 3707 tue,
379 3650 405 3698 et
428 3642 582 3712 proximum
607 3650 681 3696 tuum
706 3641 777 3696 sicut
795 3643 934 3711 teipsum:

137 3734 165 3789 in
181 3733 223 3788 his
237 3731 345 3786 duobus
360 3731 495 3786 mandatis
513 3739 565 3785 tota
580 3730 623 3785 lex
639 3731 737 3800 pendet
756 3738 783 3784 et
798 3731 938 3800 prophetat

137 3821 249 3894 qttutth.
262 3822 348 3890 xxrt);
364 3843 375 3868 ιι
386 3820 427 3875 rel
440 3820 630 3889 compendium
646 3819 719 3884 lidei,
731 3833 784 3887 qua
794 3818 861 3872 salvi
873 3817 938 3872 liunt

137 3912 289 3975 credentes,
306 3906 667 3965 entissisinnumerabilibus
687 3907 936 3976 observationibus,

138 3998 239 4067 quibus
260 3999 306 4053 illa
329 3996 471 4052 multitudo
495 3995 633 4051 serviliter
653 3995 839 4066 premebatur.
859 3993 938 4063 Quod

139 4094 229 4144 autem
244 4086 418 4157 reliquiarum
435 4083 508 4140 salus
522 4084 616 4157 graliae
638 4082 792 4155 deputanda
811 4083 854 4149 sit,
871 4084 939 4138 sub·

141 4175 267 4248 sequenti
297 4173 452 4229 testimonio
480 4173 586 4241 edocet,
615 4174 723 4240 diceus,
752 4189 786 4229 ex
823 4188 939 4244 persona

141 4281 233 4323 eorum
250 4265 293 4337 qui
311 4264 407 4337 gratiae
421 4263 617 4319 crediderunt:

176 4355 262 4411 l'sas.
280 4358 325 4410 aa.
338 4383 373 4393 —
390 4375 401 4399 ι
418 4351 477 4408 Nisi
494 4352 627 4407 Dominus
649 4349 762 4406 sabaoth
785 4349 940 4421 reliquisset

990 3216 1050 3270 quae
1065 3214 1131 3254 vere
1146 3210 1184 3253 est
1200 3199 1246 3253 lex
1258 3198 1381 3267 justitiae.
1400 3222 1411 3247 ι
1429 3199 1500 3269 Quia
1513 3223 1524 3248 ιι
1539 3217 1605 3273 orgo
1615 3217 1668 3257 non
1680 3217 1715 3257 ex
1726 3201 1791 3270 lide,

990 3289 1038 3343 sed
1061 3286 1138 3359 quasi
1166 3303 1200 3342 er
1229 3287 1366 3357 operibns,
1387 3311 1397 3334 ι
1415 3289 1492 3358 quasi
1521 3289 1572 3359 ipsi
1601 3306 1650 3345 sua
1674 3291 1792 3362 justitia,

990 3375 1160 3431 offenderunt
1175 3376 1201 3429 in
1217 3375 1333 3445 lapidem
1350 3375 1518 3442 offensionis,
1536 3379 1561 3432 in
1578 3395 1661 3450 quem
1675 3380 1721 3451 qui
1732 3394 1794 3436 cre·

990 3464 1097 3531 diderit,
1114 3480 1168 3518 non
1194 3463 1303 3518 habebit
1324 3480 1402 3518 suum
1424 3466 1563 3532 justitiam,
1588 3483 1648 3538 qnae
1671 3483 1705 3523 ex
1728 3468 1794 3540 lege

991 3562 1040 3618 est,
1058 3553 1184 3623 quamvis
1197 3552 1268 3606 bona
1285 3553 1318 3607 sit
1334 3552 1386 3617 lex,
1399 3554 1446 3607 sert
1462 3554 1586 3624 implebit
1597 3555 1682 3626 ipsam
1698 3555 1792 3627 legem

990 3656 1044 3697 uon
1061 3657 1109 3696 sua
1121 3640 1235 3710 justitia,
1251 3641 1302 3696 sed
1317 3641 1407 3695 datae
1425 3643 1497 3705 Deo;
1514 3644 1550 3697 ita
1564 3645 1635 3697 enim
1652 3659 1707 3699 non
1723 3660 1794 3699 con·

989 3730 1125 3796 fundetur.
1143 3731 1268 3786 Charitas
1283 3729 1356 3784 enim
1373 3731 1441 3802 legis
1456 3731 1595 3801 pl‘enitudo
1616 3739 1666 3787 est.
1678 3736 1710 3787 ut
1720 3733 1795 3790 unde

991 3827 1040 3889 ista
1054 3819 1170 3875 charitas
1185 3816 1281 3873 dillusa
1293 3819 1320 3872 in
1335 3819 1464 3874 cordibus
1479 3820 1603 3875 uostris?
1617 3822 1677 3875 Non
1698 3822 1795 3893 ntique

990 3907 1109 3973 anobis,
1126 3907 1176 3962 sed
1199 3923 1248 3977 per
1268 3907 1397 3977 Spiritum
1418 3917 1556 3976 sanctum,
1572 3910 1619 3980 qui
1643 3909 1725 3966 datus
1748 3919 1794 3966 est

991 3994 1083 4051 nobis.
1102 3995 1249 4051 Sciendum
1264 4005 1356 4050 autern
1371 3996 1444 4066 quod
1460 3996 1487 4050 iu
1507 3997 1578 4052 lsaia
1593 3999 1724 4068 propheta
1738 3998 1796 4056 boc

991 4084 1173 4140 testimonium
1188 4083 1366 4154 itascriptum
1388 4092 1429 4139 est
1446 4103 1452 4139 ι
1471 4105 1482 4135 ι
1500 4086 1571 4142 Ecce
1595 4102 1647 4159 ego
1668 4102 1742 4159 pono
1766 4087 1797 4143 in

993 4173 1058 4229 Sion
1085 4171 1293 4229 fundamentum
1328 4173 1445 4244 lapidem
1473 4174 1633 4244 pretiosum,
1664 4176 1795 4246 electum,

992 4263 1154 4334 angularem
1169 4281 1175 4316 :
1192 4271 1219 4318 et
1235 4262 1279 4333 qui
1295 4263 1444 4319 crediderit
1457 4263 1483 4317 in
1499 4281 1558 4319 enm
1576 4281 1630 4319 non
1644 4266 1797 4322 conhrnde·

991 4358 1036 4405 tur
1049 4351 1113 4420 (isc.
1129 4354 1239 4423 xxviii).
1262 4372 1273 4402 ι
1289 4351 1435 4422 Apostolus
1449 4362 1539 4408 autem
1557 4353 1676 4425 lapidem
1704 4354 1797 4411 offen-

141 4444 220 4500 nobis
234 4459 338 4511 semen,
355 4443 424 4497 sicut
436 4441 556 4497 Sodoma
581 4441 644 4496 lacti
668 4455 809 4503 essemus;
822 4449 848 4495 et
870 4440 939 4495 sicut
953 4427 1074 4494 Deionis
1087 4447 1113 4495 et
1125 4448 1229 4509 petram
1244 4440 1378 4508 scandali,
1394 4441 1428 4496 de
1449 4441 1502 4497 alio
1527 4441 1588 4499 loco
1614 4442 1701 4512 ipsius
1725 4459 1796 4515 pro·

142 4533 304 4597 Gomorrha,
322 4532 425 4585 similes
449 4530 595 4585 fuissemus
622 4528 686 4598 (lau.
703 4533 761 4600 t).·
789 4528 843 4598 lpsi
867 4528 940 4583 enim

142 4629 269 4693 tanquam
298 4637 392 4676 semen
429 4618 599 4689 multiplicati
631 4624 702 4685 sunt,
729 4617 831 4688 aspersi
860 4633 942 4688 super

142 4719 253 4768 terram.
278 4710 327 4765 Vel
352 4726 446 4765 semen
469 4706 628 4779 intelligitur
658 4722 772 4776 granum
794 4705 859 4760 illud
882 4707 942 4760 lru·

141 4798 236 4870 menti,
252 4799 325 4872 quod
340 4814 389 4868 per
402 4796 556 4868 passionem
591 4795 683 4849 mortis
709 4793 809 4850 cecidit
841 4793 868 4847 in
885 4803 942 4848 ter·

143 4907 213 4951 ram,
230 4897 256 4943 et
269 4886 456 4942 ntortiticatum
473 4885 533 4940 lecit
558 4882 671 4938 hactum
692 4881 849 4953 plurimum.
867 4882 942 4938 Facti

144 4991 247 5045 autem,
264 4976 399 5047 inquiunt,
416 4971 561 5028 fuissemus
575 4972 642 5026 sicut
658 4971 777 5027 Sodoma
792 4971 881 5041 (cttjus
895 4987 942 5041 po·

143 5076 224 5148 pulus
245 5074 365 5128 incestus
387 5071 413 5124 in
438 5069 558 5141 hospites
582 5068 672 5139 perire
695 5068 811 5137 meruit),
826 5067 891 5122 dum
914 5066 942 5120 iu

145 5173 256 5228 lintrem
271 5177 390 5226 nostrum
404 5167 549 5222 Dominum
565 5165 714 5234 majestatis
729 5164 864 5235 sacrilegi,
874 5179 941 5220 eva-

143 5271 210 5326 dere
226 5285 279 5323 non
294 5266 479 5338 potuissemus
494 5263 643 5334 periculum
656 5260 824 5332 perditionis,
841 5261 892 5315 nisi
912 5262 940 5316 iu

143 5366 334 5423 benedictione
348 5363 460 5420 seminis
473 5361 558 5417 sancti
574 5362 600 5415 in
617 5369 717 5414 terrem
733 5360 819 5415 missi.
837 5358 940 5416 Deinde

143 5465 290 5523 ostendens
313 5473 408 5538 gentes
429 5478 462 5520 ex
483 5460 536 5518 lida
558 5460 771 5536 apprehendisse
790 5457 937 5532 justitiam,

142 5562 289 5637 subjungit
301 5563 394 5621 diceus
407 5578 416 5622 t

994 4526 1086 4596 phetes
1100 4527 1163 4583 huic
1177 4528 1334 4583 testimonio
1348 4528 1471 4594 inseruit,
1487 4527 1514 4583 in
1530 4545 1583 4599 quo
1597 4531 1635 4585 ita
1660 4532 1795 4602 scriptum

996 4622 1035 4669 est
1052 4633 1058 4669 2
1077 4638 1088 4664 ι
1104 4616 1138 4670 Ει
1152 4631 1207 4671 non
1223 4624 1350 4688 tanquam
1375 4616 1456 4687 lapidi
1470 4615 1630 4673 offensionis
1644 4620 1795 4675 occurretis

995 4703 1039 4770 εἰς
1056 4720 1144 4776 neque
1165 4713 1194 4760 ut
1215 4704 1296 4776 lapidi
1312 4706 1396 4760 ruinae
1419 4706 1484 4771 tlso.
1500 4706 1568 4776 vin).
1588 4729 1599 4755 ι
1617 4707 1654 4761 Ex
1678 4719 1795 4777 utroque

996 4808 1062 4863 ergo
1072 4793 1131 4849 loco
1141 4809 1292 4864 excerpens
1305 4794 1377 4864 quod
1391 4793 1533 4849 assertioni
1547 4811 1605 4850 suae
1621 4797 1795 4852 commodum

996 4881 1149 4950 videbatur,
1165 4883 1192 4936 in
1208 4898 1290 4937 unum
1304 4881 1358 4937 sibi
1376 4883 1523 4952 coaptarit.
1544 4883 1598 4938 Cur
1611 4893 1699 4939 autem
1715 4886 1757 4940 ria
1769 4894 1798 4942 et

996 4971 1099 5027 veritas
1113 4980 1140 5026 et
1155 4971 1210 5026 rita
1225 4971 1346 5027 Christus
1360 4972 1495 5027 Dominus
1508 4972 1578 5043 lapis
1597 4974 1641 5030 hic
1663 4973 1798 5033 offensio-

996 5070 1048 5135 nis,
1064 5071 1091 5121 et
1113 5075 1191 5137 petra
1214 5067 1335 5122 scandali
1359 5068 1522 5133 nominetur,
1540 5069 1606 5123 nulli
1627 5070 1710 5126 debet
1736 5089 1797 5130 esse

995 5160 1111 5220 offensio
1127 5163 1169 5218 rel
1183 5163 1351 5218 scandalum.
1372 5162 1442 5231 Quia
1462 5164 1534 5220 enim
1546 5166 1572 5220 hi
1594 5167 1642 5239 qui
1665 5177 1745 5225 erant
1768 5170 1800 5228 in

996 5262 1061 5317 Sion
1083 5261 1142 5315 rias
1157 5276 1210 5315 non
1232 5260 1317 5316 bonas
1330 5260 1488 5318 incedentes
1502 5263 1553 5320 iter
1562 5265 1723 5335 perditionis
1733 5283 1799 5324 con-

995 5359 1049 5415 cito
1072 5359 1141 5430 pede
1164 5358 1319 5427 currebant,
1340 5359 1419 5415 malis
1443 5360 1500 5417 suis
1524 5361 1639 5419 inricem
1663 5365 1795 5437 iacentes,

994 5456 1068 5530 quia,
1087 5457 1155 5513 sicut
1178 5457 1244 5513 dicit
1267 5458 1412 5529 propbeta,
1440 5459 1594 5516 «laudatur
1618 5469 1746 5532 peccator
1767 5464 1797 5520 in

993 5554 1138 5614 desideriis
1155 5555 1253 5614 emme
1267 5572 1333 5631 sue,
1349 5563 1376 5614 et
1390 5556 1499 5633 iniquus
1514 5558 1684 5618 benedicitur
1703 5561 1792 5636 (Proh
