3728 6000
70 272 128 331 Μ
515 274 718 335 ·ΕΧΡο81Τ10
736 277 774 335 ΙΝ
794 276 902 335 srtsr.
922 276 971 335 nb
988 277 1074 338 bost.
1094 306 1129 323 -·
1147 277 1214 337 lto.
1235 278 1269 337 V.
1670 270 1722 333 630

71 403 131 452 tura
144 410 195 452 sua
210 394 279 454 bane
294 398 370 455 novit
379 398 516 469 ordinare,
533 401 617 457 etiarn
631 416 692 472 qum
707 409 783 458 extra
805 401 866 473 ejus
881 400 907 464 Α
921 400 977 458 Sed
989 401 1081 475 ipsum
1096 403 1209 460 mortale
1232 417 1286 458 oon
1303 405 1344 457 est
1373 398 1474 456 iactum
1493 402 1646 466 mortuum,
1662 398 1716 455 nisi

70 484 199 540 ordinem
213 494 274 542 sunt
288 488 370 544 mala.
387 487 501 545 Ordiuat
515 491 588 545 enim
602 505 659 546 non
687 490 791 558 vitium,
821 489 871 546 sed
923 498 1034 563 propter
1049 500 1197 563 peceatum.
1214 489 1281 559 Quas
1308 504 1373 546 vero
1402 488 1493 544 inille
1520 487 1718 545 resurrectione

71 580 192 628 raturam
207 574 340 631 vitiatam.
353 577 431 633 Unde
446 584 473 633 et
487 579 625 650 sequitur:
924 578 1014 634 lutura
1029 588 1070 635 est
1083 581 1205 649 mutatio,
1218 594 1272 635 non
1294 578 1381 634 solum
1397 578 1501 633 nullam
1516 584 1641 647 mortem,
1658 592 1720 649 que

107 661 195 717 Vnae.
210 666 236 717 8.
247 693 284 705 -
299 687 310 712 «
327 664 379 734 Qui
397 665 469 721 enim
486 668 681 734 incarnesunt,
692 667 871 740 Deoplacore
924 668 997 723 iacta
1011 676 1053 724 est
1067 677 1176 740 propter
1197 676 1348 740 peccatum,
1374 666 1423 723 sed
1450 682 1500 722 nec
1528 664 1718 722 mortalitatem

69 765 125 805 non
139 760 264 822 possunt.
281 776 293 804 a
310 752 362 822 Qui
376 754 403 809 in
418 768 502 812 carne
516 755 718 828 confidunt,qui
737 757 871 827 concupi·
924 756 1052 813 habitura
1079 764 1130 826 est,
1148 772 1229 829 quam
1254 770 1354 826 corpus
1381 755 1497 810 animale
1535 753 1630 809 habult
1658 761 1721 809 ante

71 839 191 895 acernae
214 855 277 895 suas
300 851 459 914 sequuntur,
480 844 526 916 qui
554 844 581 899 in
606 844 646 900 eis
678 845 809 911 habitant,
825 844 872 916 qui
925 852 1076 917 peccatum.
1093 846 1156 901 Non
1180 846 1226 911 ait,
1255 842 1402 900 vivificabit
1427 850 1454 898 et
1481 851 1591 899 mortua
1605 858 1722 917 corpora

70 942 165 983 earum
180 928 365 998 voluptatibus
379 932 559 1000 oblectantur,
577 935 622 1004 qui
641 934 668 988 in
687 948 781 989 earum
796 933 872 990 dele·
925 941 1024 1002 vestre,
1048 949 1110 991 curn
1124 949 1206 1006 supra
1221 934 1335 989 dixisset
1362 939 1512 1002 mortuum;
1529 931 1578 987 sed
1608 930 1722 987 «vivill-

71 1016 239 1073 elationibus
266 1018 375 1074 beatam
404 1020 565 1093 felicemque
592 1021 676 1077 vitam
696 1022 870 1089 constituunt,
926 1022 1008 1090 cabit,
1024 1023 1120 1094 inquit,
1135 1023 1262 1079 mortalia
1275 1036 1402 1094 ⁸corpora
1419 1029 1518 1087 vestre,
1534 1043 1545 1069 a
1571 1028 1601 1075 ut
1618 1018 1724 1077 scilicet

72 1104 135 1175 (ipsi
149 1105 223 1161 enim
236 1106 353 1163 incarne
368 1110 439 1171 sunl)
462 1110 520 1166 Deo
546 1111 652 1182 placere
668 1125 721 1166 non
746 1118 870 1182 possunt.
923 1112 980 1182 jam
995 1126 1049 1166 non
1061 1111 1148 1168 solum
1163 1127 1217 1167 non
1233 1111 1285 1166 sint
1299 1118 1416 1177 mortua,
1440 1108 1488 1164 sed
1507 1124 1558 1165 nec
1586 1110 1721 1177 mortalia,

71 1193 133 1248 Non
157 1194 231 1248 enim
260 1195 468 1268 intelligendum
496 1205 545 1264 est,
563 1199 610 1270 qui
639 1206 700 1254 sunt
723 1200 751 1254 in
779 1214 872 1265 carne,
926 1215 987 1256 cnm
999 1201 1115 1256 animale
1124 1207 1248 1272 resurget
1263 1199 1290 1254 in
1305 1197 1458 1269 spirituale,
1479 1205 1505 1253 et
1533 1197 1650 1253 mortale
1673 1198 1725 1255 hoc

72 1281 150 1353 quasi
165 1283 210 1352 qui
233 1282 260 1337 in
271 1283 324 1339 ista
337 1301 418 1341 carne
433 1287 537 1354 vivunt,
553 1287 581 1341 in
597 1304 650 1360 qua
671 1287 748 1342 multi
773 1288 872 1344 viven—
926 1289 1020 1344 induet
1034 1288 1274 1357 immortalitatem,
1291 1295 1318 1343 et
1333 1287 1530 1344 absorbebitur
1543 1286 1658 1342 mortale
1673 1284 1726 1343 boc

72 1378 113 1426 tes
127 1371 188 1427 Deo
201 1371 311 1442 placere
325 1379 495 1443 meruerunt,
512 1377 559 1448 qui
576 1377 690 1433 incarne
700 1392 755 1432 non
767 1375 874 1432 luerunt
927 1376 1024 1433 avita.
1045 1377 1112 1433 Cum
1128 1377 1201 1433 enim
1213 1377 1359 1448 praesentis
1371 1375 1503 1446 temporis
1512 1374 1630 1447 gratiam
1641 1374 1727 1431 deter-

72 1459 198 1529 quemvis
212 1460 241 1515 in
255 1476 337 1517 cerne
348 1463 480 1519 vixerint.
499 1465 651 1520 Portabaut
675 1481 797 1531 curnem,
818 1479 872 1520 uon
926 1466 1034 1522 minans
1049 1466 1165 1533 diceret,
1181 1474 1315 1522 mortuum
1330 1464 1441 1538 quidem
1459 1478 1562 1536 corpus
1584 1480 1645 1519 esse
1660 1479 1726 1535 pro-

71 1547 252 1618 portnbantur
266 1565 282 1605 a
296 1565 390 1607 cerne.
409 1553 486 1609 Unde
502 1561 528 1608 et
543 1553 689 1609 subditur:
709 1578 720 1602 ι
738 1555 793 1609 Vos
821 1568 872 1608 au·
926 1561 987 1627 pter
1001 1554 1223 1627 peccatum,quia
1242 1554 1270 1609 in
1285 1570 1317 1609 eo
1345 1552 1467 1610 nondum
1478 1569 1528 1624 per
1547 1553 1727 1608 resurrectio·

73 1644 129 1692 tem
144 1636 174 1691 in
189 1652 269 1693 carne
283 1639 424 1695 nonestis.
445 1664 456 1689 υ
470 1642 574 1711 Populo
590 1642 725 1710 Deidicit,
741 1641 873 1698 Ecclesia)
927 1658 990 1699 nem
1006 1652 1141 1700 renovato
1151 1642 1256 1714 peccati
1270 1641 1396 1698 meritum
1419 1648 1523 1707 manet,
1543 1641 1594 1696 hoc
1618 1648 1659 1696 est
1674 1656 1727 1695 no-

72 1723 123 1779 Dei
138 1722 214 1791 dicit,
231 1726 360 1782 Romanis
372 1728 497 1800 scripsit;
518 1729 568 1785 sed
591 1731 727 1785 universae
746 1729 873 1785 Ecclesiae
888 1755 915 1816 ῃ
930 1731 1040 1789 cessitas
1055 1732 1168 1795 mortis;
1185 1731 1309 1802 spiritum
1324 1736 1413 1786 autem
1428 1729 1511 1785 vitam
1530 1744 1591 1785 esse
1614 1737 1728 1800 propter

72 1810 152 1867 dixit.
168 1812 270 1870 Tritico
284 1814 362 1883 dixit,
379 1832 433 1872 non
454 1815 558 1888 paleae3
578 1832 674 1873 maasm
698 1817 802 1887 latenti,
818 1832 874 1873 non
925 1819 1067 1889 justitiam,
1097 1820 1160 1892 quia
1178 1820 1241 1875 lieet
1267 1819 1355 1876 adhuc
1383 1833 1500 1893 corporo
1528 1817 1622 1873 mortis
1647 1818 1729 1887 hujus

73 1901 181 1972 stipulae
208 1903 358 1973 apparenti.
383 1904 573 1978 Unusquisque
597 1906 625 1960 iu
646 1907 728 1963 corde
751 1922 800 1963 suo
823 1920 874 1963 oo-
927 1924 1082 1977 oneremur,
1095 1908 1154 1979 jam
1168 1908 1318 1965 secundum
1342 1909 1498 1963 interiorem
1518 1907 1655 1962 hominem
1670 1923 1729 1963 cte-

73 1997 190 2061 gnoseat
198 1989 224 2045 si
238 1990 274 2048 ad
289 2008 351 2047 enm
363 1994 508 2064 pertineat.
927 2006 974 2069 pta
993 1998 1168 2053 renovatione
1195 1998 1223 2051 in
1242 1995 1306 2052 lidei
1335 1995 1469 2065 justitiam
1490 1996 1658 2066 respiramus
1684 2004 1729 2051 ta-

109 2079 199 2134 Vtas.
215 2083 241 2135 9.
257 2109 293 2121 -
303 2102 314 2129 a
325 2082 379 2136 Vos
388 2089 480 2137 autem
490 2082 518 2137 in
532 2097 674 2139 carnenou
690 2083 764 2149 estis,
780 2083 829 2139 sed
847 2083 876 2137 in
928 2102 989 2141 men
1004 2102 1039 2142 ns
1059 2086 1179 2141 bumana
1202 2085 1358 2158 ignorantia
1382 2084 1416 2139 de
1437 2083 1641 2139 resurrectione
1668 2099 1731 2141 cor·

75 2165 189 2237 spiritu;
205 2168 230 2222 si
245 2175 337 2224 tamen
358 2171 470 2241 spiritus
492 2171 540 2227 Dei
555 2172 658 2227 habitat
673 2172 699 2226 iu
715 2173 804 2240 vobis,
823 2192 834 2220 u
851 2172 874 2225 si
928 2174 1003 2245 poris
1031 2174 1069 2229 nil
1101 2180 1224 2245 speraret
1249 2190 1255 2235 ;
1292 2173 1373 2228 etiam
1403 2172 1490 2243 ipsum
1519 2172 1593 2242 quod
1617 2179 1729 2243 propter

75 2254 226 2311 secundum
247 2256 405 2314 interieram
419 2259 556 2316 bominem
579 2260 802 2317 condelectamini
819 2258 874 2333 legi
928 2263 1054 2317 meritum
1078 2263 1182 2332 peccati
1203 2261 1378 2332 inpraesenti
1406 2259 1506 2315 saeculo
1526 2260 1631 2315 dixerat
1652 2273 1728 2314 mor-

73 2342 873 2418 Dei.llocenixnest,«sispiritusDeihabitatinvobis·
928 2351 1053 2417 tuum,in
1070 2350 1160 2406 futuro
1175 2357 1289 2422 propter
1299 2348 1409 2419 justitiae
1433 2348 1562 2403 meritum
1591 2347 1657 2403 dicit
1685 2345 1729 2403 vi-

74 2429 148 2486 Nam
162 2431 186 2485 si
195 2432 325 2489 devestro
339 2434 435 2505 spiritu
450 2437 623 2507 presumitis,
641 2437 731 2493 adhuc
745 2437 773 2491 in
792 2451 875 2493 carno
929 2439 1104 2509 vilicandum,
1121 2455 1171 2497 nec
1187 2439 1236 2507 sie,
1253 2447 1282 2494 ut
1311 2444 1413 2494 tentum
1441 2452 1475 2492 ex
1505 2444 1612 2492 mortuo
1635 2436 1729 2490 vivum

75 2519 154 2575 estis.
173 2520 302 2576 Sicenim
317 2524 448 2580 nonestis
461 2525 488 2579 iu
510 2540 602 2592 carue,
622 2526 646 2580 si
669 2525 696 2579 in
716 2524 808 2596 spiritu
823 2525 876 2580 Dei
929 2529 985 2596 liat,
1012 2528 1061 2584 sed
1088 2528 1170 2584 etiem
1194 2542 1228 2583 ex
1252 2526 1362 2583 mortali
1390 2526 1542 2581 immortale
1557 2531 1727 2596 permaneat.

74 2606 148 2663 sitis.
166 2608 270 2664 Narnsi
291 2611 392 2666 recedit
409 2612 520 2683 spiritus
539 2614 598 2681 Dei,
614 2612 734 2683 pondere
748 2628 798 2669 suo
822 2611 875 2683 spi·
928 2617 1094 2687 Apostolicoe
1117 2617 1208 2672 lumen
1236 2616 1356 2672 scientiae
1374 2615 1494 2672 attende.
1517 2612 1656 2685 Quidquid
1683 2613 1729 2668 hic

73 2696 144 2751 ritus
163 2696 283 2753 bominis
303 2700 454 2757 revolvitur
468 2700 496 2755 in
512 2717 639 2765 cernem;
663 2701 734 2757 redit
759 2701 793 2756 ad
807 2700 876 2756 lacta
929 2704 1072 2773 dicit,ideo
1094 2703 1169 2770 dicit,
1186 2719 1220 2760 ne
1243 2708 1371 2776 putarent
1391 2703 1524 2772 homines,
1552 2701 1656 2757 nullum
1684 2698 1730 2757 vel

73 2785 206 2858 carnalia,
218 2787 290 2842 redit
302 2788 338 2843 ad
354 2790 588 2860 concupiscentias
599 2791 732 2857 carnales,
757 2798 783 2845 et
810 2788 877 2845 liunt
929 2809 1042 2866 parvum
1054 2809 1084 2848 sa
1102 2792 1204 2849 habere
1218 2790 1377 2848 beneficium
1393 2792 1426 2848 de
1439 2793 1526 2865 gratia
1541 2790 1650 2857 Christi,
1667 2789 1729 2860 quia

73 2874 194 2930 bominis
209 2874 283 2931 illius
306 2877 454 2933 novissima
478 2879 571 2950 peiore
586 2878 730 2950 prioribus.
757 2878 802 2934 Sic
823 2892 876 2949 ego
929 2882 1085 2938 necessario
1100 2882 1224 2938 morituri
1239 2888 1302 2936 sunt
1316 2896 1441 2953 corpore.
1466 2878 1616 2936 Attendere
1628 2878 1728 2952 quippe

74 2961 175 3018 habete
199 2962 315 3020 liberum
330 2965 480 3033 arbitrium,
500 2975 529 3022 ut
551 2967 703 3038 imploretis
731 2966 876 3023 auxilium.
930 2971 1038 3040 debent,
1054 2986 1152 3042 corpus
1167 2970 1277 3042 quidem
1291 2969 1380 3026 adhuc
1403 2968 1506 3041 peccati
1534 2968 1663 3024 meritum
1682 2982 1730 3040 pe·
1820 2970 1823 2975 '

75 3052 245 3108 «Nonoetis
259 3053 287 3108 in
301 3069 390 3109 carue.
414 3079 425 3104 ι
451 3056 485 3110 lit
506 3055 559 3111 hoc
577 3072 614 3111 ex
640 3055 743 3112 viribus
757 3054 876 3112 vestrisl
930 3070 1001 3123 rere,
1028 3055 1102 3124 qnod
1129 3053 1284 3110 conditione
1311 3053 1405 3109 mortis
1420 3059 1588 3110 contractum
1605 3055 1666 3118 est3
1681 3049 1730 3107 sed

74 3140 159 3196 Absit
170 3142 176 3195 l
189 3141 266 3197 Unde
281 3144 369 3215 ergo?
386 3166 397 3192 a
416 3142 444 3199 Si
467 3152 557 3200 tamen
581 3143 693 3217 spiritus
710 3143 760 3200 Dei
775 3143 878 3198 habitat
891 3110 917 3174 C
929 3145 983 3214 jam
993 3144 1108 3214 coepisse
1123 3142 1217 3199 vivere
1241 3150 1352 3214 propter
1367 3142 1500 3210 iustitiam
1527 3140 1601 3209 fidei,
1618 3139 1690 3212 quod
1705 3147 1733 3195 et

76 3228 105 3283 in
118 3228 207 3284 vobis.
220 3229 249 3285 Si
264 3231 326 3301 quis
349 3236 440 3287 autem
456 3233 579 3303 spiritum
594 3233 694 3289 Christi
715 3248 769 3288 non
784 3233 876 3301 babet,
932 3233 1020 3303 ipsum
1032 3230 1060 3285 in
1074 3230 1184 3286 homine
1197 3229 1283 3286 luerat
1307 3229 1425 3302 quadam
1454 3236 1540 3284 morte
1562 3225 1731 3282 infidelitatis

77 3316 193 3374 hicnon
208 3327 249 3373 est
263 3319 335 3390 ejus.
358 3344 369 3370 ι
383 3321 443 3376 Non
455 3336 521 3394 ergo
534 3338 566 3377 se
575 3323 728 3391 jactet,uon
740 3337 770 3376 se
781 3327 878 3376 exten·
933 3320 1109 3376 exstinctum.
1125 3320 1187 3374 Non
1200 3318 1291 3390 igitur,
1313 3317 1411 3389 inquit,
1426 3331 1523 3388 parurn
1539 3314 1663 3370 muneris
1677 3330 1731 3386 pu·

77 3405 135 3472 dat,
152 3406 276 3462 nonsibi
304 3419 412 3480 arroget
435 3409 559 3465 virtutem
574 3410 714 3481 propriam
733 3425 823 3482 egena
850 3413 879 3464 ct
935 3408 996 3464 tetis
1009 3423 1070 3463 esse
1084 3407 1212 3463 collatum
1240 3405 1335 3477 perid
1357 3405 1429 3477 quod
1453 3404 1573 3460 Christus
1598 3402 1626 3457 iu
1655 3401 1733 3458 vobis

77 3494 173 3550 vitiata
185 3503 289 3562 natura,
307 3498 370 3568 quio
385 3498 408 3552 si
423 3499 483 3569 quis
498 3499 620 3570 spiritum
636 3498 732 3554 Christi
747 3515 802 3552 non
827 3498 878 3552 ha·
934 3503 983 3562 est,
999 3495 1071 3565 quod
1086 3494 1113 3548 in
1127 3508 1243 3565 corpore
1263 3499 1374 3564 propter
1388 3499 1530 3563 peccatum
1559 3498 1663 3546 mortuo
1675 3492 1733 3561 jam

79 3584 135 3651 bet,
147 3583 192 3640 bic
202 3598 257 3639 uon
271 3595 308 3640 est
324 3587 391 3654 ejus.
403 3590 463 3656 lpse
478 3596 520 3642 est
534 3588 645 3658 spiritus
677 3587 733 3651 Dei,
750 3587 796 3656 qui
819 3585 878 3656 spi·
933 3593 1046 3656 propter
1058 3583 1192 3652 justitiam
1211 3583 1323 3652 spiritus
1338 3589 1429 3636 vester
1444 3582 1527 3647 vivit;
1546 3596 1597 3635 nec
1609 3579 1671 3634 ideo
1698 3578 1734 3634 de

78 3671 148 3726 ritus
170 3673 287 3739 Clrrisli3
314 3674 373 3745 ipse
401 3677 495 3741 Putris,
524 3676 570 3746 qui
596 3676 665 3729 Filii.
682 3673 880 3730 Sedeucend·
933 3675 1113 3743 vitaquoque
1138 3671 1223 3741 ipsius
1241 3670 1365 3740 corporis
1393 3670 1554 3739 desperetis.
1585 3668 1733 3723 «Sienirn

76 3761 189 3829 juvante
204 3762 289 3830 ipsius
312 3763 500 3819 misericordis
517 3765 641 3834 spiritum
668 3762 765 3817 Christi
793 3762 881 3817 hube-
935 3762 1047 3833 spiritus
1062 3762 1120 3830 ejus
1135 3760 1181 3831 qni
1199 3759 1340 3814 suscitavit
1353 3760 1475 3812 lesume
1494 3757 1609 3812 mortuis
1630 3756 1735 3811 habitet

77 3865 150 3915 rnus,
166 3856 193 3904 et
207 3850 265 3921 ipsa
281 3850 460 3907 delectatione
472 3852 592 3921 justitiae,
615 3860 642 3906 et
657 3854 762 3923 integra
778 3849 830 3905 lide
854 3856 880 3905 et
934 3850 961 3904 in
976 3849 1065 3914 vobis,
1080 3848 1228 3904 vivilicavit
1241 3856 1267 3903 et
1282 3848 1407 3902 mortalia
1425 3861 1540 3917 corpore
1564 3853 1655 3900 vestre
1667 3860 1736 3914 pro-

78 3937 224 4004 oetbolice,
249 3941 371 4010 spiritum
396 3941 446 3995 Dei
462 3942 540 3996 nobis
568 3941 657 3995 inesse
676 3941 877 4013 cognoscimus.
935 3947 994 4009 pter
1022 3937 1215 3992 inhabitantem
1244 3937 1370 4006 spiritum
1386 3937 1446 4006 ejus
1474 3936 1502 3989 in
1523 3934 1610 3991 vobis.
1631 3933 1735 3989 »llicit

79 4026 135 4082 Sed
150 4026 216 4098 quid
229 4027 265 4082 de
283 4044 367 4084 carne
381 4029 425 4084 illa
438 4029 659 4098 mortaliiQuid
682 4029 716 4086 de
744 4029 804 4101 loge
833 4043 880 4082 re·
935 4024 1348 4098 etiamquomodofiat,utvita
1369 4025 1397 4079 in
1417 4040 1446 4079 se
1475 4031 1589 4079 mortem
1617 4021 1735 4078 mortiti-

79 4119 222 4188 pugnante
250 4114 305 4187 legi
327 4121 425 4172 mentis
439 4119 453 4170 ‘l
468 4117 519 4186 Qui
546 4118 581 4172 de
596 4119 642 4173 illo
663 4117 776 4190 gemitu,
798 4116 881 4171 miser
935 4115 1023 4171 cando
1038 4120 1188 4169 convertat.

79 4217 135 4275 ego
150 4203 254 4259 bomoi
265 4205 350 4261 Audi.
972 4205 1060 4259 Vens.
1075 4205 1119 4269 li,
1131 4203 1306 4274 ls-Ergo,
1317 4202 1413 4274 inquit,
1422 4201 1529 4266 fratros,
1537 4199 1677 4256 debitores
1688 4214 1737 4254 su-

121 4291 205 4348 vaes.
218 4297 261 4363 to,
279 4294 322 4350 ll.
337 4318 387 4343 -n
406 4294 434 4349 Si
449 4303 539 4351 autem
555 4295 676 4351 Chr-latus
691 4294 718 4350 in
736 4294 814 4351 vobis
827 4301 878 4359 est,
936 4290 1147 4357 musuoncerni,
1157 4298 1186 4346 ut
1195 4288 1344 4346 seeundum
1352 4304 1465 4345 carnem
1473 4290 1611 4344 vivamus.
1627 4286 1737 4344 Sienim

78 4394 180 4451 corpus
193 4382 302 4451 quidem
310 4391 443 4439 munuum
459 4388 499 4438 est
514 4391 627 4455 propter
639 4391 781 4454 peccatum
803 4381 881 4454 spiri·
936 4380 1086 4438 secundum
1113 4394 1223 4437 carnem
1251 4378 1385 4444 vixeritis,
1404 4376 1572 4433 moriemini.
1603 4376 1631 4432 Si
1646 4382 1737 4430 autem

78 4486 127 4534 tus
141 4486 230 4533 autem
245 4480 302 4533 vita
312 4488 353 4535 est
363 4480 621 4551 propterjustitiam.
635 4504 645 4529 a
657 4481 771 4551 eorpus,
783 4478 879 4549 inquit,
894 4465 921 4526 b
936 4470 1035 4543 spiritu
1050 4468 1122 4525 lacta
1135 4467 1227 4524 carnis
1244 4464 1479 4531 mortificaveritis,
1501 4463 1609 4521 viretis.
1629 4487 1639 4512 a
1657 4458 1738 4532 Quod

77 4573 217 4622 mortuum
244 4575 295 4634 est,
316 4584 371 4623 non
398 4575 509 4639 propter
533 4568 707 4642 fragilitatem
732 4576 881 4632 terrenam,
937 4557 1146 4630 quidestaliud
1161 4555 1279 4629 quamsi
1300 4554 1449 4610 secundnm
1465 4562 1580 4608 mortem
1603 4550 1737 4619 vixeritis,

79 4655 133 4711 sed
143 4663 253 4726 propter
266 4664 417 4728 peccatum.
446 4657 656 4729 vigilantissime
666 4672 721 4712 non
743 4657 789 4719 ait,
813 4671 885 4711 mor-
937 4656 1025 4704 toturn
1041 4646 1187 4714 morietur;
1204 4643 1325 4699 siautem
1345 4642 1493 4698 secuudum
1509 4642 1592 4695 vitam
1620 4640 1738 4697 vivendo

78 4744 136 4799 tale
149 4754 198 4813 est,
210 4744 258 4800 sed
269 4753 413 4801 mortuum.
439 4747 565 4818 Namque
587 4755 731 4817 autequam
759 4745 884 4799 immuta·

78 4840 161 4889 retur
175 4834 202 4888 in
217 4833 292 4888 illam
309 4835 521 4904 corruptionem,
538 4851 599 4906 quea
620 4834 647 4888 iu
662 4842 815 4890 sauctorum
838 4832 882 4888 in·

79 4924 261 4994 corruptione
275 4923 448 4994 promittitur,
459 4928 562 4993 poterat
572 4940 632 4978 esse
646 4923 769 4989 mortale,
784 4936 882 4993 quam-

79 5012 127 5067 vis
143 5027 198 5068 troo
214 5011 382 5080 moriturum,
399 5012 467 5068 sicut
482 5013 534 5068 hoc
549 5020 674 5066 nostrum
689 5011 884 5082 potestatibe

79 5110 187 5177 dicam,
204 5126 265 5167 esse
278 5111 450 5183 aegrotabile,
467 5110 594 5182 quemvis
609 5113 881 5182 nonaegrotuturum.

81 5205 165 5275 Cuius
179 5205 252 5261 enim
268 5219 332 5262 caro
346 5213 480 5278 aeqrotere
494 5221 548 5261 non
561 5213 659 5277 potest,
671 5202 777 5260 etiamsi
790 5204 883 5275 aliquo

80 5319 158 5371 casm
183 5303 345 5376 priusquam
364 5311 487 5375 aegrotet,
504 5302 675 5358 occumbat?
694 5301 741 5357 Sic
761 5308 787 5355 et
813 5299 883 5354 illud

81 5416 185 5473 corpus
198 5401 255 5471 jam
266 5409 323 5457 erat
337 5401 472 5456 mortale:
494 5416 575 5473 quam
599 5398 790 5455 mortalitatem
817 5398 883 5453 lue·

81 5506 130 5555 rat
143 5499 319 5570 absumptura
333 5498 446 5553 mutatio
461 5499 489 5552 in
503 5505 632 5553 aeternum
648 5494 883 5566 incorruptionem

83 5598 108 5653 ei
127 5597 156 5653 ia
170 5595 280 5655 bomine
293 5593 411 5666 justitia,
427 5594 511 5650 idest
527 5593 683 5650 obedientia
701 5598 882 5664 permanaret·

938 4744 1053 4792 mortem
1072 4733 1282 4799 vivificaveritis,
1309 4739 1393 4786 toturn
1416 4730 1506 4786 riveti
1531 4728 1736 4800 breonense,

937 4832 1050 4895 accepto
1064 4822 1176 4885 auxilio,
1193 4827 1316 4892 porrecto
1332 4818 1538 4889 nobisdesuper
1549 4817 1651 4873 auxilio
1666 4816 1735 4872 bra·

937 4914 998 4969 chio
1015 4911 1121 4966 Domini
1134 4912 1247 4980 accepto
1263 4908 1365 4979 Spiritu
1381 4913 1483 4975 sancto,
1504 4928 1516 4957 r
1533 4905 1672 4962 debitores
1688 4922 1736 4962 su·

937 5017 998 5056 mus
1027 5015 1079 5055 non
1108 4998 1196 5066 carni,
1211 5006 1239 5052 ut
1264 4997 1412 5052 seeundum
1441 5010 1550 5050 carnem
1566 4995 1735 5061 vivamus·

937 5105 967 5153 ut
981 5096 1130 5152 habeamus
1144 5093 1327 5161 dilectionem,
1344 5099 1370 5147 et
1385 5107 1417 5147 ex
1431 5091 1475 5145 ills
1491 5090 1737 5162 baberepossimus

936 5195 1037 5250 bonam
1052 5191 1249 5264 operationem.
1268 5188 1347 5244 Fides
1360 5187 1434 5244 enim
1445 5202 1499 5243 non
1513 5194 1603 5259 potest
1616 5185 1733 5258 operari,

938 5292 989 5346 nisi
1005 5290 1251 5362 perdilectionem.
1270 5310 1280 5333 ιι
1298 5286 1328 5341 Si
1347 5285 1419 5341 enim
1448 5284 1598 5341 secundum
1623 5298 1733 5341 carnem

938 5387 1066 5455 vixeritis,
1079 5385 1243 5442 moriemini.
1265 5406 1275 5429 n
1293 5383 1350 5437 lloc
1364 5381 1423 5451 jnm
1452 5395 1536 5452 supra
1563 5380 1644 5451 dixit,
1660 5396 1732 5455 pru-

937 5483 1128 5541 duritincurnis
1143 5488 1268 5537 moreest
1285 5498 1291 5533 :
1308 5478 1439 5549 nunquia
1467 5492 1534 5535 caro
1557 5480 1660 5537 molum
1681 5488 1733 5548 est,

939 5583 988 5638 sed
1002 5581 1068 5654 quia
1081 5580 1176 5637 vivere
1197 5578 1345 5635 secundum
1357 5591 1470 5634 carnem
1485 5575 1588 5632 malum
1615 5578 1667 5631 ast.
1685 5575 1736 5632 «Sl
