3728 6000
175 282 227 338 715
631 273 980 334 delibeberamus
999 274 1034 334 S.
1052 272 1268 332 tnaobomut
1767 276 1823 331 lid

171 405 279 462 nulibus
290 409 341 460 est.
353 402 477 460 Humana
491 414 556 457 vero
569 399 678 456 miseria
692 399 837 472 passiones
849 400 899 457 bas
913 413 965 472 pa·
978 398 1008 462 Α
1023 398 1138 456 liberum
1151 398 1313 472 permittitur
1326 397 1363 456 ad
1376 397 1511 473 lacrymas
1528 404 1633 455 tantum
1653 403 1681 454 ει
1695 396 1818 471 vagitus.

170 495 227 551 tulo
242 493 323 551 corde
337 492 367 548 in
382 508 412 549 se
427 491 518 563 ipsam
532 489 688 557 admittens,
706 488 886 562 ipsarumque
900 504 968 561 pss-
1021 488 1056 545 Et
1071 489 1124 545 hoc
1138 487 1184 559 qui
1205 487 1323 544 feliciter
1335 487 1474 556 educatur,
1492 485 1664 560 imperatoris
1677 485 1721 543 rel
1744 486 1824 559 ragis

171 584 277 639 sianum
294 580 428 654 principia
442 596 491 652 per
498 578 729 635 deliberationum
744 579 968 650 cooperationem
1022 574 1104 632 filius.
1123 577 1200 633 Jaoet
1214 576 1296 650 igitur
1311 575 1417 635 riuotus
1429 576 1545 649 pedibus
1558 583 1586 633 et
1598 575 1727 631 manibus
1748 573 1822 632 deus

171 687 256 744 penes
267 686 298 726 se
312 670 397 741 ipsam
415 669 445 725 in
465 666 666 725 multitudinem
681 674 709 723 et
727 667 812 724 robur
831 665 967 740 quoddam
1021 663 1149 722 animala
1166 664 1305 738 suppliciis
1324 665 1406 723 ειιειε
1426 665 1581 738 auspicans,
1605 678 1689 722 uuam
1711 669 1823 721 tautum

170 775 327 831 coaugeus;
351 754 610 812 turbulentissimam
633 753 848 828 ambiguamque
868 754 968 812 exinde
1021 755 1057 811 ob
1070 754 1187 827 culpam,
1203 754 1267 827 quia
1286 763 1377 812 natum
1392 764 1446 813 est.
1465 756 1525 812 lieu
1545 755 1708 813 dementiam
1726 756 1824 813 existi·

170 846 397 920 consequentium
412 845 538 903 vitiorum
551 844 762 918 generationem
772 851 912 916 operetur.
922 844 968 901 Sic
1020 845 1152 900 mentium
1166 844 1200 899 ab
1213 844 1255 899 bis
1274 843 1357 900 initiis
1373 845 1408 901 ad
1431 845 1588 918 superbiam
1606 845 1744 902 bominem
1760 861 1817 919 ga-

168 935 317 1008 voluptotis
330 951 407 992 amor
426 933 591 1006 principium
613 932 727 1007 quidem
747 932 842 989 babuit
854 947 889 989 ex
907 931 967 1003 ipsa
1020 932 1127 989 uitumt
1144 932 1248 990 Deinde
1257 933 1348 1005 prima
1360 933 1467 991 roboria
1481 949 1557 1007 spes,
1568 933 1740 1007 primumque
1756 942 1822 991 tem·

169 1024 346 1080 similitudine
361 1023 396 1079 ad
410 1022 596 1090 irrationalia,·
611 1021 661 1078 sad
674 1020 702 1077 in
722 1021 848 1077 burnonis
861 1020 967 1077 delictis
1018 1021 1094 1094 poris
1120 1037 1226 1092 manus,
1251 1022 1421 1095 quadrupedi
1444 1038 1507 1080 eum
1523 1023 1640 1080 similem
1659 1024 1815 1081 consuluit.

168 1121 404 1186 coaugmentatus,
420 1117 509 1168 tantas
530 1118 705 1184 peccatorum
726 1108 895 1167 differentias
916 1125 967 1181 per
1019 1111 1054 1167 lit
1068 1111 1178 1184 quaudo
1192 1112 1309 1169 bominis
1325 1112 1445 1170 succedit
1465 1112 1611 1170 incessus?
1628 1110 1742 1183 Quaado
1760 1129 1820 1172 vox

168 1202 310 1259 libidinem
325 1200 481 1275 progenuit,
497 1209 611 1272 quantas
624 1199 655 1256 iu
670 1199 871 1256 irrationalibus
883 1214 966 1256 nemo
1019 1208 1047 1256 et
1064 1199 1158 1273 lingua
1178 1201 1206 1255 in
1228 1201 1315 1257 verbs
1335 1200 1490 1258 formaturi
1502 1200 1619 1272 Quando
1634 1201 1689 1259 cibi
1708 1218 1814 1275 perca·

167 1300 258 1361 potest
272 1291 406 1348 invenire.
426 1291 491 1348 ileo
505 1289 577 1346 enim
592 1289 620 1345 in
641 1288 706 1346 talia
724 1296 841 1362 cognata
855 1288 964 1360 quidem
1017 1289 1098 1360 ptiol
1111 1287 1229 1359 Quando
1243 1290 1288 1346 diu
1299 1290 1456 1363 palpitantis
1470 1291 1578 1348 verticis
1588 1291 1702 1348 firmitas
1712 1293 1727 1346 i
1737 1293 1818 1351 Adde

167 1380 217 1434 sibi
233 1379 328 1450 abjicit
350 1380 419 1435 ratio
444 1377 644 1435 rationabilium
664 1375 828 1448 affectuum
843 1378 892 1434 sed
912 1393 964 1434 au·
1017 1376 1091 1447 quod
1107 1384 1208 1449 praeter
1224 1379 1318 1434 omnia
1331 1379 1461 1435 animalia
1486 1379 1561 1436 solus
1579 1380 1759 1438 miserhomo
1773 1382 1819 1438 ni·

166 1478 265 1542 gantur
287 1468 481 1540 cogitationum
505 1467 617 1523 auxilio.
648 1466 714 1522 lnda
734 1482 767 1522 ex
786 1466 830 1523 ira
842 1467 965 1523 nascitur
1018 1465 1056 1520 hil
1070 1481 1121 1538 per
1133 1483 1164 1523 εε
1185 1468 1261 1537 sciat,
1281 1467 1336 1524 uisi
1354 1468 1463 1540 plorare
1480 1484 1487 1524 τ
1503 1469 1553 1525 sed
1575 1484 1677 1542 magno
1698 1478 1817 1526 matrum

165 1558 281 1625 insania,
304 1556 414 1622 invidia,
436 1555 620 1623 mendacium,
645 1554 763 1612 insidia.
787 1555 852 1611 Haec
873 1562 963 1612 autem
1018 1553 1062 1610 vel
1076 1556 1223 1623 nutricum,
1239 1556 1283 1613 rel
1298 1556 1441 1628 suiipsius
1464 1557 1556 1614 labora
1572 1558 1598 1615 ei
1619 1558 1819 1617 addiscendum

165 1647 257 1702 omniu
274 1645 400 1718 malignas
414 1645 588 1717 operationes
597 1644 791 1717 degenerantis
801 1643 884 1699 animi
891 1651 967 1716 sunt·
1016 1637 1060 1705 sil,
1072 1638 1202 1711 quidquid
1215 1639 1339 1696 imminit!
1355 1655 1415 1698 ⁰⁸⁸⁶
1433 1640 1525 1711 debet,
1548 1642 1590 1698 Vel
1608 1650 1714 1714 potest,
1735 1651 1816 1700 ³⁸1⁰·

164 1735 245 1802 Num,
256 1735 279 1790 ει
289 1735 425 1790 denudata
442 1735 513 1789 toret
527 1732 617 1805 passio
638 1732 833 1806 cogitationum
846 1733 960 1798 auxilio,
976 1727 1085 1816 Brale.
1101 1728 1153 1784 Ubi
1168 1744 1235 1784 vero
1249 1729 1356 1785 tandem
1377 1730 1523 1802 aliquando
1536 1731 1670 1788 stabilitus
1689 1731 1734 1789 vel
1747 1748 1817 1790 cou-

163 1824 218 1880 cito
234 1822 363 1878 delicians
377 1821 457 1878 bullas
471 1822 554 1877 instar
567 1821 719 1893 deperiret.
737 1821 771 1876 Et
784 1822 844 1878 baec
858 1823 959 1890 omnis,
1016 1813 1139 1872 firmatus
1153 1816 1259 1873 videtur
1278 1833 1340 1873 esso
1362 1826 1434 1874 totus
1453 1819 1507 1875 illas
1529 1820 1657 1876 humanae
1675 1820 1819 1894 dignitatis

162 1912 233 1969 siout
247 1912 347 1968 dictum
361 1918 412 1979 est,
426 1927 461 1966 ex
474 1910 600 1982 pecudali
617 1910 795 1984 generatione
814 1910 843 1965 in
858 1910 962 1967 eonsti-
1017 1912 1119 1975 status3
1136 1907 1227 1962 statim
1243 1907 1332 1963 morbi
1351 1907 1500 1965 succedunt
1515 1916 1543 1965 et
1560 1909 1717 1979 medicinae,
1732 1919 1761 1967 ει
1783 1912 1818 1967 ad

163 2000 293 2057 tutionem
309 1999 426 2057 hominis
441 2000 655 2069 cointraverunt;
671 2015 734 2055 cum
749 2007 846 2055 auctor
859 2008 963 2056 naturas
1017 1997 1169 2050 extremum
1185 2010 1251 2052 cura
1267 1995 1424 2067 sepulturas.
1449 1997 1557 2053 Nullius
1578 1997 1681 2070 quippe
1701 1999 1758 2057 vita
1772 2002 1819 2059 vel

162 2091 222 2161 ejus
248 2090 359 2145 servitio
388 2105 421 2145 ea
447 2088 664 2145 contradidisset.
686 2088 757 2143 Nam
776 2089 819 2144 cui
846 2087 964 2160 duplicis
1016 2085 1120 2140 sanitas
1151 2083 1302 2157 fragilium
1331 2085 1399 2141 nulli
1430 2085 1493 2143 sitas
1524 2085 1568 2145 vel
1594 2087 1721 2144 sanitatis
1753 2103 1818 2146 cura

161 2179 250 2234 foruna
278 2177 390 2234 rationis
412 2175 571 2233 occasiones
595 2175 744 2243 constituit,
769 2175 877 2246 corpori
899 2175 963 2231 ani·
1015 2173 1190 2243 propensior.
1210 2173 1304 2230 Subito
1325 2189 1387 2230 casu
1408 2175 1500 2247 aliquo
1520 2175 1698 2248 intercipitur,
1724 2184 1752 2234 et
1773 2177 1818 2235 rel

160 2283 250 2333 mum,
266 2272 406 2321 terrenum
428 2263 520 2320 divino
543 2262 741 2330 commiscens;
757 2261 842 2319 voluit
861 2272 891 2319 ut
911 2279 961 2335 per
1014 2261 1094 2317 ruina
1124 2261 1288 2333 opprimitur
1316 2280 1323 2328 ;
1357 2262 1401 2319 vel
1431 2264 1565 2335 graminis
1595 2273 1641 2321 aut
1671 2266 1817 2324 vermiculi

160 2354 353 2427 cognationem
368 2361 394 2408 ει
407 2351 564 2407 societatem
583 2366 637 2422 qua
654 2350 690 2406 ad
705 2357 850 2421 utrumque
869 2353 960 2423 potie·
1013 2349 1128 2420 alicujus
1159 2367 1265 2407 ueneno
1293 2349 1460 2420 interficitur,
1494 2352 1538 2410 vel
1569 2353 1665 2412 bestiae
1696 2355 1816 2427 cujusli-

160 2443 249 2509 batur,
275 2443 358 2497 altaro
382 2441 529 2507 frueretur,
554 2440 639 2495 altero
657 2441 736 2512 vero}
745 2447 866 2496 uteretur
880 2460 886 2495 ε
902 2440 960 2498 Deo
1012 2438 1068 2508 bet,
1092 2437 1251 2495 suffocatur.
1273 2440 1379 2511 Vixque
1401 2442 1530 2515 pervigili
1548 2458 1611 2500 cura
1630 2444 1674 2500 vel
1695 2444 1765 2519 luga
1785 2461 1816 2502 sa

160 2531 302 2600 frueretur,
329 2546 379 2601 per
402 2528 563 2586 diviniorem
588 2535 729 2596 naturam;
753 2530 870 2586 terrenis
894 2546 958 2587 vero
1012 2535 1102 2600 potest
1120 2529 1189 2584 tueri
1210 2529 1245 2584 ab
1265 2529 1401 2596 omnibus,
1425 2546 1594 2603 quacunque
1614 2532 1815 2604 quovismodo

161 2621 241 2676 bonis
258 2624 380 2676 uteretur
400 2634 449 2690 per
467 2626 612 2690 cognatum
636 2634 757 2674 sensum.
772 2620 802 2673 lu
822 2619 960 2690 operatio·
1012 2624 1176 2689 potestatem
1189 2618 1290 2675 babent
1310 2619 1439 2676 nocendi.
1463 2620 1598 2678 Omnibus
1620 2623 1814 2694 exposituras

159 2726 223 2766 nom
248 2709 350 2782 quippe
379 2707 457 2781 regni
479 2708 652 2764 commodam
676 2715 702 2762 ει
720 2715 812 2779 aptam
835 2716 959 2765 naturam
1012 2706 1161 2780 fragilitate
1183 2707 1314 2779 corporis,
1337 2725 1399 2782 quas
1417 2717 1513 2766 natura
1532 2711 1648 2781 subjecit
1669 2712 1722 2768 sub
1736 2713 1817 2785 pedi-

159 2804 282 2855 uoatrum
297 2798 417 2868 optimus
432 2795 528 2852 artilex
546 2795 667 2852 condidit
683 2814 689 2850 ε
706 2796 774 2852 etin
788 2796 958 2853 observatio·
1014 2796 1065 2851 bus
1086 2796 1145 2867 ejus
1166 2811 1200 2852 er
1224 2796 1322 2853 virtute
1343 2798 1471 2866 rationia;
1489 2807 1516 2855 et
1533 2815 1638 2873 pauper
1667 2802 1761 2868 horno,
1789 2811 1816 2860 ει

160 2888 242 2943 nibus
256 2886 364 2953 auimae,
381 2894 408 2940 ει
423 2885 452 2941 in
468 2885 527 2957 ipsa
546 2892 701 2955 quoque,ut
711 2884 843 2953 jamsatis
858 2886 959 2943 dictum
1013 2889 1136 2944 omnium
1151 2906 1212 2961 quas
1231 2890 1268 2946 ad
1287 2907 1366 2946 usum
1384 2899 1447 2947 aunt
1466 2908 1580 2965 egenus,
1603 2893 1631 2949 in
1644 2896 1714 2951 hanc
1728 2896 1815 2953 eitam

161 2984 211 3048 est,
226 2976 351 3047 corporis
372 2974 459 3046 figura
481 2974 533 3029 tale
556 2973 720 3045 praepurauit
740 2974 850 3045 animal,
875 2975 959 3047 quale
1013 2977 1150 3035 inducitur
1167 2997 1173 3034 :
1190 2979 1274 3036 miser
1288 2979 1374 3037 rideri
1389 2980 1478 3052 potius
1493 2997 1574 3054 quam
1588 2982 1750 3055 beatificari,
1766 3002 1816 3042 ae-

161 3067 197 3127 ad
223 3081 337 3138 regnum
366 3063 593 3135 opportunitatem
617 3062 750 3132 baberet;
779 3063 881 3119 scilicet
904 3078 959 3120 uon
1014 3066 1132 3124 cundum
1152 3068 1269 3125 lormam
1289 3069 1465 3125 exteriorem.
1490 3071 1552 3127 Non
1574 3071 1647 3128 enim
1666 3073 1728 3131 acie
1748 3090 1815 3132 cor·

161 3171 276 3227 pronum
291 3154 446 3219 interram,
470 3151 519 3207 sed
538 3158 658 3207 erectum
679 3151 708 3207 in
727 3150 836 3208 coelum.
860 3151 959 3208 Anima
1014 3165 1239 3224 nuumarmatur,
1254 3173 1309 3214 non
1327 3158 1462 3230 unguium
1481 3159 1660 3232 acuminibus,
1683 3178 1740 3219 nou
1760 3181 1816 3220 un·

162 3244 297 3316 siquidem
311 3241 451 3297 rationalis
472 3240 628 3313 intelligens
642 3247 669 3296 et
692 3255 856 3298 conservans
870 3242 960 3298 bono·
1012 3245 1084 3317 gulis
1098 3245 1294 3317 suadentibus,
1311 3263 1367 3303 non
1385 3247 1466 3304 dente
1481 3247 1524 3304 vel
1548 3251 1642 3307 aculeo
1662 3252 1816 3324 mortifero,

162 3350 219 3389 rom
235 3348 322 3400 suum,
345 3331 437 3404 regale
457 3329 584 3402 quiddam
607 3336 649 3384 est
673 3337 699 3385 ει
723 3329 858 3386 excelsum
876 3349 882 3385 :
899 3331 961 3387 binc
1015 3335 1085 3390 sicut
1107 3333 1192 3390 multa
1215 3334 1363 3405 animalia;
1384 3351 1439 3392 non
1457 3337 1576 3408 pilorum
1596 3339 1695 3397 amictu
1717 3357 1818 3415 corpus

163 3423 309 3480 ostendens
323 3436 353 3476 se
373 3435 390 3476 a
410 3419 509 3474 rustica
529 3417 680 3474 bumilitate
701 3426 727 3474 et
749 3419 963 3491 degeneratione
1014 3422 1124 3494 legitur.
1142 3423 1221 3479 Solus
1234 3425 1334 3496 quippe
1349 3424 1432 3480 homo
1446 3434 1487 3481 est
1507 3427 1638 3484 velociter
1651 3431 1817 3488 currentium

163 3527 225 3567 csse
240 3510 322 3583 longe
337 3507 496 3564 naturaliter
510 3515 693 3579 segregatam,
709 3522 771 3563 utrm
785 3508 820 3563 sit
833 3508 921 3565 libera
935 3516 963 3565 et
1014 3510 1127 3578 tardior,
1142 3513 1293 3568 enormium
1307 3512 1425 3585 brevior,
1444 3516 1614 3573 naturalibus
1628 3520 1714 3576 armis
1723 3520 1817 3577 muni·

163 3613 213 3667 per
227 3612 257 3650 so
267 3603 363 3665 potens
378 3592 495 3663 imperet
509 3591 646 3657 omuibus,
657 3599 684 3647 et
697 3591 801 3648 servire
817 3591 897 3649 iaciat
907 3594 965 3650 suis
1016 3607 1103 3656 lorum
1118 3600 1336 3674 expugnabilior.

166 3686 225 3757 ipsa
251 3682 442 3751 voluntatibus,
472 3680 583 3752 suisque
612 3680 739 3751 potentiis
766 3681 962 3752 administrata,
1051 3689 1086 3744 Et
1100 3690 1248 3761 quomodo,
1263 3690 1337 3747 dicet
1358 3690 1428 3763 quis,
1452 3693 1498 3765 qui
1521 3693 1583 3750 tulis
1600 3699 1652 3763 est,
1668 3697 1818 3770 imperium

167 3772 240 3844 quod
259 3771 400 3842 proprium
416 3769 500 3841 regies
513 3768 653 3841 dignitatis
667 3777 715 3823 ost.
727 3769 846 3839 Propter
860 3771 965 3827 bocnu·
1016 3793 1099 3849 super
1119 3778 1211 3834 omnia
1230 3778 1330 3835 dicitur
1352 3781 1520 3852 possidaro‘.l
1540 3784 1613 3840 Beue
1633 3801 1682 3858 per
1704 3802 1815 3844 omnem

167 3862 219 3916 dus
234 3860 344 3931 quidem
364 3856 532 3913 naturalibus
554 3857 773 3927 protectionibus,
799 3858 965 3933 inermisque
1017 3867 1137 3923 modum.
1154 3866 1285 3937 Primum,
1305 3869 1378 3939 quod
1393 3871 1509 3928 nocendi
1524 3874 1673 3943 potentiam
1688 3875 1717 3932 in
1736 3877 1818 3934 rebus

168 3949 289 4006 nascitur
305 3967 310 4003 =
327 3948 354 4002 in
371 3953 486 4016 mulum,
509 3951 538 4000 ul
554 3960 615 4000 cum
638 3946 666 4000 in
684 3946 744 4001 eliis
764 3947 878 4004 eliorum
900 3950 965 4004 8¹15·
1015 3956 1218 4026 subjectisratio
1232 3958 1348 4012 humana
1372 3958 1456 4015 habet
1474 3961 1624 4032 subjectam
1642 3978 1650 4019 τ
1669 3964 1736 4022 dum
1754 3982 1818 4024 eam

169 4038 299 4094 manlium
318 4034 474 4106 primordiis
487 4034 550 4090 laeta
563 4041 651 4089 mater
664 4043 795 4106 appareat
818 4046 924 4108 natura,
938 4039 967 4094 iu
1017 4045 1061 4102 vel
1075 4049 1154 4102 cavet
1172 4046 1330 4116 prudenter,
1342 4047 1385 4102 vel
1399 4047 1515 4104 destruit
1524 4056 1659 4121 potenter,
1673 4059 1702 4110 et
1713 4055 1742 4111 in
1755 4072 1818 4128 pm.

170 4125 282 4182 homine
293 4124 352 4179 solo
364 4123 491 4178 videatur
514 4121 600 4177 tristis
623 4138 756 4179 noverca.
782 4124 847 4179 attis
866 4127 967 4199 quippe
1019 4133 1104 4206 priam
1113 4133 1214 4207 redigit
1228 4135 1396 4191 servitutem.
1407 4134 1487 4205 Quod
1501 4140 1574 4195 enim
1585 4141 1693 4198 videtur
1711 4148 1819 4204 aarum

171 4213 353 4270 animantibus
367 4211 449 4270 variae
464 4210 600 4283 qualitatis
619 4218 775 4283 tegumenta
787 4216 965 4285 contradidit3
1019 4217 1122 4279 nostrae
1135 4238 1263 4295 egenum,
1278 4224 1388 4281 occasio
1403 4226 1493 4282 estad
1508 4243 1602 4285 eorum
1613 4246 1674 4301 qum
1689 4232 1820 4290 sipisim.

173 4312 255 4359 testas
270 4301 383 4369 scilicet,
406 4300 529 4367 cortices,
549 4299 653 4371 spinas,
673 4300 758 4368 coria,
779 4301 868 4371 villos,
883 4313 966 4374 setas,
1017 4311 1188 4381 iacessunt,
1209 4311 1388 4368 dominatum.
1410 4314 1444 4369 Et
1465 4315 1579 4372 forsitan
1602 4318 1746 4392 imperium
1767 4322 1820 4378 (ιθ.

170 4392 253 4466 pilos,
270 4391 400 4462 plumam.
420 4403 535 4460 Pesssstss,
556 4403 694 4459 squamis·
716 4389 816 4446 vellera
833 4406 840 4447 ι
855 4400 968 4450 truncos
1022 4400 1144 4471 spiraret
1158 4400 1256 4467 homo:
1273 4401 1339 4457 dum
1354 4402 1455 4460 uullios
1468 4405 1639 4463 subditorum
1652 4411 1817 4469 servitioin-

173 4482 263 4548 etiam,
280 4479 323 4537 vel
344 4479 466 4544 arborea,
487 4478 589 4534 cortice
607 4477 743 4534 interdum
763 4480 873 4553 gemiuo
887 4498 902 4537 ε
916 4482 966 4538 iri·
980 4464 1008 4526 D
1021 4489 1137 4561 digeret.
1151 4490 1230 4546 Nunc
1243 4505 1308 4546 vero
1317 4490 1398 4561 bujua
1412 4493 1451 4549 rei
1465 4495 1554 4566 gralia
1569 4512 1619 4568 per
1632 4497 1742 4571 singula
1755 4516 1818 4572 quse

173 4571 285 4644 gotthus
300 4575 326 4624 el
341 4567 537 4624 ⁰³10rellll⁸lil
552 4585 559 4622 ³
575 4565 716 4623 hOminem
729 4575 844 4638 lanium,
860 4579 889 4626 ul
902 4570 968 4627 diti·
1021 4577 1100 4634 nobis
1119 4578 1264 4652 subjugata
1278 4584 1359 4648 suul;
1379 4581 1461 4652 hujus
1480 4583 1544 4640 vitae
1564 4584 1695 4642 utilitates
1709 4587 1821 4661 disper·

173 4654 969 4731 mus,uuduminnudahomonetalidieabjicit,advsgitus
1022 4663 1078 4719 titas
1092 4666 1169 4729 sunl;
1184 4667 1214 4718 ut
1232 4664 1415 4720 necessarium
1436 4667 1516 4723 nobis
1539 4668 1576 4725 sit
1590 4669 1745 4742 imperium,
1767 4690 1821 4745 quo

174 4747 265 4803 statim
276 4754 302 4802 el
309 4745 442 4817 ploratum
452 4765 461 4813 ,·
472 4743 634 4814 nullumque
640 4744 758 4800 aliudtot
767 4746 924 4802 animalium
932 4748 968 4804 ad
1021 4766 1103 4822 super
1115 4751 1161 4807 illa
1175 4756 1304 4807 naturam
1318 4753 1468 4811 humanam
1481 4756 1640 4815 sublimarit
1654 4761 1738 4817 Deus.
1749 4764 1821 4819 Tar·

173 4837 320 4907 lacrymas,
331 4841 357 4889 et
368 4835 417 4888 bas
426 4833 560 4904 protinus,
571 4831 693 4889 inlucem
704 4834 798 4890 edidit.
807 4835 886 4893 Solus
896 4837 969 4910 quip
1022 4839 1092 4896 ditas
1101 4856 1220 4911 namque
1232 4843 1358 4914 corporis
1371 4847 1471 4901 nostras
1484 4850 1513 4900 et
1524 4845 1559 4901 ad
1579 4849 1747 4906 movendum
1764 4852 1823 4908 dii·

173 4942 210 4997 pe
226 4925 255 4979 in
266 4922 395 4978 omnibus
410 4921 528 4993 unuquis
539 4921 582 4978 vel
592 4922 746 4977 recentibus
762 4923 878 4980 historiis
890 4933 969 4982 natus
1021 4927 1136 4996 ficullas,
1150 4945 1254 5001 equum
1274 4930 1326 4985 sibi
1347 4931 1452 4988 servire
1471 4933 1617 5006 imperavit
1635 4940 1662 4992 et
1683 4938 1820 4999 edomuitl

173 5030 232 5071 esso
247 5012 337 5068 ridens
349 5009 459 5081 legitur,
474 5011 638 5078 Zoroastres,
657 5008 784 5067 inventor
798 5013 912 5085 magiae
926 5029 970 5071 ar·
1022 5017 1139 5075 Rursum
1160 5018 1214 5074 alis
1233 5018 1364 5075 animalia
1387 5020 1543 5090 bajulandis
1565 5025 1696 5082 oneribus
1721 5029 1822 5100 subju·

173 5103 208 5158 tis
225 5120 231 5156 :
247 5099 374 5157 videlicet
388 5098 547 5154 utiniausto
567 5105 629 5154 ortu
648 5106 675 5155 ει
691 5099 836 5156 innaturali
850 5117 970 5174 appara·
1023 5106 1111 5178 gavit.
1129 5106 1226 5162 Carnis
1240 5107 1347 5164 nuditas
1366 5111 1551 5167 necessarium
1576 5113 1641 5170 lacit
1658 5114 1753 5173 ovium
1769 5119 1823 5176 do·

173 5200 215 5249 ret
236 5187 374 5255 notabilis,
399 5187 446 5258 qui
464 5190 619 5243 naturarum
639 5189 822 5245 communium
846 5191 970 5249 inlaustis
1024 5195 1170 5251 minatum.
1189 5197 1230 5251 Ne
1248 5197 1361 5253 herbam
1386 5202 1416 5253 ut
1434 5198 1483 5255 bos
1502 5201 1668 5271 comederet,
1684 5204 1719 5261 ad
1741 5211 1823 5266 terrm

174 5288 278 5344 artibus
297 5284 402 5341 iuturus
423 5291 482 5340 erat
508 5283 692 5358 impugnator.
712 5287 818 5344 Deinde
840 5290 970 5348 miserum
1025 5292 1157 5351 culturam
1172 5292 1229 5366 ipse
1243 5294 1298 5350 sibi
1312 5294 1769 5370 boremsubjugavit.Habeletiam
1777 5322 1824 5364 oa·

175 5384 324 5451 honinem,
340 5389 368 5437 ut
383 5381 409 5436 in
429 5397 564 5439 carcerem
580 5397 610 5437 se
632 5382 725 5439 datum
747 5384 889 5461 intelligat,
913 5396 971 5444 sta·
1024 5408 1098 5461 nem,
1114 5400 1142 5449 et
1156 5397 1250 5449 contra
1261 5391 1507 5451 lerocesetnoxias
1521 5396 1623 5454 bestias
1636 5403 1712 5473 quasi
1727 5403 1823 5463 virum

175 5482 222 5537 tim
236 5479 344 5540 vincula
357 5478 502 5552 excipiunt,
524 5487 552 5537 et
571 5480 693 5537 omnium
713 5484 899 5543 membrorum
918 5505 971 5546 ne·
1026 5490 1171 5564 quemdam
1189 5490 1322 5565 gladium,
1343 5495 1370 5547 el
1397 5492 1524 5550 nocturni
1546 5496 1636 5553 somni
1655 5501 1821 5572 custodem3

171 5595 228 5637 xus
243 5599 251 5639 ι
267 5586 365 5654 prater
377 5576 468 5637 solum
476 5578 616 5636 oculorm
636 5581 736 5640 etoris
753 5582 882 5659 odicium,
896 5588 971 5662 quod
1025 5603 1160 5648 cornuum
1185 5600 1254 5648 uero
1277 5589 1337 5647 scie
1353 5593 1383 5646 et
1407 5589 1539 5664 unguium
1562 5594 1691 5654 momine
1715 5596 1823 5661 farrum
