3728 6000
50 266 53 271 '
150 261 202 318 919

644 256 677 312 D.
699 253 827 311 stenar
847 251 1073 310 senonasrtct
1094 249 1302 308 laoniensis

1692 228 1696 235 '
1750 244 1803 296 aaa

152 390 213 448 aliis
248 390 398 447 exhibeant
432 388 510 446 Unde
533 381 654 440 Isidorus
677 382 788 434 blesano
812 374 1152 448 episcopo,Acolleginm
1195 373 1322 429 Ecclesiae
1367 380 1470 445 septem
1514 377 1592 434 aunis
1634 375 1803 450 projicitur·

156 497 221 552 cap.
242 481 291 535 to:
311 503 322 528 r
340 478 468 534 Veniente
483 474 518 529 ad
530 487 582 527 nos
598 469 700 525 lamule
715 476 806 522 vestro
821 466 951 539 religioso

155 569 213 625 viro
228 568 343 631 Nicetio,
359 566 431 636 quod
447 566 649 630 consequenter
670 558 697 611 in
713 556 834 629 epistolis
854 554 952 609 trater-

155 658 226 712 nitas
241 665 328 712 vestra
351 650 517 710 venerabilis
545 646 685 702 innotuit:
706 645 777 700 nulla
793 651 834 699 est
856 642 884 697 in
900 644 952 697 hu-

154 745 275 817 jusmodi
302 741 444 798 sententiis
473 736 619 794 diversitas
650 732 836 804 intelligenda.
876 731 955 801 Quod

157 833 220 890 alibi
240 833 339 904 legitur
354 831 425 886 idern
451 830 478 883 in
501 841 605 883 ennena
624 822 815 896 anquiritano,
833 837 892 892 eap.
912 822 954 885 te,
978 860 981 864 ›

158 930 221 995 pest
256 919 361 992 lapsum
393 916 564 987 corporalem
601 910 808 967 restaurandum
843 909 955 963 honoria

158 1009 271 1085 gradum
295 1024 344 1079 per
368 1004 568 1077 poenitentiam.
597 1000 668 1056 abbi
689 1015 754 1055 vero
780 998 880 1070 legitur
906 1012 956 1068 per

158 1096 312 1168 hujusmodi
327 1094 456 1151 delictum
471 1106 641 1162 nequaquam
661 1088 839 1160 reparandum
854 1084 957 1156 antiqui

68 1180 71 1185 ’
159 1186 265 1243 ordinis
289 1185 425 1240 meritum.
444 1183 507 1237 ilaee
531 1181 602 1235 eninr
629 1178 775 1233 diversitas
798 1178 849 1232 lroc
874 1174 956 1231 modo

161 1273 342 1345 distinguitur.
368 1271 431 1326 lllos
467 1269 538 1324 enim
564 1268 599 1323 ad
624 1267 728 1339 primos
748 1264 829 1320 officii
853 1263 958 1337 gradus

160 1363 252 1418 redire
274 1360 394 1432 precipit
413 1373 510 1423 canon,
538 1371 605 1427 quos
630 1353 795 1425 paenitentiae
819 1350 959 1422 praecessit

161 1451 319 1515 satisfactio,
335 1448 379 1504 vet
393 1447 478 1519 digna
492 1454 661 1516 peccatorum
676 1442 824 1498 confessio.
839 1443 871 1495 tlt
887 1454 958 1495 con-

162 1546 204 1596 tra
218 1539 244 1594 bi
260 1538 305 1609 qui
328 1551 416 1608 neque
439 1551 455 1589 a
477 1534 543 1589 vitio
564 1531 748 1603 corruptionis
767 1529 957 1593 emendantur,

162 1634 242 1699 utque
257 1630 310 1684 hoe
325 1627 414 1696 ipsum
439 1623 550 1679 carnale
569 1621 696 1677 delictum
719 1618 790 1691 quod
812 1618 960 1673 admittunt

1006 472 1033 520 et
1055 479 1104 534 ρετ
1123 462 1344 518 emundationem
1365 464 1493 521 vitiorum
1521 466 1576 522 loci
1596 466 1655 522 sire
1683 465 1805 537 pristina

1007 551 1148 624 dignitatis
1161 551 1255 622 recipit
1270 551 1405 607 meritum.
1425 576 1436 601 a
1453 554 1488 609 Et
1512 561 1574 626 post
1594 570 1680 625 pauca
1696 572 1704 609 ε
1720 578 1732 602 ·
1751 554 1803 622 Qui

1008 655 1073 696 vere
1088 655 1140 697 nec
1155 641 1304 712 lugetque
1325 642 1421 713 gessit,
1436 643 1486 698 sed
1513 643 1633 715 lugenda
1649 642 1804 710 committit,

1007 745 1062 784 non
1077 729 1207 800 potestnd
1223 728 1362 798 pristinum
1378 730 1496 800 gradum
1513 732 1665 788 restaurari.
1684 753 1696 783 ι

1045 818 1111 874 Cum
1125 833 1191 873 vero
1206 817 1301 872 beatus
1324 819 1444 874 isidorus
1466 820 1534 876 duas
1558 829 1717 878 sanctorum
1740 838 1804 875 sen-

1009 906 1107 962 tentias
1128 905 1282 960 authentice
1303 914 1330 961 et
1357 907 1553 964 rationabiliter
1576 909 1761 975 discrevisset,
1778 917 1806 965 ut

1009 994 1166 1049 ostenderet
1179 1003 1205 1049 et
1221 996 1270 1049 has
1285 1003 1311 1049 et
1324 1004 1448 1062 caeteras,
1464 1012 1513 1066 pro
1532 998 1659 1068 persona,
1673 1013 1723 1070 pro
1738 1004 1806 1053 tem·

1010 1097 1085 1154 pore,
1109 1083 1179 1155 juste
1201 1092 1227 1138 et
1249 1083 1350 1139 utiliter
1374 1101 1433 1140 esse
1456 1085 1660 1153 discernendas,
1685 1086 1805 1156 adjecit:

1014 1172 1070 1225 ‹ln
1087 1170 1140 1227 line
1162 1172 1241 1241 hujus
1263 1172 1385 1244 epistolae
1410 1175 1461 1229 boc
1479 1173 1664 1244 adjiciendum
1689 1176 1805 1247 putari:

1012 1259 1123 1329 Quoties
1143 1260 1244 1316 discors
1271 1262 1407 1318 sententia
1427 1262 1575 1334 invenitur,
1601 1264 1672 1319 illios
1699 1264 1807 1320 concilii

1012 1350 1100 1421 magis
1113 1356 1238 1404 tencatur
1256 1351 1400 1420 sententio,
1416 1352 1494 1423 cujus
1516 1353 1655 1424 antiquior
1670 1363 1696 1409 et
1720 1353 1808 1424 potior

1012 1445 1101 1493 exstat
1121 1439 1274 1494 auctoritas.
1303 1464 1313 1487 r
1338 1441 1479 1510 Antiquior
1500 1441 1568 1496 dixit
1593 1442 1626 1495 ad
1655 1442 1806 1510 veritatem,

1012 1528 1103 1597 potior
1130 1527 1164 1582 ad
1191 1528 1346 1584 utilitatem.
1380 1529 1447 1585 Cum
1473 1545 1539 1602 ergo
1568 1530 1662 1585 beatus
1687 1530 1807 1586 isidorus

1014 1623 1088 1671 notet
1102 1616 1174 1688 angli
1189 1615 1381 1672 candelabrum
1406 1634 1467 1674 csse
1488 1619 1655 1688 novendum,
1670 1636 1724 1674 non
1745 1620 1807 1690 quia

162 1717 243 1773 etiam
267 1715 407 1772 vindicare
434 1710 552 1782 quadam
589 1709 778 1780 superstitiosa
805 1709 959 1761 temeritate
973 1724 1001 1786 Β
1015 1704 1147 1776 peccavit,
1165 1705 1211 1759 sed
1227 1705 1280 1760 nisi
1297 1707 1483 1776 paenitentiam
1499 1707 1592 1781 egerit,
1616 1707 1686 1764 bene
1705 1708 1808 1764 accedit

164 1806 294 1871 nituntur,
316 1818 366 1858 nec
387 1802 503 1873 gradum
524 1799 618 1871 utique
639 1797 759 1863 nonoris,
773 1811 824 1851 nee
845 1795 958 1868 gratiani
1015 1792 1051 1849 ad
1065 1793 1187 1848 ordinem
1211 1794 1372 1850 canonicum
1395 1803 1423 1851 ut
1443 1796 1518 1867 prius
1536 1796 1715 1852 admoncatur
1741 1814 1808 1869 pree·

163 1892 360 1951 communionis
379 1890 527 1960 recipiunt.
548 1885 673 1960 Ergoitu
696 1893 737 1941 eat
759 1894 872 1955 utraque
896 1881 962 1936 diri·
1015 1882 1085 1937 latus
1112 1895 1128 1937 a
1158 1881 1290 1952 subditis;
1319 1892 1344 1938 et
1372 1885 1394 1938 si
1422 1884 1616 1956 incorrigibilia
1642 1886 1806 1957 apparuerit,

165 1982 265 2038 menda
289 1979 434 2043 sententia,
456 1984 485 2032 ut
504 1992 615 2033 necesse
639 1975 673 2030 sit
691 1975 751 2029 illos
770 1971 913 2028 restaurari
933 1971 961 2024 in
1015 1978 1119 2026 tuneut
1134 1973 1477 2029 morenturcandelabrum
1493 1973 1600 2042 ejusde
1621 1973 1682 2030 loeo
1703 1990 1751 2031 suo
1767 1992 1808 2030 ac·

164 2071 224 2127 loco
239 2070 358 2136 lionoris,
380 2067 425 2141 qui
446 2081 494 2137 per
513 2064 696 2139 poenitentium
717 2062 880 2118 reconciliati
900 2068 962 2114 saint
1015 2066 1136 2128 cusator,
1152 2067 1179 2116 et
1190 2060 1343 2128 damnetur,
1359 2061 1421 2132 quia
1437 2062 1472 2117 ita
1498 2063 1569 2117 Dens
1584 2064 1706 2134 praecipit
1720 2070 1747 2118 et
1761 2065 1810 2118 mi·

164 2159 262 2215 divinae
298 2157 405 2229 pietati.
437 2156 470 2211 Hi
508 2152 724 2210 necimmerito
761 2152 963 2220 consequuntur
1016 2149 1485 2205 natur.Cameninrhumannmsit
1509 2152 1809 2223 peccare,diabolieum

33 2226 37 2233 ¹
62 2278 65 2285 ·
165 2249 271 2319 adeptae
299 2246 437 2319 dignitatis
465 2252 574 2311 statum,
595 2242 640 2315 qui
670 2257 719 2313 per
742 2238 961 2295 emendationem
1017 2253 1203 2308 perseverare,
1220 2238 1332 2310 dignum
1348 2247 1430 2293 estut
1450 2240 1501 2294 nisi
1517 2242 1588 2311 quod
1605 2246 1753 2298 bumanum
1769 2249 1809 2297 est

166 2335 303 2407 recepisse
319 2342 469 2391 noscuntur
483 2334 546 2388 ritae
564 2331 724 2387 remedium.
740 2326 865 2383 Ezechiel
888 2325 960 2380 enim
1015 2327 1175 2398 corrigatur,
1197 2327 1268 2398 quod
1291 2328 1454 2384 diabolicum
1479 2338 1520 2385 est
1550 2331 1686 2402 puniatur.
1711 2331 1764 2389 Sed
1783 2337 1808 2387 et

167 2425 299 2496 propbeta
314 2424 364 2478 sub
380 2432 444 2494 typo
459 2420 683 2494 praevaricatricis
703 2417 855 2474 Jerusalem
873 2424 961 2470 osten·
1016 2415 1110 2470 beatus
1120 2415 1268 2488 Gregorius
1283 2417 1389 2472 Isidoro
1412 2419 1581 2474 concordans
1602 2420 1629 2474 in
1648 2420 1810 2476 discretione

165 2513 205 2568 dit
220 2527 269 2584 per
282 2513 470 2583 poenitentiam
486 2510 631 2581 pristinum
654 2507 801 2563 restaurari
817 2507 959 2559 honorem.
1015 2504 1184 2560 diversarum
1208 2506 1411 2573 sententiarum,
1427 2507 1464 2561 ait
1489 2507 1644 2563 Secundino
1659 2525 1739 2564 serso
1761 2509 1809 2564 Dei

166 2600 356 2673 contundere,
370 2600 464 2670 inquit,
481 2617 497 2654 o
521 2597 605 2666 tuda,
621 2603 649 2654 et
667 2602 752 2670 porta
775 2594 961 2666 ignominium
1015 2592 1130 2657 recluso,
1146 2608 1206 2663 cap.
1222 2595 1274 2648 22!
1296 2594 1493 2666 (lib.1x,epist.
1507 2599 1568 2666 5²l²
1588 2618 1599 2648 r
1613 2597 1810 2671 legissespdq.

164 2695 244 2746 tauta
260 2690 370 2758 (areeri.
387 2705 442 2754 xri,
459 2688 513 2758 52).
530 2687 563 2741 lit
583 2691 646 2757 post
661 2684 797 2755 paululum
815 2684 867 2737 :lit
887 2687 918 2737 tu
933 2685 962 2737 et
1015 2682 1055 2737 eis
1068 2682 1230 2737 sacerdotati
1245 2681 1334 2738 officio
1349 2699 1482 2739 canonum
1506 2685 1626 2741 diversas
1646 2696 1809 2752 sentent.as;

160 2777 542 2849 fitioeuestreerevertt'mini
561 2776 597 2831 nd
616 2775 820 2847 antiquitatem
839 2776 961 2828 uestram
1015 2770 1081 2825 alias
1108 2778 1171 2841 post
1196 2770 1302 2840 lapsum
1335 2773 1508 2845 resurgendi,
1542 2775 1607 2829 alias
1637 2791 1809 2848 nequaquam

164 2867 253 2937 (trid,
265 2867 320 2934 55).
331 2866 413 2937 Ergo,
427 2866 494 2920 dum
512 2864 634 2935 quisquis
643 2879 691 2933 per
707 2877 775 2933 epus
792 2858 962 2916 contusionis
1017 2875 1108 2930 posse.
1129 2859 1185 2913 Nos
1200 2875 1267 2932 ergo
1282 2861 1562 2935 generalissimaque
1578 2879 1594 2918 a
1617 2864 1731 2920 Nieaeno
1750 2866 1812 2922 inci·

165 2954 511 3025 suaeeonsunditur,atque
536 2951 711 3025 ignominiam
732 2967 806 3004 suam
827 2955 961 3020 portat,et
1016 2949 1093 3020 piuut
1123 2948 1238 3004 concilia
1261 2965 1323 3004 curn
1351 2949 1463 3022 reliquis
1495 2960 1609 3024 quatuor
1634 2970 1810 3022 veneramur:

164 3043 364 3116 depositionem
384 3058 461 3098 suem
476 3042 552 3113 luget
571 3058 631 3097 cum
655 3040 819 3105 humilitate,
836 3039 960 3094 revocari
1018 3037 1079 3108 quia
1094 3052 1143 3106 ρετ
1157 3036 1216 3106 ipsa
1232 3039 1408 3108 sequentibus
1434 3043 1575 3096 unanimes
1595 3044 1810 3100 concordemus.

165 3132 315 3189 seeundum
339 3132 501 3204 prophetam
525 3131 559 3186 ad
578 3132 697 3203 priorem
731 3137 828 3183 statum
852 3127 962 3198 poterit,
1017 3125 1143 3196 Aeapite
1159 3141 1226 3197 ergo
1241 3125 1401 3197 incipientes
1418 3131 1546 3199 usquein
1568 3141 1693 3202 quartum
1719 3133 1812 3189 altaris

166 3223 234 3278 ilem
262 3221 384 3276 loannes
402 3220 565 3292 evangelista
585 3218 683 3292 angelo
706 3218 808 3288 Ephesi
836 3216 964 3271 Ecclesiae
1019 3213 1169 3269 irrinistrum
1186 3214 1386 3270 hanelormam
1409 3218 1711 3286 servandam,utsicut
1730 3223 1812 3279 mino·

167 3315 239 3372 iuter
252 3316 353 3369 caetera
368 3310 486 3365 scribit:
505 3310 676 3367 memoresto
688 3306 764 3362 ande
778 3305 924 3369 cecideris,
937 3308 964 3360 et
1018 3319 1076 3356 rem
1092 3303 1179 3370 major
1202 3304 1331 3372 precedit
1352 3305 1378 3359 in
1400 3308 1512 3373 bonore,
1525 3308 1560 3362 ita
1583 3317 1609 3363 et
1632 3309 1661 3363 in
1678 3311 1811 3366 crimine:

166 3423 216 3479 cpe
236 3401 452 3481 penitentiam,
471 3404 498 3455 et
518 3400 613 3470 prima
636 3413 720 3469 opere
744 3398 813 3466 tae:
833 3393 964 3465 alioquin
1018 3400 1145 3462 ecquem
1168 3392 1257 3462 major
1277 3394 1398 3464 sequitur
1428 3396 1518 3472 culpa,
1543 3397 1639 3466 majori
1661 3398 1813 3470 implicetur

168 3481 965 3557 vertiamtibi,etmorcboecntlelubramteumdelueostro
1019 3480 1146 3548 vindicta,
1173 3488 1200 3534 ut
1221 3490 1282 3552 post
1303 3485 1486 3553 poenitentium
1517 3487 1642 3542 credatur
1671 3505 1733 3544 csse
1761 3489 1813 3544 tru-

167 3570 966 3657 (Apoeuqb).»Etpostpaucm«Candelabrumsaeerdo
1020 3576 1123 3624 ctuosa.
1154 3568 1224 3638 Quid
1243 3570 1314 3625 eninr
1341 3570 1452 3643 prodest
1477 3575 1592 3630 triticum
1625 3577 1762 3633 seminare
1789 3585 1816 3634 et

168 3669 283 3742 tisquod
293 3660 967 3737 intelligiturcbrisnrahonoristuncpenitusjusta
1021 3658 1136 3713 smctum
1152 3658 1222 3712 illius
1236 3675 1289 3715 uon
1303 3661 1455 3733 colligere?
1466 3672 1512 3718 aur
1532 3665 1643 3720 ,imnum
1658 3674 1812 3722 coffinum

171 3761 303 3814 ioannem
320 3763 453 3819 movetur,
470 3751 578 3823 quaudo
603 3762 664 3822 post
685 3749 776 3805 delicti
800 3765 894 3805 cusum
917 3764 968 3802 ne·
1021 3755 1047 3800 et
1062 3745 1133 3800 illam
1155 3762 1209 3801 noa
1229 3747 1373 3804 babitare?
1390 3751 1452 3806 l'ost
1475 3753 1587 3824 dignam
1608 3755 1692 3827 igitur
1712 3757 1814 3811 satista-

171 3846 260 3918 glecta
287 3841 447 3914 poeuitentie
473 3840 598 3894 admisse
622 3838 725 3895 scelera
745 3854 797 3892 non
826 3836 964 3891 delentur.
1022 3836 1141 3890 ctionem
1156 3836 1295 3891 eredimus
1309 3838 1399 3894 redire
1414 3842 1688 3909 posseadlronorcm,
1701 3845 1814 3900 Domino

172 3935 237 3990 Non
253 3931 325 3987 enim
340 3929 419 3994 dixit,
435 3944 484 4000 pro
500 3945 532 3983 eo
545 3927 616 4000 quod
636 3926 759 3984 cecidisti
774 3924 891 3981 movebo
906 3940 971 3977 ean·
1023 3923 1129 3979 dicente
1139 3939 1145 3978 :
1157 3924 1490 3999 ttunqutequicuuttnon
1501 3931 1616 4002 adjiciet
1626 3936 1658 3987 ut
1669 3936 1815 4004 resurgat?

173 4021 333 4083 delubrum;
356 4018 413 4085 sed,
437 4016 488 4071 nisi
517 4015 702 4087 poeuitentiam
729 4013 827 4086 egeris,
855 4013 972 4067 movebo
1024 4013 1812 4086 (Psalmi,9.)thuiouersaaestnenreverteturtter.

173 4107 371 4166 caudelabrum
390 4115 475 4162 tuum.
493 4106 567 4178 Ergo
582 4119 771 4175 quemcunque
796 4101 970 4173 prepositura
1025 4116 1083 4166 vrn,
1100 4100 1138 4172 l).
1155 4102 1220 4156 item
1239 4120 1245 4155 ε
1264 4104 1437 4178 Quocunque
1455 4107 1498 4165 dle
1520 4109 1702 4180 incarnandi,
1725 4113 1817 4167 eatam

174 4205 331 4271 peccantem
356 4195 378 4249 si
399 4195 562 4266 praerenerit
583 4192 743 4266 paenitentia
764 4191 864 4255 delicti,
881 4191 973 4262 utique
1025 4191 1081 4244 erit
1103 4192 1168 4252 (iau.
1194 4207 1264 4257 xxx,
1291 4194 1347 4263 15).
1372 4195 1451 4251 Unde
1476 4205 1502 4252 et
1521 4197 1666 4253 Psalmista
1686 4199 1746 4254 ait:
1771 4199 1819 4258 Cor

175 4294 306 4360 sequetur
332 4291 358 4341 et
389 4285 525 4354 reparatio
554 4281 655 4336 meriti.
680 4280 764 4338 Utin
792 4278 972 4351 proverbiis:
1026 4278 1819 4358 mandamerecinirre,licus,etspiritunrrectnrninnouu

180 4377 233 4447 Qui
242 4373 391 4431 circandit
406 4371 514 4427 scelera
528 4387 588 4429 auu,
601 4385 658 4425 non
673 4371 818 4442 diripitur
829 4388 838 4433 5
850 4371 898 4440 qui
912 4384 974 4424 τετυ
1026 4367 1222 4423 invisceratus
1238 4372 1371 4429 metelle
1389 4375 1523 4446 projicias
1538 4392 1610 4432 nien
1627 4378 1702 4448 tucia
1717 4382 1780 4445 tac,
1795 4380 1820 4434 et

178 4467 324 4536 consessas
334 4462 436 4533 tuerit,
453 4464 481 4516 et
494 4460 676 4530 dereliquerit
690 4475 733 4526 ca,
748 4457 971 4514 misericordiam
988 4440 1014 4502 D
1029 4457 1167 4527 Spiritum
1183 4464 1316 4515 venetum
1328 4466 1410 4517 tuam
1426 4466 1585 4535 necuter-as
1595 4482 1612 4520 a
1623 4482 1667 4521 me
1681 4465 1777 4537 (Psat.
1796 4483 1819 4531 u,

178 4555 367 4624 consequetur
387 4552 466 4606 Pron.
484 4566 511 4617 u,
530 4550 583 4618 13).
602 4571 613 4594 r
631 4548 665 4602 Et
680 4554 739 4617 pust
756 4561 858 4616 pauca:
876 4567 887 4591 υ
903 4545 974 4599 Nam

180 4649 207 4697 et
221 4641 310 4712 ipsum
325 4653 405 4708 quem
421 4652 556 4692 canonum
572 4651 686 4692 censura
700 4643 760 4706 post
774 4641 877 4705 septem
890 4647 976 4687 annos

180 4745 303 4785 remeare
318 4742 368 4798 per
389 4726 573 4796 poenitentiem
596 4725 623 4779 in
647 4732 745 4779 statum
769 4722 912 4795 pristinum
933 4721 976 4776 de·

179 4817 274 4883 crevit,
291 4831 347 4870 non
363 4815 415 4870 boc
435 4830 469 4869 ex
495 4814 603 4886 proprio
625 4813 737 4867 arbitrio
761 4811 847 4867 sancti
870 4812 974 4877 Patres,

177 4906 225 4963 setl
254 4905 345 4975 patius
374 4919 409 4958 ex
442 4903 573 4957 scatentia
597 4901 681 4955 divini
703 4901 798 4970 judicii
819 4907 976 4955 sanxerunt.

178 4997 246 5051 Nam
263 4992 363 5064 legitur
383 4991 454 5061 quod
476 4990 562 5045 bieria
583 5004 659 5044 soror
679 4993 767 5043 Aaron
792 4995 904 5060 propter
924 4988 974 5041 ‹le-

178 5079 317 5139 tmetionis
332 5079 458 5136 delictum
477 5079 552 5150 lepra
568 5091 702 5149 percussa
717 5084 767 5132 est.
779 5077 812 5130 Et
835 5084 862 5129 ut
884 5091 975 5130 ennun-

179 5183 302 5249 daretur,
327 5177 455 5252 pracepit
480 5192 538 5230 conr
560 5176 634 5231 Deua
652 5182 756 5246 septem
778 5172 875 5229 diebus
897 5180 975 5228 extra

179 5287 268 5336 castra
283 5277 388 5351 egredi,
406 5284 431 5331 et
456 5283 517 5346 pest
536 5275 756 5331 emundationem
772 5289 864 5329 rursus
885 5272 911 5327 in
934 5288 976 5328 ca-

178 5378 242 5432 stris
256 5376 372 5433 admitti.
391 5375 474 5430 lloria
490 5389 557 5446 ergo
581 5390 661 5431 soror
682 5378 769 5430 Aaron
787 5389 849 5428 caro
874 5371 975 5427 inteili-

179 5472 252 5544 gitur
272 5471 431 5537 sacerdotis,
453 5486 513 5541 quar
534 5471 598 5524 dum
616 5470 818 5540 corruptionum
845 5468 978 5540 contagiis

28 5554 31 5563 ¹
179 5568 341 5642 maculatur,
356 5577 433 5626 extra
447 5576 539 5626 castra
557 5576 659 5640 septem
674 5568 782 5639 dicbus,
797 5567 880 5624 idest
898 5573 976 5624 extra

1030 4544 1086 4611 li).
1107 4546 1176 4600 Dum
1191 4547 1263 4602 enim
1280 4550 1354 4620 petiit
1370 4568 1403 4605 ne
1418 4569 1432 4605 a
1447 4553 1564 4609 Dorrrino
1579 4554 1761 4624 projiceretur
1776 4569 1821 4626 pro

1029 4630 1108 4702 lapsu
1123 4636 1208 4706 eulpae
1218 4638 1401 4706 paenitentiam
1410 4641 1616 4713 agens,addidit
1629 4660 1636 4696 ε
1647 4643 1739 4700 redde
1754 4644 1823 4700 mibi

1030 4721 1160 4777 laetitiam
1170 4727 1306 4783 salutaris
1319 4730 1371 4795 tut,
1382 4732 1520 4802 etspirita
1528 4733 1680 4803 priareipali
1688 4733 1824 4802 corrfirnm

1030 4825 1075 4865 me
1097 4811 1188 4879 (iiia,
1204 4815 1257 4884 rt).
1282 4817 1309 4871 si
1331 4818 1404 4872 eninr
1429 4819 1539 4891 dignam
1560 4820 1617 4876 Dee
1639 4821 1823 4891 pteuitentiarn

1031 4913 1086 4952 non
1117 4900 1253 4957 lecisset:
1283 4922 1452 4977 nequaquam
1482 4907 1552 4963 alitis
1581 4909 1752 4979 praedicaret.
1784 4909 1825 4966 ait

1031 4987 1117 5040 eninr,
1132 4988 1233 5047 tluceto
1243 4993 1354 5066 iniquos
1367 4997 1425 5050 nivis
1437 5003 1511 5064 tuas,
1523 5002 1550 5054 et
1565 4999 1647 5071 impii
1665 4999 1701 5054 od
1718 5003 1745 5056 tc
1757 5015 1823 5056 eorr-

1031 5077 1280 5147 vertentur-(trid,
1295 5082 1345 5152 tat.
1364 5083 1434 5139 Dum
1446 5087 1519 5141 eninr
1534 5095 1702 5158 peccatasua
1713 5103 1824 5160 prospe·

1031 5173 1069 5226 xit
1083 5174 1211 5231 mundata
1225 5193 1273 5247 ρετ
1287 5181 1482 5250 paenitentiam,
1498 5200 1552 5238 non
1576 5184 1707 5239 dubitavit
1730 5200 1824 5240 curare

1030 5272 1207 5342 praedicando
1226 5276 1313 5332 aliena
1338 5290 1391 5336 :et
1421 5281 1582 5338 sacrificium
1609 5286 1644 5339 de
1675 5284 1824 5354 semetipso

1032 5369 1089 5426 Deo
1104 5370 1201 5428 otierre
1217 5374 1329 5441 studuit,
1345 5392 1406 5432 cunr
1430 5379 1559 5436 dicebat:
1576 5382 1758 5451 Sacrificium
1773 5383 1824 5438 Deo

1030 5468 1150 5538 spiritus
1161 5472 1372 5529 contribulatus
1387 5475 1476 5545 (ibid,
1491 5475 1545 5546 19).
1561 5499 1572 5523 r

1067 5564 1134 5621 Cum
1167 5585 1233 5641 enge
1265 5571 1458 5643 Hieronymus,
1484 5570 1613 5641 Calixtus,
1648 5571 1821 5646 Augustinus,
