<?xml version="1.0" encoding="UTF-8"?>
<!DOCTYPE html PUBLIC "-//W3C//DTD XHTML 1.0 Transitional//EN"
    "http://www.w3.org/TR/xhtml1/DTD/xhtml1-transitional.dtd">
<html xmlns="http://www.w3.org/1999/xhtml" xml:lang="en" lang="en">
 <head>
  <title>
</title>
<meta http-equiv="Content-Type" content="text/html;charset=utf-8" />
  <meta name='ocr-system' content='tesseract 3.04.00' />
  <meta name='ocr-capabilities' content='ocr_page ocr_carea ocr_par ocr_line ocrx_word'/>
</head>
<body>
  <div class='ocr_page' id='page_1' title='image "./patrologiaecurs13unkngoog_0412.png"; bbox 0 0 3704 6000; ppageno 0'>
   <div class='ocr_carea' id='block_1_1' title="bbox 85 95 140 153">
    <p class='ocr_par' dir='ltr' id='par_1_1' title="bbox 85 95 140 153">
     <span class='ocr_line' id='line_1_1' title="bbox 85 95 140 153; baseline 0.091 -5"><span class='ocrx_word' id='word_1_1' title='bbox 85 95 140 153; x_wconf 73' lang='lat'><strong>8¹3</strong></span> 
     </span>
    </p>
   </div>
   <div class='ocr_carea' id='block_1_2' title="bbox 699 101 1201 177">
    <p class='ocr_par' dir='ltr' id='par_1_2' title="bbox 699 101 1201 177">
     <span class='ocr_line' id='line_1_2' title="bbox 699 101 1201 177; baseline 0.032 -18"><span class='ocrx_word' id='word_1_2' title='bbox 699 101 745 161; x_wconf 82' lang='lat' dir='ltr'><strong>DE</strong></span> <span class='ocrx_word' id='word_1_3' title='bbox 766 105 1011 171; x_wconf 75' lang='lat' dir='ltr'><strong>stcflabta&#39;ttro.</strong></span> <span class='ocrx_word' id='word_1_4' title='bbox 1029 146 1062 158; x_wconf 89' lang='lat'><strong>···</strong></span> <span class='ocrx_word' id='word_1_5' title='bbox 1082 118 1146 175; x_wconf 81' lang='lat' dir='ltr'><strong>tta.</strong></span> <span class='ocrx_word' id='word_1_6' title='bbox 1166 115 1201 177; x_wconf 88' lang='lat' dir='ltr'><strong>tt.</strong></span> 
     </span>
    </p>
   </div>
   <div class='ocr_carea' id='block_1_3' title="bbox 1689 139 1742 195">
    <p class='ocr_par' dir='ltr' id='par_1_3' title="bbox 1689 139 1742 195">
     <span class='ocr_line' id='line_1_3' title="bbox 1689 139 1742 195; baseline 0.057 -3"><span class='ocrx_word' id='word_1_7' title='bbox 1689 139 1742 195; x_wconf 78' lang='lat' dir='ltr'><strong>att</strong></span> 
     </span>
    </p>
   </div>
   <div class='ocr_carea' id='block_1_4' title="bbox 84 222 1739 322">
    <p class='ocr_par' dir='ltr' id='par_1_4' title="bbox 84 222 1739 322">
     <span class='ocr_line' id='line_1_4' title="bbox 84 222 1739 322; baseline 0.026 -43"><span class='ocrx_word' id='word_1_8' title='bbox 84 238 144 280; x_wconf 74' lang='lat' dir='ltr'><strong>sum</strong></span> <span class='ocrx_word' id='word_1_9' title='bbox 167 222 254 283; x_wconf 86' lang='lat' dir='ltr'><strong>lsrael</strong></span> <span class='ocrx_word' id='word_1_10' title='bbox 278 225 459 297; x_wconf 89' lang='lat' dir='ltr'><strong>prophetavit.</strong></span> <span class='ocrx_word' id='word_1_11' title='bbox 479 227 516 287; x_wconf 87' lang='lat' dir='ltr'><strong>ill</strong></span> <span class='ocrx_word' id='word_1_12' title='bbox 533 245 600 302; x_wconf 92' lang='lat' dir='ltr'><strong>ergo</strong></span> <span class='ocrx_word' id='word_1_13' title='bbox 615 231 748 303; x_wconf 86' lang='lat' dir='ltr'><strong>quaslibet</strong></span> <span class='ocrx_word' id='word_1_14' title='bbox 763 232 885 307; x_wconf 88' lang='lat' dir='ltr'><strong>indigni·</strong></span> <span class='ocrx_word' id='word_1_15' title='bbox 899 236 927 299; x_wconf 84' lang='lat' dir='ltr'>A</span> <span class='ocrx_word' id='word_1_16' title='bbox 942 240 985 298; x_wconf 89' lang='lat' dir='ltr'><strong>vel</strong></span> <span class='ocrx_word' id='word_1_17' title='bbox 1000 258 1047 299; x_wconf 89' lang='lat' dir='ltr'><strong>eos</strong></span> <span class='ocrx_word' id='word_1_18' title='bbox 1061 260 1077 299; x_wconf 92' lang='lat' dir='ltr'><strong>a</strong></span> <span class='ocrx_word' id='word_1_19' title='bbox 1091 245 1190 319; x_wconf 88' lang='lat' dir='ltr'><strong>quibus</strong></span> <span class='ocrx_word' id='word_1_20' title='bbox 1211 249 1312 306; x_wconf 84' lang='lat' dir='ltr'><strong>servari</strong></span> <span class='ocrx_word' id='word_1_21' title='bbox 1328 260 1354 309; x_wconf 92' lang='lat' dir='ltr'><strong>et</strong></span> <span class='ocrx_word' id='word_1_22' title='bbox 1367 254 1436 310; x_wconf 91' lang='lat' dir='ltr'><strong>sumi</strong></span> <span class='ocrx_word' id='word_1_23' title='bbox 1454 255 1546 315; x_wconf 78' lang='lat' dir='ltr'>debuit</span> <span class='ocrx_word' id='word_1_24' title='bbox 1570 261 1665 320; x_wconf 89' lang='lat' dir='ltr'><strong>bestiis</strong></span> <span class='ocrx_word' id='word_1_25' title='bbox 1687 266 1739 322; x_wconf 88' lang='lat' dir='ltr'><strong>de·</strong></span> 
     </span>
    </p>
   </div>
   <div class='ocr_carea' id='block_1_5' title="bbox 72 313 885 1543">
    <p class='ocr_par' dir='ltr' id='par_1_5' title="bbox 72 313 885 1543">
     <span class='ocr_line' id='line_1_5' title="bbox 82 313 882 390; baseline 0.011 -21"><span class='ocrx_word' id='word_1_26' title='bbox 82 319 155 369; x_wconf 78' lang='lat' dir='ltr'><strong>ures</strong></span> <span class='ocrx_word' id='word_1_27' title='bbox 169 313 198 369; x_wconf 91' lang='lat' dir='ltr'><strong>in</strong></span> <span class='ocrx_word' id='word_1_28' title='bbox 213 322 384 371; x_wconf 83' lang='lat' dir='ltr'><strong>sacramento</strong></span> <span class='ocrx_word' id='word_1_29' title='bbox 395 316 495 372; x_wconf 87' lang='lat' dir='ltr'><strong>Christi</strong></span> <span class='ocrx_word' id='word_1_30' title='bbox 511 316 579 374; x_wconf 87' lang='lat' dir='ltr'><strong>fides</strong></span> <span class='ocrx_word' id='word_1_31' title='bbox 590 336 716 377; x_wconf 86' lang='lat' dir='ltr'><strong>veranon</strong></span> <span class='ocrx_word' id='word_1_32' title='bbox 731 322 882 390; x_wconf 88' lang='lat' dir='ltr'><strong>erubeseat,</strong></span> 
     </span>
     <span class='ocr_line' id='line_1_6' title="bbox 81 401 882 481; baseline 0.014 -25"><span class='ocrx_word' id='word_1_33' title='bbox 81 401 223 458; x_wconf 85' lang='lat' dir='ltr'><strong>sciendum</strong></span> <span class='ocrx_word' id='word_1_34' title='bbox 237 411 280 459; x_wconf 90' lang='lat' dir='ltr'><strong>est</strong></span> <span class='ocrx_word' id='word_1_35' title='bbox 294 404 377 475; x_wconf 91' lang='lat' dir='ltr'><strong>quia,</strong></span> <span class='ocrx_word' id='word_1_36' title='bbox 401 404 473 462; x_wconf 89' lang='lat' dir='ltr'><strong>sicut</strong></span> <span class='ocrx_word' id='word_1_37' title='bbox 497 407 581 463; x_wconf 89' lang='lat' dir='ltr'><strong>multa</strong></span> <span class='ocrx_word' id='word_1_38' title='bbox 601 419 718 481; x_wconf 88' lang='lat' dir='ltr'><strong>aguntur</strong></span> <span class='ocrx_word' id='word_1_39' title='bbox 741 411 768 465; x_wconf 93' lang='lat' dir='ltr'><strong>in</strong></span> <span class='ocrx_word' id='word_1_40' title='bbox 790 428 882 468; x_wconf 85' lang='lat' dir='ltr'><strong>saera-</strong></span> 
     </span>
     <span class='ocr_line' id='line_1_7' title="bbox 81 490 885 564; baseline 0.016 -20"><span class='ocrx_word' id='word_1_41' title='bbox 81 499 176 546; x_wconf 89' lang='lat' dir='ltr'><strong>mento</strong></span> <span class='ocrx_word' id='word_1_42' title='bbox 190 490 293 547; x_wconf 90' lang='lat' dir='ltr'><strong>Christi</strong></span> <span class='ocrx_word' id='word_1_43' title='bbox 310 509 373 564; x_wconf 84' lang='lat' dir='ltr'><strong>quae</strong></span> <span class='ocrx_word' id='word_1_44' title='bbox 386 508 441 549; x_wconf 90' lang='lat' dir='ltr'><strong>uon</strong></span> <span class='ocrx_word' id='word_1_45' title='bbox 457 494 592 563; x_wconf 88' lang='lat' dir='ltr'><strong>videntur,</strong></span> <span class='ocrx_word' id='word_1_46' title='bbox 607 499 633 552; x_wconf 92' lang='lat' dir='ltr'><strong>in</strong></span> <span class='ocrx_word' id='word_1_47' title='bbox 648 514 680 555; x_wconf 92' lang='lat' dir='ltr'><strong>eo</strong></span> <span class='ocrx_word' id='word_1_48' title='bbox 696 500 778 555; x_wconf 89' lang='lat' dir='ltr'><strong>multa</strong></span> <span class='ocrx_word' id='word_1_49' title='bbox 793 502 885 557; x_wconf 84' lang='lat' dir='ltr'><strong>viden·</strong></span> 
     </span>
     <span class='ocr_line' id='line_1_8' title="bbox 80 574 882 660; baseline 0.011 -24"><span class='ocrx_word' id='word_1_50' title='bbox 80 576 201 636; x_wconf 86' lang='lat' dir='ltr'><strong>turliari</strong></span> <span class='ocrx_word' id='word_1_51' title='bbox 226 596 287 652; x_wconf 86' lang='lat' dir='ltr'><strong>quae</strong></span> <span class='ocrx_word' id='word_1_52' title='bbox 311 581 391 637; x_wconf 91' lang='lat' dir='ltr'><strong>aliter</strong></span> <span class='ocrx_word' id='word_1_53' title='bbox 414 574 623 654; x_wconf 69' lang='lat' dir='ltr'><strong>dispensantur.</strong></span> <span class='ocrx_word' id='word_1_54' title='bbox 637 586 789 660; x_wconf 74' lang='lat' dir='ltr'><strong>Gregorius</strong></span> <span class='ocrx_word' id='word_1_55' title='bbox 811 590 882 645; x_wconf 90' lang='lat' dir='ltr'><strong>enim</strong></span> 
     </span>
     <span class='ocr_line' id='line_1_9' title="bbox 80 667 882 751; baseline 0.019 -32"><span class='ocrx_word' id='word_1_56' title='bbox 80 667 149 729; x_wconf 87' lang='lat' dir='ltr'><strong>dicit</strong></span> <span class='ocrx_word' id='word_1_57' title='bbox 164 667 192 722; x_wconf 92' lang='lat' dir='ltr'><strong>in</strong></span> <span class='ocrx_word' id='word_1_58' title='bbox 209 668 268 739; x_wconf 88' lang='lat' dir='ltr'><strong>ipsa</strong></span> <span class='ocrx_word' id='word_1_59' title='bbox 283 668 478 726; x_wconf 76' lang='lat' dir='ltr'><strong>immolationis</strong></span> <span class='ocrx_word' id='word_1_60' title='bbox 496 673 560 729; x_wconf 91' lang='lat' dir='ltr'><strong>bora</strong></span> <span class='ocrx_word' id='word_1_61' title='bbox 575 674 660 730; x_wconf 83' lang='lat' dir='ltr'><strong>creles</strong></span> <span class='ocrx_word' id='word_1_62' title='bbox 675 676 785 746; x_wconf 88' lang='lat' dir='ltr'><strong>aperiri,</strong></span> <span class='ocrx_word' id='word_1_63' title='bbox 796 693 882 751; x_wconf 82' lang='lat' dir='ltr'><strong>ange·</strong></span> 
     </span>
     <span class='ocr_line' id='line_1_10' title="bbox 80 754 879 834; baseline 0.015 -25"><span class='ocrx_word' id='word_1_64' title='bbox 80 754 169 810; x_wconf 89' lang='lat' dir='ltr'><strong>lorum</strong></span> <span class='ocrx_word' id='word_1_65' title='bbox 191 756 291 812; x_wconf 91' lang='lat' dir='ltr'><strong>choros</strong></span> <span class='ocrx_word' id='word_1_66' title='bbox 309 757 415 824; x_wconf 88' lang='lat' dir='ltr'><strong>adesse,</strong></span> <span class='ocrx_word' id='word_1_67' title='bbox 432 767 495 826; x_wconf 82' lang='lat' dir='ltr'><strong>etc,</strong></span> <span class='ocrx_word' id='word_1_68' title='bbox 512 777 573 832; x_wconf 82' lang='lat' dir='ltr'><strong>quae</strong></span> <span class='ocrx_word' id='word_1_69' title='bbox 587 764 711 832; x_wconf 90' lang='lat' dir='ltr'><strong>quamvis</strong></span> <span class='ocrx_word' id='word_1_70' title='bbox 725 781 790 821; x_wconf 84' lang='lat' dir='ltr'><strong>vere</strong></span> <span class='ocrx_word' id='word_1_71' title='bbox 805 764 879 834; x_wconf 87' lang='lat' dir='ltr'><strong>liant,</strong></span> 
     </span>
     <span class='ocr_line' id='line_1_11' title="bbox 77 844 879 924; baseline 0.016 -27"><span class='ocrx_word' id='word_1_72' title='bbox 77 857 135 898; x_wconf 88' lang='lat' dir='ltr'><strong>nou</strong></span> <span class='ocrx_word' id='word_1_73' title='bbox 161 852 253 900; x_wconf 88' lang='lat' dir='ltr'><strong>tamen</strong></span> <span class='ocrx_word' id='word_1_74' title='bbox 279 844 409 901; x_wconf 89' lang='lat' dir='ltr'><strong>uidentur</strong></span> <span class='ocrx_word' id='word_1_75' title='bbox 432 847 490 916; x_wconf 83' lang='lat' dir='ltr'><strong>(lib.</strong></span> <span class='ocrx_word' id='word_1_76' title='bbox 511 849 689 920; x_wconf 86' lang='lat' dir='ltr'><strong>Dialogornrn</strong></span> <span class='ocrx_word' id='word_1_77' title='bbox 704 869 741 922; x_wconf 86' lang='lat' dir='ltr'><strong>rr,</strong></span> <span class='ocrx_word' id='word_1_78' title='bbox 757 869 817 924; x_wconf 90' lang='lat' dir='ltr'><strong>cap.</strong></span> <span class='ocrx_word' id='word_1_79' title='bbox 833 855 879 923; x_wconf 81' lang='lat'><strong>58,</strong></span> 
     </span>
     <span class='ocr_line' id='line_1_12' title="bbox 77 931 878 1009; baseline 0.012 -20"><span class='ocrx_word' id='word_1_80' title='bbox 77 931 132 989; x_wconf 81' lang='lat' dir='ltr'><strong>col.</strong></span> <span class='ocrx_word' id='word_1_81' title='bbox 150 933 230 1003; x_wconf 69' lang='lat' dir='ltr'><strong>iii).</strong></span> <span class='ocrx_word' id='word_1_82' title='bbox 259 935 329 989; x_wconf 92' lang='lat' dir='ltr'><strong>llem</strong></span> <span class='ocrx_word' id='word_1_83' title='bbox 353 934 424 991; x_wconf 90' lang='lat' dir='ltr'><strong>idem</strong></span> <span class='ocrx_word' id='word_1_84' title='bbox 439 945 466 991; x_wconf 90' lang='lat' dir='ltr'><strong>at</strong></span> <span class='ocrx_word' id='word_1_85' title='bbox 482 955 489 993; x_wconf 89' lang='lat'>:</span> <span class='ocrx_word' id='word_1_86' title='bbox 508 959 519 987; x_wconf 80' lang='grc' dir='ltr'><strong>ι</strong></span> <span class='ocrx_word' id='word_1_87' title='bbox 537 938 605 995; x_wconf 85' lang='lat' dir='ltr'><strong>Caro</strong></span> <span class='ocrx_word' id='word_1_88' title='bbox 628 939 691 1009; x_wconf 90' lang='lat' dir='ltr'><strong>ejus</strong></span> <span class='ocrx_word' id='word_1_89' title='bbox 714 941 741 997; x_wconf 92' lang='lat' dir='ltr'><strong>in</strong></span> <span class='ocrx_word' id='word_1_90' title='bbox 765 943 878 999; x_wconf 89' lang='lat' dir='ltr'><strong>salutern</strong></span> 
     </span>
     <span class='ocr_line' id='line_1_13' title="bbox 77 1020 878 1104; baseline 0.017 -29"><span class='ocrx_word' id='word_1_91' title='bbox 77 1020 174 1092; x_wconf 90' lang='lat' dir='ltr'><strong>populi</strong></span> <span class='ocrx_word' id='word_1_92' title='bbox 198 1023 328 1092; x_wconf 86' lang='lat' dir='ltr'><strong>partitur,</strong></span> <span class='ocrx_word' id='word_1_93' title='bbox 353 1024 464 1096; x_wconf 87' lang='lat' dir='ltr'><strong>ejusque</strong></span> <span class='ocrx_word' id='word_1_94' title='bbox 486 1027 600 1099; x_wconf 83' lang='lat' dir='ltr'><strong>sanguis</strong></span> <span class='ocrx_word' id='word_1_95' title='bbox 634 1029 770 1098; x_wconf 79' lang='lat' dir='ltr'><strong>funditur,</strong></span> <span class='ocrx_word' id='word_1_96' title='bbox 796 1030 878 1104; x_wconf 87' lang='lat' dir='ltr'><strong>fitque</strong></span> 
     </span>
     <span class='ocr_line' id='line_1_14' title="bbox 77 1109 878 1190; baseline 0.016 -26"><span class='ocrx_word' id='word_1_97' title='bbox 77 1109 163 1165; x_wconf 90' lang='lat' dir='ltr'><strong>aliter</strong></span> <span class='ocrx_word' id='word_1_98' title='bbox 177 1127 259 1181; x_wconf 90' lang='lat' dir='ltr'><strong>quarn</strong></span> <span class='ocrx_word' id='word_1_99' title='bbox 284 1111 408 1168; x_wconf 82' lang='lat' dir='ltr'><strong>rideatur</strong></span> <span class='ocrx_word' id='word_1_100' title='bbox 427 1130 487 1169; x_wconf 87' lang='lat' dir='ltr'><strong>curn</strong></span> <span class='ocrx_word' id='word_1_101' title='bbox 511 1114 570 1186; x_wconf 91' lang='lat' dir='ltr'><strong>ipse</strong></span> <span class='ocrx_word' id='word_1_102' title='bbox 595 1115 702 1189; x_wconf 90' lang='lat' dir='ltr'><strong>integer</strong></span> <span class='ocrx_word' id='word_1_103' title='bbox 721 1129 878 1190; x_wconf 84' lang='lat' dir='ltr'><strong>perseveret</strong></span> 
     </span>
     <span class='ocr_line' id='line_1_15' title="bbox 75 1197 876 1280; baseline 0.017 -28"><span class='ocrx_word' id='word_1_104' title='bbox 75 1208 105 1253; x_wconf 87' lang='lat' dir='ltr'><strong>et</strong></span> <span class='ocrx_word' id='word_1_105' title='bbox 120 1197 209 1253; x_wconf 83' lang='lat' dir='ltr'><strong>vivus.</strong></span> <span class='ocrx_word' id='word_1_106' title='bbox 227 1222 239 1247; x_wconf 78' lang='lat' dir='ltr'><strong>r»</strong></span> <span class='ocrx_word' id='word_1_107' title='bbox 261 1200 315 1255; x_wconf 86' lang='lat' dir='ltr'><strong>Sed</strong></span> <span class='ocrx_word' id='word_1_108' title='bbox 330 1200 396 1272; x_wconf 92' lang='lat' dir='ltr'><strong>quid</strong></span> <span class='ocrx_word' id='word_1_109' title='bbox 417 1201 513 1257; x_wconf 86' lang='lat' dir='ltr'><strong>mirum</strong></span> <span class='ocrx_word' id='word_1_110' title='bbox 528 1203 562 1258; x_wconf 91' lang='lat' dir='ltr'><strong>de</strong></span> <span class='ocrx_word' id='word_1_111' title='bbox 578 1204 643 1259; x_wconf 83' lang='lat' dir='ltr'><strong>bis‘?</strong></span> <span class='ocrx_word' id='word_1_112' title='bbox 661 1209 751 1277; x_wconf 89' lang='lat' dir='ltr'><strong>ipsum</strong></span> <span class='ocrx_word' id='word_1_113' title='bbox 776 1224 876 1280; x_wconf 89' lang='lat' dir='ltr'><strong>corpus</strong></span> 
     </span>
     <span class='ocr_line' id='line_1_16' title="bbox 73 1286 875 1365; baseline 0.015 -22"><span class='ocrx_word' id='word_1_114' title='bbox 73 1286 176 1343; x_wconf 76' lang='lat' dir='ltr'><strong>Christi</strong></span> <span class='ocrx_word' id='word_1_115' title='bbox 199 1287 305 1343; x_wconf 91' lang='lat' dir='ltr'><strong>videtur</strong></span> <span class='ocrx_word' id='word_1_116' title='bbox 326 1290 405 1360; x_wconf 90' lang='lat' dir='ltr'><strong>panis</strong></span> <span class='ocrx_word' id='word_1_117' title='bbox 428 1306 500 1358; x_wconf 90' lang='lat' dir='ltr'><strong>esse,</strong></span> <span class='ocrx_word' id='word_1_118' title='bbox 515 1300 542 1347; x_wconf 90' lang='lat' dir='ltr'><strong>et</strong></span> <span class='ocrx_word' id='word_1_119' title='bbox 555 1309 609 1349; x_wconf 90' lang='lat' dir='ltr'><strong>non</strong></span> <span class='ocrx_word' id='word_1_120' title='bbox 624 1303 664 1349; x_wconf 91' lang='lat' dir='ltr'><strong>est</strong></span> <span class='ocrx_word' id='word_1_121' title='bbox 679 1295 767 1365; x_wconf 88' lang='lat' dir='ltr'><strong>panis.</strong></span> <span class='ocrx_word' id='word_1_122' title='bbox 789 1296 818 1352; x_wconf 93' lang='lat' dir='ltr'><strong>lu</strong></span> <span class='ocrx_word' id='word_1_123' title='bbox 843 1315 875 1355; x_wconf 93' lang='lat' dir='ltr'><strong>eo</strong></span> 
     </span>
     <span class='ocr_line' id='line_1_17' title="bbox 72 1375 872 1449; baseline 0.016 -21"><span class='ocrx_word' id='word_1_124' title='bbox 72 1375 161 1449; x_wconf 87' lang='lat' dir='ltr'><strong>igitur</strong></span> <span class='ocrx_word' id='word_1_125' title='bbox 175 1376 249 1446; x_wconf 89' lang='lat' dir='ltr'><strong>quod</strong></span> <span class='ocrx_word' id='word_1_126' title='bbox 264 1376 446 1434; x_wconf 90' lang='lat' dir='ltr'><strong>videturesse</strong></span> <span class='ocrx_word' id='word_1_127' title='bbox 461 1388 488 1433; x_wconf 88' lang='lat' dir='ltr'><strong>et</strong></span> <span class='ocrx_word' id='word_1_128' title='bbox 502 1397 556 1436; x_wconf 84' lang='lat' dir='ltr'><strong>nnn</strong></span> <span class='ocrx_word' id='word_1_129' title='bbox 576 1390 626 1449; x_wconf 89' lang='lat' dir='ltr'><strong>est,</strong></span> <span class='ocrx_word' id='word_1_130' title='bbox 643 1382 699 1438; x_wconf 86' lang='lat' dir='ltr'><strong>lieri</strong></span> <span class='ocrx_word' id='word_1_131' title='bbox 724 1386 807 1441; x_wconf 86' lang='lat' dir='ltr'><strong>multa</strong></span> <span class='ocrx_word' id='word_1_132' title='bbox 830 1388 872 1443; x_wconf 90' lang='lat' dir='ltr'><strong>vi-</strong></span> 
     </span>
     <span class='ocr_line' id='line_1_18' title="bbox 73 1463 872 1543; baseline 0.016 -26"><span class='ocrx_word' id='word_1_133' title='bbox 73 1463 180 1520; x_wconf 87' lang='lat' dir='ltr'><strong>dentur</strong></span> <span class='ocrx_word' id='word_1_134' title='bbox 202 1481 264 1535; x_wconf 85' lang='lat' dir='ltr'><strong>quae</strong></span> <span class='ocrx_word' id='word_1_135' title='bbox 283 1480 336 1521; x_wconf 91' lang='lat' dir='ltr'><strong>non</strong></span> <span class='ocrx_word' id='word_1_136' title='bbox 356 1465 439 1533; x_wconf 87' lang='lat' dir='ltr'><strong>liunt,</strong></span> <span class='ocrx_word' id='word_1_137' title='bbox 461 1469 546 1535; x_wconf 90' lang='lat' dir='ltr'><strong>velut,</strong></span> <span class='ocrx_word' id='word_1_138' title='bbox 568 1472 632 1543; x_wconf 89' lang='lat' dir='ltr'><strong>quia</strong></span> <span class='ocrx_word' id='word_1_139' title='bbox 651 1473 774 1529; x_wconf 89' lang='lat' dir='ltr'><strong>Christus</strong></span> <span class='ocrx_word' id='word_1_140' title='bbox 801 1477 872 1530; x_wconf 88' lang='lat' dir='ltr'><strong>blar-</strong></span> 
     </span>
    </p>
   </div>
   <div class='ocr_carea' id='block_1_6' title="bbox 929 331 1741 1571">
    <p class='ocr_par' dir='ltr' id='par_1_6' title="bbox 937 331 1741 676">
     <span class='ocr_line' id='line_1_19' title="bbox 939 331 1741 418; baseline 0.034 -32"><span class='ocrx_word' id='word_1_141' title='bbox 939 331 1053 388; x_wconf 88' lang='lat' dir='ltr'><strong>teriores</strong></span> <span class='ocrx_word' id='word_1_142' title='bbox 1066 336 1205 390; x_wconf 82' lang='lat' dir='ltr'><strong>ostendit?</strong></span> <span class='ocrx_word' id='word_1_143' title='bbox 1219 339 1285 393; x_wconf 88' lang='lat' dir='ltr'><strong>Cum</strong></span> <span class='ocrx_word' id='word_1_144' title='bbox 1301 341 1373 396; x_wconf 89' lang='lat' dir='ltr'><strong>enirn</strong></span> <span class='ocrx_word' id='word_1_145' title='bbox 1391 353 1491 415; x_wconf 76' lang='lat' dir='ltr'><strong>praeter</strong></span> <span class='ocrx_word' id='word_1_146' title='bbox 1504 359 1642 418; x_wconf 88' lang='lat' dir='ltr'><strong>peccatum</strong></span> <span class='ocrx_word' id='word_1_147' title='bbox 1657 353 1741 412; x_wconf 88' lang='lat' dir='ltr'><strong>Crea-</strong></span> 
     </span>
     <span class='ocr_line' id='line_1_20' title="bbox 940 421 1738 512; baseline 0.031 -37"><span class='ocrx_word' id='word_1_148' title='bbox 940 421 1003 485; x_wconf 87' lang='lat' dir='ltr'><strong>tori,</strong></span> <span class='ocrx_word' id='word_1_149' title='bbox 1017 422 1063 490; x_wconf 92' lang='lat' dir='ltr'><strong>qui</strong></span> <span class='ocrx_word' id='word_1_150' title='bbox 1084 423 1186 495; x_wconf 91' lang='lat' dir='ltr'><strong>ubique</strong></span> <span class='ocrx_word' id='word_1_151' title='bbox 1201 434 1251 495; x_wconf 84' lang='lat' dir='ltr'><strong>cst,</strong></span> <span class='ocrx_word' id='word_1_152' title='bbox 1267 432 1361 486; x_wconf 88' lang='lat' dir='ltr'><strong>omnia</strong></span> <span class='ocrx_word' id='word_1_153' title='bbox 1385 435 1486 490; x_wconf 85' lang='lat' dir='ltr'><strong>munde</strong></span> <span class='ocrx_word' id='word_1_154' title='bbox 1511 438 1574 506; x_wconf 89' lang='lat' dir='ltr'><strong>sint,</strong></span> <span class='ocrx_word' id='word_1_155' title='bbox 1600 443 1738 512; x_wconf 88' lang='lat' dir='ltr'><strong>quomodo</strong></span> 
     </span>
     <span class='ocr_line' id='line_1_21' title="bbox 939 510 1737 602; baseline 0.029 -37"><span class='ocrx_word' id='word_1_156' title='bbox 939 510 1045 566; x_wconf 90' lang='lat' dir='ltr'><strong>videtur</strong></span> <span class='ocrx_word' id='word_1_157' title='bbox 1066 511 1231 571; x_wconf 84' lang='lat' dir='ltr'><strong>immundius</strong></span> <span class='ocrx_word' id='word_1_158' title='bbox 1255 533 1315 575; x_wconf 87' lang='lat' dir='ltr'><strong>esse</strong></span> <span class='ocrx_word' id='word_1_159' title='bbox 1339 521 1367 574; x_wconf 90' lang='lat' dir='ltr'><strong>in</strong></span> <span class='ocrx_word' id='word_1_160' title='bbox 1392 530 1487 581; x_wconf 85' lang='lat' dir='ltr'><strong>ventre</strong></span> <span class='ocrx_word' id='word_1_161' title='bbox 1511 529 1596 584; x_wconf 88' lang='lat' dir='ltr'><strong>muris</strong></span> <span class='ocrx_word' id='word_1_162' title='bbox 1610 547 1690 602; x_wconf 91' lang='lat' dir='ltr'><strong>quarn</strong></span> <span class='ocrx_word' id='word_1_163' title='bbox 1709 532 1737 587; x_wconf 90' lang='lat' dir='ltr'><strong>in</strong></span> 
     </span>
     <span class='ocr_line' id='line_1_22' title="bbox 937 600 1390 676; baseline 0.024 -23"><span class='ocrx_word' id='word_1_164' title='bbox 937 606 1031 655; x_wconf 91' lang='lat' dir='ltr'><strong>ventre</strong></span> <span class='ocrx_word' id='word_1_165' title='bbox 1046 600 1160 656; x_wconf 90' lang='lat' dir='ltr'><strong>adulteri</strong></span> <span class='ocrx_word' id='word_1_166' title='bbox 1176 603 1390 676; x_wconf 88' lang='lat' dir='ltr'><strong>impoenitentis‘l</strong></span> 
     </span>
    </p>

    <p class='ocr_par' dir='ltr' id='par_1_7' title="bbox 929 684 1737 1571">
     <span class='ocr_line' id='line_1_23' title="bbox 973 684 1737 773; baseline 0.034 -32"><span class='ocrx_word' id='word_1_167' title='bbox 973 684 1051 755; x_wconf 86' lang='lat' dir='ltr'><strong>Quod</strong></span> <span class='ocrx_word' id='word_1_168' title='bbox 1064 697 1152 745; x_wconf 91' lang='lat' dir='ltr'><strong>antem</strong></span> <span class='ocrx_word' id='word_1_169' title='bbox 1170 691 1252 748; x_wconf 90' lang='lat' dir='ltr'><strong>etiam</strong></span> <span class='ocrx_word' id='word_1_170' title='bbox 1276 710 1293 750; x_wconf 88' lang='lat' dir='ltr'><strong>a</strong></span> <span class='ocrx_word' id='word_1_171' title='bbox 1316 696 1454 772; x_wconf 79' lang='lat' dir='ltr'><strong>religiosis</strong></span> <span class='ocrx_word' id='word_1_172' title='bbox 1471 703 1598 763; x_wconf 90' lang='lat' dir='ltr'><strong>incendio</strong></span> <span class='ocrx_word' id='word_1_173' title='bbox 1612 709 1695 773; x_wconf 91' lang='lat' dir='ltr'><strong>tradi,</strong></span> <span class='ocrx_word' id='word_1_174' title='bbox 1710 719 1737 767; x_wconf 92' lang='lat' dir='ltr'><strong>et</strong></span> 
     </span>
     <span class='ocr_line' id='line_1_24' title="bbox 936 774 1734 869; baseline 0.035 -41"><span class='ocrx_word' id='word_1_175' title='bbox 936 774 973 829; x_wconf 91' lang='lat' dir='ltr'><strong>ibi</strong></span> <span class='ocrx_word' id='word_1_176' title='bbox 988 776 1129 845; x_wconf 81' lang='lat' dir='ltr'><strong>disparere</strong></span> <span class='ocrx_word' id='word_1_177' title='bbox 1144 779 1272 837; x_wconf 87' lang='lat' dir='ltr'><strong>dicuntur</strong></span> <span class='ocrx_word' id='word_1_178' title='bbox 1296 786 1362 855; x_wconf 78' lang='lat' dir='ltr'><strong>ipsae</strong></span> <span class='ocrx_word' id='word_1_179' title='bbox 1384 795 1596 851; x_wconf 70' lang='lat' dir='ltr'><strong>sacramentales</strong></span> <span class='ocrx_word' id='word_1_180' title='bbox 1618 800 1734 869; x_wconf 88' lang='lat' dir='ltr'><strong>speeies,</strong></span> 
     </span>
     <span class='ocr_line' id='line_1_25' title="bbox 936 865 1733 954; baseline 0.033 -36"><span class='ocrx_word' id='word_1_181' title='bbox 936 880 988 920; x_wconf 93' lang='lat' dir='ltr'><strong>non</strong></span> <span class='ocrx_word' id='word_1_182' title='bbox 1004 865 1038 920; x_wconf 91' lang='lat' dir='ltr'><strong>ad</strong></span> <span class='ocrx_word' id='word_1_183' title='bbox 1053 866 1240 940; x_wconf 83' lang='lat' dir='ltr'><strong>indignitatem</strong></span> <span class='ocrx_word' id='word_1_184' title='bbox 1264 873 1363 930; x_wconf 87' lang='lat' dir='ltr'><strong>Christi</strong></span> <span class='ocrx_word' id='word_1_185' title='bbox 1377 876 1415 947; x_wconf 83' lang='lat' dir='ltr'><strong>sit,</strong></span> <span class='ocrx_word' id='word_1_186' title='bbox 1432 881 1511 951; x_wconf 86' lang='lat' dir='ltr'><strong>quasi</strong></span> <span class='ocrx_word' id='word_1_187' title='bbox 1527 882 1639 954; x_wconf 86' lang='lat' dir='ltr'><strong>ignibus</strong></span> <span class='ocrx_word' id='word_1_188' title='bbox 1661 903 1733 943; x_wconf 86' lang='lat' dir='ltr'><strong>exu-</strong></span> 
     </span>
     <span class='ocr_line' id='line_1_26' title="bbox 935 953 1733 1038; baseline 0.031 -31"><span class='ocrx_word' id='word_1_189' title='bbox 935 953 1036 1009; x_wconf 86' lang='lat' dir='ltr'><strong>rendus</strong></span> <span class='ocrx_word' id='word_1_190' title='bbox 1061 957 1190 1025; x_wconf 90' lang='lat' dir='ltr'><strong>tradatur,</strong></span> <span class='ocrx_word' id='word_1_191' title='bbox 1226 960 1299 1030; x_wconf 91' lang='lat' dir='ltr'><strong>quod</strong></span> <span class='ocrx_word' id='word_1_192' title='bbox 1330 961 1502 1037; x_wconf 89' lang='lat' dir='ltr'><strong>impossibile</strong></span> <span class='ocrx_word' id='word_1_193' title='bbox 1526 980 1584 1038; x_wconf 90' lang='lat' dir='ltr'><strong>est,</strong></span> <span class='ocrx_word' id='word_1_194' title='bbox 1609 989 1673 1030; x_wconf 90' lang='lat' dir='ltr'><strong>cum</strong></span> <span class='ocrx_word' id='word_1_195' title='bbox 1697 977 1733 1033; x_wconf 89' lang='lat' dir='ltr'><strong>sit</strong></span> 
     </span>
     <span class='ocr_line' id='line_1_27' title="bbox 934 1043 1731 1132; baseline 0.033 -37"><span class='ocrx_word' id='word_1_196' title='bbox 934 1043 1054 1099; x_wconf 89' lang='lat' dir='ltr'><strong>omnium</strong></span> <span class='ocrx_word' id='word_1_197' title='bbox 1071 1045 1262 1105; x_wconf 90' lang='lat' dir='ltr'><strong>elementorum</strong></span> <span class='ocrx_word' id='word_1_198' title='bbox 1279 1052 1362 1120; x_wconf 87' lang='lat' dir='ltr'><strong>Deus,</strong></span> <span class='ocrx_word' id='word_1_199' title='bbox 1379 1055 1427 1111; x_wconf 91' lang='lat' dir='ltr'><strong>sed</strong></span> <span class='ocrx_word' id='word_1_200' title='bbox 1442 1061 1549 1128; x_wconf 92' lang='lat' dir='ltr'><strong>quoties</strong></span> <span class='ocrx_word' id='word_1_201' title='bbox 1564 1060 1654 1132; x_wconf 88' lang='lat' dir='ltr'><strong>aliqua</strong></span> <span class='ocrx_word' id='word_1_202' title='bbox 1670 1065 1731 1122; x_wconf 87' lang='lat' dir='ltr'><strong>talis</strong></span> 
     </span>
     <span class='ocr_line' id='line_1_28' title="bbox 933 1131 1730 1220; baseline 0.033 -36"><span class='ocrx_word' id='word_1_203' title='bbox 933 1131 1080 1204; x_wconf 82' lang='lat' dir='ltr'><strong>indignitas</strong></span> <span class='ocrx_word' id='word_1_204' title='bbox 1095 1133 1147 1205; x_wconf 87' lang='lat' dir='ltr'><strong>ipsi</strong></span> <span class='ocrx_word' id='word_1_205' title='bbox 1162 1148 1331 1197; x_wconf 88' lang='lat' dir='ltr'><strong>sacramento</strong></span> <span class='ocrx_word' id='word_1_206' title='bbox 1346 1144 1518 1218; x_wconf 83' lang='lat' dir='ltr'><strong>negligenter</strong></span> <span class='ocrx_word' id='word_1_207' title='bbox 1538 1150 1684 1220; x_wconf 88' lang='lat' dir='ltr'><strong>acciderit,</strong></span> <span class='ocrx_word' id='word_1_208' title='bbox 1700 1162 1730 1209; x_wconf 91' lang='lat' dir='ltr'><strong>ut</strong></span> 
     </span>
     <span class='ocr_line' id='line_1_29' title="bbox 931 1220 1726 1313; baseline 0.033 -40"><span class='ocrx_word' id='word_1_209' title='bbox 931 1220 1073 1277; x_wconf 87' lang='lat' dir='ltr'><strong>horrorem</strong></span> <span class='ocrx_word' id='word_1_210' title='bbox 1089 1226 1213 1280; x_wconf 89' lang='lat' dir='ltr'><strong>sumendi</strong></span> <span class='ocrx_word' id='word_1_211' title='bbox 1232 1226 1346 1285; x_wconf 89' lang='lat' dir='ltr'><strong>incutias</strong></span> <span class='ocrx_word' id='word_1_212' title='bbox 1370 1232 1436 1303; x_wconf 79' lang='lat' dir='ltr'><strong>ipsm</strong></span> <span class='ocrx_word' id='word_1_213' title='bbox 1459 1239 1598 1295; x_wconf 85' lang='lat' dir='ltr'><strong>sensuales</strong></span> <span class='ocrx_word' id='word_1_214' title='bbox 1611 1242 1726 1313; x_wconf 89' lang='lat' dir='ltr'><strong>species,</strong></span> 
     </span>
     <span class='ocr_line' id='line_1_30' title="bbox 931 1312 1727 1398; baseline 0.03 -35"><span class='ocrx_word' id='word_1_215' title='bbox 931 1326 998 1380; x_wconf 89' lang='lat' dir='ltr'><strong>quas</strong></span> <span class='ocrx_word' id='word_1_216' title='bbox 1020 1312 1119 1367; x_wconf 86' lang='lat' dir='ltr'><strong>ibidem</strong></span> <span class='ocrx_word' id='word_1_217' title='bbox 1132 1316 1206 1370; x_wconf 88' lang='lat' dir='ltr'><strong>Deus</strong></span> <span class='ocrx_word' id='word_1_218' title='bbox 1221 1316 1353 1376; x_wconf 87' lang='lat' dir='ltr'><strong>altissimo</strong></span> <span class='ocrx_word' id='word_1_219' title='bbox 1367 1338 1417 1378; x_wconf 90' lang='lat' dir='ltr'><strong>suo</strong></span> <span class='ocrx_word' id='word_1_220' title='bbox 1431 1325 1547 1382; x_wconf 88' lang='lat' dir='ltr'><strong>consilio</strong></span> <span class='ocrx_word' id='word_1_221' title='bbox 1562 1338 1620 1398; x_wconf 89' lang='lat' dir='ltr'><strong>post</strong></span> <span class='ocrx_word' id='word_1_222' title='bbox 1636 1340 1727 1387; x_wconf 90' lang='lat' dir='ltr'><strong>muta-</strong></span> 
     </span>
     <span class='ocr_line' id='line_1_31' title="bbox 931 1400 1727 1490; baseline 0.029 -37"><span class='ocrx_word' id='word_1_223' title='bbox 931 1400 1031 1455; x_wconf 88' lang='lat' dir='ltr'><strong>tionem</strong></span> <span class='ocrx_word' id='word_1_224' title='bbox 1052 1419 1109 1457; x_wconf 81' lang='lat' dir='ltr'><strong>suae</strong></span> <span class='ocrx_word' id='word_1_225' title='bbox 1136 1404 1295 1462; x_wconf 83' lang='lat' dir='ltr'><strong>substantiae</strong></span> <span class='ocrx_word' id='word_1_226' title='bbox 1325 1426 1468 1468; x_wconf 87' lang='lat' dir='ltr'><strong>remanere</strong></span> <span class='ocrx_word' id='word_1_227' title='bbox 1492 1416 1591 1483; x_wconf 85' lang='lat' dir='ltr'><strong>voluit,</strong></span> <span class='ocrx_word' id='word_1_228' title='bbox 1617 1419 1727 1490; x_wconf 88' lang='lat' dir='ltr'><strong>ignibus</strong></span> 
     </span>
     <span class='ocr_line' id='line_1_32' title="bbox 929 1489 1725 1571; baseline 0.03 -29"><span class='ocrx_word' id='word_1_229' title='bbox 929 1489 1083 1558; x_wconf 85' lang='lat' dir='ltr'><strong>traduntur,</strong></span> <span class='ocrx_word' id='word_1_230' title='bbox 1101 1497 1130 1546; x_wconf 86' lang='lat' dir='ltr'><strong>ut</strong></span> <span class='ocrx_word' id='word_1_231' title='bbox 1143 1493 1287 1550; x_wconf 87' lang='lat' dir='ltr'><strong>ostendant</strong></span> <span class='ocrx_word' id='word_1_232' title='bbox 1303 1500 1375 1568; x_wconf 92' lang='lat' dir='ltr'><strong>quod</strong></span> <span class='ocrx_word' id='word_1_233' title='bbox 1399 1517 1476 1556; x_wconf 89' lang='lat' dir='ltr'><strong>suurn</strong></span> <span class='ocrx_word' id='word_1_234' title='bbox 1499 1511 1548 1571; x_wconf 92' lang='lat' dir='ltr'><strong>est,</strong></span> <span class='ocrx_word' id='word_1_235' title='bbox 1573 1505 1725 1566; x_wconf 83' lang='lat' dir='ltr'><strong>deficiendo</strong></span> 
     </span>
    </p>
   </div>
   <div class='ocr_carea' id='block_1_7' title="bbox 70 1553 1722 1738">
    <p class='ocr_par' dir='ltr' id='par_1_8' title="bbox 70 1553 1722 1738">
     <span class='ocr_line' id='line_1_33' title="bbox 71 1553 1722 1666; baseline 0.018 -42"><span class='ocrx_word' id='word_1_236' title='bbox 71 1557 143 1624; x_wconf 58' lang='lat' dir='ltr'><strong>‘iffi’</strong></span> <span class='ocrx_word' id='word_1_237' title='bbox 159 1553 280 1625; x_wconf 70' lang='lat' dir='ltr'><strong>¹0P¹0⁸⁰⁵</strong></span> <span class='ocrx_word' id='word_1_238' title='bbox 293 1556 425 1624; x_wconf 86' lang='lat' dir='ltr'><strong>apparuit,</strong></span> <span class='ocrx_word' id='word_1_239' title='bbox 441 1557 564 1628; x_wconf 91' lang='lat' dir='ltr'><strong>nunquid</strong></span> <span class='ocrx_word' id='word_1_240' title='bbox 578 1559 698 1616; x_wconf 67' lang='lat' dir='ltr'><strong>Chliiffls</strong></span> <span class='ocrx_word' id='word_1_241' title='bbox 721 1563 872 1633; x_wconf 63' lang='lat' dir='ltr'><strong>⁸90⁰i⁰⁵i0l</strong></span> <span class='ocrx_word' id='word_1_242' title='bbox 886 1587 915 1651; x_wconf 80' lang='grc' dir='ltr'>Β</span> <span class='ocrx_word' id='word_1_243' title='bbox 928 1585 954 1632; x_wconf 90' lang='grc' dir='ltr'><strong>ει</strong></span> <span class='ocrx_word' id='word_1_244' title='bbox 968 1577 1131 1648; x_wconf 92' lang='lat' dir='ltr'><strong>disparendo</strong></span> <span class='ocrx_word' id='word_1_245' title='bbox 1146 1581 1205 1638; x_wconf 88' lang='lat' dir='ltr'><strong>siue</strong></span> <span class='ocrx_word' id='word_1_246' title='bbox 1220 1585 1294 1639; x_wconf 90' lang='lat' dir='ltr'><strong>omni</strong></span> <span class='ocrx_word' id='word_1_247' title='bbox 1308 1585 1428 1646; x_wconf 87' lang='lat' dir='ltr'><strong>soeditate</strong></span> <span class='ocrx_word' id='word_1_248' title='bbox 1452 1589 1479 1646; x_wconf 91' lang='lat' dir='ltr'><strong>iu</strong></span> <span class='ocrx_word' id='word_1_249' title='bbox 1504 1592 1550 1649; x_wconf 89' lang='lat' dir='ltr'><strong>illo</strong></span> <span class='ocrx_word' id='word_1_250' title='bbox 1573 1596 1722 1666; x_wconf 85' lang='lat' dir='ltr'><strong>purissimo</strong></span> 
     </span>
     <span class='ocr_line' id='line_1_34' title="bbox 70 1643 1155 1738; baseline 0.017 -43"><span class='ocrx_word' id='word_1_251' title='bbox 70 1643 140 1708; x_wconf 87' lang='lat' dir='ltr'><strong>sole,</strong></span> <span class='ocrx_word' id='word_1_252' title='bbox 157 1658 222 1699; x_wconf 89' lang='lat' dir='ltr'><strong>vera</strong></span> <span class='ocrx_word' id='word_1_253' title='bbox 238 1643 315 1714; x_wconf 87' lang='lat' dir='ltr'><strong>lepra</strong></span> <span class='ocrx_word' id='word_1_254' title='bbox 329 1659 468 1714; x_wconf 88' lang='lat' dir='ltr'><strong>respersus</strong></span> <span class='ocrx_word' id='word_1_255' title='bbox 484 1644 553 1701; x_wconf 85' lang='lat' dir='ltr'><strong>iult‘t</strong></span> <span class='ocrx_word' id='word_1_256' title='bbox 572 1649 603 1701; x_wconf 91' lang='lat' dir='ltr'><strong>lu</strong></span> <span class='ocrx_word' id='word_1_257' title='bbox 617 1649 680 1704; x_wconf 86' lang='lat' dir='ltr'><strong>vitis</strong></span> <span class='ocrx_word' id='word_1_258' title='bbox 701 1651 807 1707; x_wconf 83' lang='lat' dir='ltr'><strong>Petrum</strong></span> <span class='ocrx_word' id='word_1_259' title='bbox 829 1653 871 1709; x_wconf 92' lang='lat' dir='ltr'><strong>le·</strong></span> <span class='ocrx_word' id='word_1_260' title='bbox 924 1666 999 1738; x_wconf 67' lang='lat' dir='ltr'><strong>ignis</strong></span> <span class='ocrx_word' id='word_1_261' title='bbox 1011 1667 1155 1726; x_wconf 67' lang='lat' dir='ltr'><strong>elemefflo,</strong></span> 
     </span>
    </p>
   </div>
   <div class='ocr_carea' id='block_1_8' title="bbox 68 1731 873 2070">
    <p class='ocr_par' dir='ltr' id='par_1_9' title="bbox 68 1731 873 2070">
     <span class='ocr_line' id='line_1_35' title="bbox 70 1731 873 1813; baseline 0.016 -29"><span class='ocrx_word' id='word_1_262' title='bbox 70 1731 156 1801; x_wconf 82' lang='lat' dir='ltr'><strong>gitur,</strong></span> <span class='ocrx_word' id='word_1_263' title='bbox 174 1732 321 1802; x_wconf 83' lang='lat' dir='ltr'><strong>aspiciente</strong></span> <span class='ocrx_word' id='word_1_264' title='bbox 336 1733 454 1802; x_wconf 90' lang='lat' dir='ltr'><strong>quodam</strong></span> <span class='ocrx_word' id='word_1_265' title='bbox 470 1735 640 1792; x_wconf 90' lang='lat' dir='ltr'><strong>sanctissimo</strong></span> <span class='ocrx_word' id='word_1_266' title='bbox 652 1739 729 1795; x_wconf 85' lang='lat' dir='ltr'><strong>Patre</strong></span> <span class='ocrx_word' id='word_1_267' title='bbox 744 1742 873 1813; x_wconf 88' lang='lat' dir='ltr'><strong>angelum</strong></span> 
     </span>
     <span class='ocr_line' id='line_1_36' title="bbox 69 1817 873 1901; baseline 0.016 -28"><span class='ocrx_word' id='word_1_268' title='bbox 69 1817 185 1875; x_wconf 86' lang='lat' dir='ltr'><strong>Domini</strong></span> <span class='ocrx_word' id='word_1_269' title='bbox 200 1820 362 1891; x_wconf 87' lang='lat' dir='ltr'><strong>quibusdam</strong></span> <span class='ocrx_word' id='word_1_270' title='bbox 374 1820 486 1889; x_wconf 80' lang='lat' dir='ltr'><strong>indigue</strong></span> <span class='ocrx_word' id='word_1_271' title='bbox 496 1825 762 1883; x_wconf 87' lang='lat' dir='ltr'><strong>communicantibus</strong></span> <span class='ocrx_word' id='word_1_272' title='bbox 774 1846 873 1901; x_wconf 90' lang='lat' dir='ltr'><strong>corpus</strong></span> 
     </span>
     <span class='ocr_line' id='line_1_37' title="bbox 69 1907 873 1993; baseline 0.016 -31"><span class='ocrx_word' id='word_1_273' title='bbox 69 1907 184 1963; x_wconf 86' lang='lat' dir='ltr'><strong>Domini</strong></span> <span class='ocrx_word' id='word_1_274' title='bbox 197 1908 370 1974; x_wconf 82' lang='lat' dir='ltr'><strong>subtrahere,</strong></span> <span class='ocrx_word' id='word_1_275' title='bbox 387 1917 413 1965; x_wconf 92' lang='lat' dir='ltr'><strong>et</strong></span> <span class='ocrx_word' id='word_1_276' title='bbox 427 1926 476 1980; x_wconf 89' lang='lat' dir='ltr'><strong>pru</strong></span> <span class='ocrx_word' id='word_1_277' title='bbox 498 1911 544 1967; x_wconf 90' lang='lat' dir='ltr'><strong>illc</strong></span> <span class='ocrx_word' id='word_1_278' title='bbox 566 1915 701 1970; x_wconf 88' lang='lat' dir='ltr'><strong>carbones</strong></span> <span class='ocrx_word' id='word_1_279' title='bbox 720 1918 873 1993; x_wconf 87' lang='lat' dir='ltr'><strong>porrigere.</strong></span> 
     </span>
     <span class='ocr_line' id='line_1_38' title="bbox 68 1996 870 2070; baseline 0.017 -17"><span class='ocrx_word' id='word_1_280' title='bbox 68 1996 120 2053; x_wconf 79' lang='lat' dir='ltr'><strong>Hie</strong></span> <span class='ocrx_word' id='word_1_281' title='bbox 141 1996 228 2070; x_wconf 90' lang='lat' dir='ltr'><strong>igitur</strong></span> <span class='ocrx_word' id='word_1_282' title='bbox 251 1997 324 2053; x_wconf 90' lang='lat' dir='ltr'><strong>aliud</strong></span> <span class='ocrx_word' id='word_1_283' title='bbox 339 1998 491 2066; x_wconf 91' lang='lat' dir='ltr'><strong>videbatur,</strong></span> <span class='ocrx_word' id='word_1_284' title='bbox 507 2009 534 2055; x_wconf 91' lang='lat' dir='ltr'><strong>et</strong></span> <span class='ocrx_word' id='word_1_285' title='bbox 548 2002 619 2058; x_wconf 89' lang='lat' dir='ltr'><strong>aliud</strong></span> <span class='ocrx_word' id='word_1_286' title='bbox 635 2002 726 2062; x_wconf 79' lang='lat' dir='ltr'><strong>fiebat.</strong></span> <span class='ocrx_word' id='word_1_287' title='bbox 745 2008 811 2064; x_wconf 89' lang='lat' dir='ltr'><strong>ltem</strong></span> <span class='ocrx_word' id='word_1_288' title='bbox 827 2010 870 2067; x_wconf 88' lang='lat' dir='ltr'><strong>le-</strong></span> 
     </span>
    </p>
   </div>
   <div class='ocr_carea' id='block_1_9' title="bbox 67 2093 869 2267">
    <p class='ocr_par' dir='ltr' id='par_1_10' title="bbox 67 2093 869 2267">
     <span class='ocr_line' id='line_1_39' title="bbox 67 2093 869 2170; baseline 0.02 -24"><span class='ocrx_word' id='word_1_289' title='bbox 67 2094 144 2164; x_wconf 89' lang='lat' dir='ltr'><strong>gitur</strong></span> <span class='ocrx_word' id='word_1_290' title='bbox 158 2093 309 2162; x_wconf 78' lang='lat' dir='ltr'><strong>&#39;lharsitius</strong></span> <span class='ocrx_word' id='word_1_291' title='bbox 332 2109 437 2166; x_wconf 74' lang='lat' dir='ltr'><strong>martyr</strong></span> <span class='ocrx_word' id='word_1_292' title='bbox 449 2112 547 2168; x_wconf 92' lang='lat' dir='ltr'><strong>corpus</strong></span> <span class='ocrx_word' id='word_1_293' title='bbox 569 2100 678 2155; x_wconf 86' lang='lat' dir='ltr'><strong>bomini</strong></span> <span class='ocrx_word' id='word_1_294' title='bbox 695 2101 793 2170; x_wconf 82' lang='lat' dir='ltr'><strong>larena,</strong></span> <span class='ocrx_word' id='word_1_295' title='bbox 809 2121 869 2162; x_wconf 92' lang='lat' dir='ltr'><strong>curn</strong></span> 
     </span>
     <span class='ocr_line' id='line_1_40' title="bbox 68 2182 868 2267; baseline 0.019 -31"><span class='ocrx_word' id='word_1_296' title='bbox 68 2195 85 2236; x_wconf 95' lang='lat' dir='ltr'><strong>a</strong></span> <span class='ocrx_word' id='word_1_297' title='bbox 112 2182 231 2255; x_wconf 88' lang='lat' dir='ltr'><strong>paganis</strong></span> <span class='ocrx_word' id='word_1_298' title='bbox 250 2185 460 2255; x_wconf 82' lang='lat' dir='ltr'><strong>cotnprehensue</strong></span> <span class='ocrx_word' id='word_1_299' title='bbox 479 2187 667 2258; x_wconf 88' lang='lat' dir='ltr'><strong>requireretur</strong></span> <span class='ocrx_word' id='word_1_300' title='bbox 688 2191 753 2261; x_wconf 93' lang='lat' dir='ltr'><strong>quid</strong></span> <span class='ocrx_word' id='word_1_301' title='bbox 776 2192 868 2267; x_wconf 84' lang='lat' dir='ltr'><strong>terret,</strong></span> 
     </span>
    </p>
   </div>
   <div class='ocr_carea' id='block_1_10' title="bbox 64 2282 869 2801">
    <p class='ocr_par' dir='ltr' id='par_1_11' title="bbox 64 2282 869 2801">
     <span class='ocr_line' id='line_1_41' title="bbox 67 2282 869 2360; baseline 0.019 -26"><span class='ocrx_word' id='word_1_302' title='bbox 67 2286 93 2334; x_wconf 88' lang='lat' dir='ltr'><strong>et</strong></span> <span class='ocrx_word' id='word_1_303' title='bbox 122 2288 245 2336; x_wconf 85' lang='lat' dir='ltr'><strong>sanctum</strong></span> <span class='ocrx_word' id='word_1_304' title='bbox 268 2282 380 2337; x_wconf 87' lang='lat' dir='ltr'><strong>canibus</strong></span> <span class='ocrx_word' id='word_1_305' title='bbox 401 2282 468 2339; x_wconf 91' lang='lat' dir='ltr'><strong>dare</strong></span> <span class='ocrx_word' id='word_1_306' title='bbox 492 2284 593 2353; x_wconf 87' lang='lat' dir='ltr'><strong>uellet,</strong></span> <span class='ocrx_word' id='word_1_307' title='bbox 616 2288 772 2360; x_wconf 75' lang='lat' dir='ltr'><strong>martyrium</strong></span> <span class='ocrx_word' id='word_1_308' title='bbox 794 2293 869 2348; x_wconf 88' lang='lat' dir='ltr'><strong>obti-</strong></span> 
     </span>
     <span class='ocr_line' id='line_1_42' title="bbox 67 2367 869 2451; baseline 0.019 -29"><span class='ocrx_word' id='word_1_309' title='bbox 67 2367 171 2424; x_wconf 84' lang='lat' dir='ltr'><strong>nuisse.</strong></span> <span class='ocrx_word' id='word_1_310' title='bbox 185 2368 307 2440; x_wconf 83' lang='lat' dir='ltr'><strong>Cumque</strong></span> <span class='ocrx_word' id='word_1_311' title='bbox 322 2370 371 2427; x_wconf 93' lang='lat' dir='ltr'><strong>illo</strong></span> <span class='ocrx_word' id='word_1_312' title='bbox 384 2379 490 2428; x_wconf 90' lang='lat' dir='ltr'><strong>mortuo</strong></span> <span class='ocrx_word' id='word_1_313' title='bbox 505 2374 613 2430; x_wconf 88' lang='lat' dir='ltr'><strong>curiose</strong></span> <span class='ocrx_word' id='word_1_314' title='bbox 633 2384 788 2448; x_wconf 76' lang='lat' dir='ltr'><strong>quaererent</strong></span> <span class='ocrx_word' id='word_1_315' title='bbox 803 2382 869 2451; x_wconf 93' lang='lat' dir='ltr'><strong>quid</strong></span> 
     </span>
     <span class='ocr_line' id='line_1_43' title="bbox 66 2457 868 2533; baseline 0.019 -22"><span class='ocrx_word' id='word_1_316' title='bbox 66 2457 162 2525; x_wconf 79' lang='lat' dir='ltr'><strong>ferret,</strong></span> <span class='ocrx_word' id='word_1_317' title='bbox 186 2473 300 2530; x_wconf 89' lang='lat' dir='ltr'><strong>corpore</strong></span> <span class='ocrx_word' id='word_1_318' title='bbox 324 2459 426 2515; x_wconf 75' lang='lat' dir='ltr'><strong>Christi</strong></span> <span class='ocrx_word' id='word_1_319' title='bbox 450 2462 555 2517; x_wconf 89' lang='lat' dir='ltr'><strong>coelitus</strong></span> <span class='ocrx_word' id='word_1_320' title='bbox 572 2463 690 2533; x_wconf 88' lang='lat' dir='ltr'><strong>sublato,</strong></span> <span class='ocrx_word' id='word_1_321' title='bbox 713 2466 868 2526; x_wconf 88' lang='lat' dir='ltr'><strong>linteamina</strong></span> 
     </span>
     <span class='ocr_line' id='line_1_44' title="bbox 116 2547 863 2625; baseline 0.014 -20.31"><span class='ocrx_word' id='word_1_322' title='bbox 116 2555 223 2603; x_wconf 90' lang='lat' dir='ltr'><strong>tantum</strong></span> <span class='ocrx_word' id='word_1_323' title='bbox 238 2547 336 2619; x_wconf 91' lang='lat' dir='ltr'><strong>quibus</strong></span> <span class='ocrx_word' id='word_1_324' title='bbox 351 2547 438 2619; x_wconf 89' lang='lat' dir='ltr'><strong>ipsum</strong></span> <span class='ocrx_word' id='word_1_325' title='bbox 453 2551 651 2619; x_wconf 84' lang='lat' dir='ltr'><strong>continebatur,</strong></span> <span class='ocrx_word' id='word_1_326' title='bbox 664 2561 775 2625; x_wconf 88' lang='lat' dir='ltr'><strong>reperta</strong></span> <span class='ocrx_word' id='word_1_327' title='bbox 788 2569 863 2615; x_wconf 90' lang='lat' dir='ltr'><strong>sunt.</strong></span> 
     </span>
     <span class='ocr_line' id='line_1_45' title="bbox 64 2636 868 2709; baseline 0.012 -14"><span class='ocrx_word' id='word_1_328' title='bbox 64 2639 113 2696; x_wconf 90' lang='lat' dir='ltr'><strong>Sic</strong></span> <span class='ocrx_word' id='word_1_329' title='bbox 127 2646 155 2693; x_wconf 92' lang='lat' dir='ltr'><strong>et</strong></span> <span class='ocrx_word' id='word_1_330' title='bbox 169 2637 223 2692; x_wconf 90' lang='lat' dir='ltr'><strong>alia</strong></span> <span class='ocrx_word' id='word_1_331' title='bbox 238 2636 320 2692; x_wconf 87' lang='lat' dir='ltr'><strong>multa</strong></span> <span class='ocrx_word' id='word_1_332' title='bbox 337 2638 364 2692; x_wconf 91' lang='lat' dir='ltr'><strong>in</strong></span> <span class='ocrx_word' id='word_1_333' title='bbox 378 2638 429 2693; x_wconf 92' lang='lat' dir='ltr'><strong>boc</strong></span> <span class='ocrx_word' id='word_1_334' title='bbox 445 2639 577 2709; x_wconf 79' lang='lat' dir='ltr'><strong>spirituali</strong></span> <span class='ocrx_word' id='word_1_335' title='bbox 588 2653 756 2703; x_wconf 87' lang='lat' dir='ltr'><strong>sacramento</strong></span> <span class='ocrx_word' id='word_1_336' title='bbox 769 2647 868 2704; x_wconf 84' lang='lat' dir='ltr'><strong>invisi·</strong></span> 
     </span>
     <span class='ocr_line' id='line_1_46' title="bbox 64 2725 794 2801; baseline 0.012 -19"><span class='ocrx_word' id='word_1_337' title='bbox 64 2728 158 2783; x_wconf 88' lang='lat' dir='ltr'><strong>biliter</strong></span> <span class='ocrx_word' id='word_1_338' title='bbox 170 2725 230 2783; x_wconf 85' lang='lat' dir='ltr'><strong>lieri</strong></span> <span class='ocrx_word' id='word_1_339' title='bbox 245 2726 378 2782; x_wconf 85' lang='lat' dir='ltr'><strong>credenda</strong></span> <span class='ocrx_word' id='word_1_340' title='bbox 393 2736 472 2794; x_wconf 89' lang='lat' dir='ltr'><strong>suut,</strong></span> <span class='ocrx_word' id='word_1_341' title='bbox 489 2729 618 2801; x_wconf 85' lang='lat' dir='ltr'><strong>angelico</strong></span> <span class='ocrx_word' id='word_1_342' title='bbox 633 2732 794 2792; x_wconf 86' lang='lat' dir='ltr'><strong>ministerio.</strong></span> 
     </span>
    </p>
   </div>
   <div class='ocr_carea' id='block_1_11' title="bbox 100 2832 867 2914">
    <p class='ocr_par' dir='ltr' id='par_1_12' title="bbox 100 2832 867 2914">
     <span class='ocr_line' id='line_1_47' title="bbox 100 2832 867 2914; baseline 0.014 -25"><span class='ocrx_word' id='word_1_343' title='bbox 100 2832 241 2905; x_wconf 79' lang='lat' dir='ltr'><strong>Quidquid</strong></span> <span class='ocrx_word' id='word_1_344' title='bbox 275 2832 358 2904; x_wconf 83' lang='lat' dir='ltr'><strong>igitur</strong></span> <span class='ocrx_word' id='word_1_345' title='bbox 389 2833 416 2888; x_wconf 93' lang='lat' dir='ltr'><strong>iu</strong></span> <span class='ocrx_word' id='word_1_346' title='bbox 449 2846 621 2893; x_wconf 86' lang='lat' dir='ltr'><strong>sacramento</strong></span> <span class='ocrx_word' id='word_1_347' title='bbox 645 2839 745 2895; x_wconf 86' lang='lat' dir='ltr'><strong>Christi</strong></span> <span class='ocrx_word' id='word_1_348' title='bbox 774 2844 867 2914; x_wconf 89' lang='lat' dir='ltr'><strong>specie</strong></span> 
     </span>
    </p>
   </div>
   <div class='ocr_carea' id='block_1_12' title="bbox 64 2921 903 3012">
    <p class='ocr_par' dir='ltr' id='par_1_13' title="bbox 64 2921 903 3012">
     <span class='ocr_line' id='line_1_48' title="bbox 64 2921 903 3012; baseline 0.008 -31"><span class='ocrx_word' id='word_1_349' title='bbox 64 2933 155 2990; x_wconf 87' lang='lat' dir='ltr'><strong>lenus,</strong></span> <span class='ocrx_word' id='word_1_350' title='bbox 177 2931 206 2977; x_wconf 96' lang='lat' dir='ltr'><strong>ut</strong></span> <span class='ocrx_word' id='word_1_351' title='bbox 229 2922 330 2978; x_wconf 87' lang='lat' dir='ltr'><strong>dictum</strong></span> <span class='ocrx_word' id='word_1_352' title='bbox 355 2927 414 2990; x_wconf 87' lang='lat' dir='ltr'><strong>est,</strong></span> <span class='ocrx_word' id='word_1_353' title='bbox 439 2921 496 2978; x_wconf 86' lang='lat' dir='ltr'><strong>fieri</strong></span> <span class='ocrx_word' id='word_1_354' title='bbox 520 2927 602 2980; x_wconf 90' lang='lat' dir='ltr'><strong>etiam</strong></span> <span class='ocrx_word' id='word_1_355' title='bbox 626 2933 800 2988; x_wconf 83' lang='lat' dir='ltr'><strong>monstruose</strong></span> <span class='ocrx_word' id='word_1_356' title='bbox 820 2933 903 3012; x_wconf 49' lang='grc' dir='ltr'><strong>νεα</strong></span> 
     </span>
    </p>
   </div>
   <div class='ocr_carea' id='block_1_13' title="bbox 54 3011 865 4066">
    <p class='ocr_par' dir='ltr' id='par_1_14' title="bbox 54 3011 865 4066">
     <span class='ocr_line' id='line_1_49' title="bbox 64 3011 865 3088; baseline 0.011 -19"><span class='ocrx_word' id='word_1_357' title='bbox 64 3014 174 3078; x_wconf 85' lang='lat' dir='ltr'><strong>dentur,</strong></span> <span class='ocrx_word' id='word_1_358' title='bbox 188 3027 237 3067; x_wconf 87' lang='lat' dir='ltr'><strong>seu</strong></span> <span class='ocrx_word' id='word_1_359' title='bbox 252 3027 302 3083; x_wconf 88' lang='lat' dir='ltr'><strong>pro</strong></span> <span class='ocrx_word' id='word_1_360' title='bbox 316 3011 467 3081; x_wconf 88' lang='lat' dir='ltr'><strong>aliquorum</strong></span> <span class='ocrx_word' id='word_1_361' title='bbox 483 3014 652 3086; x_wconf 82' lang='lat' dir='ltr'><strong>negligentia</strong></span> <span class='ocrx_word' id='word_1_362' title='bbox 670 3019 806 3088; x_wconf 88' lang='lat' dir='ltr'><strong>punienda</strong></span> <span class='ocrx_word' id='word_1_363' title='bbox 821 3023 865 3077; x_wconf 90' lang='lat' dir='ltr'><strong>vel</strong></span> 
     </span>
     <span class='ocr_line' id='line_1_50' title="bbox 62 3100 864 3177; baseline 0.011 -22"><span class='ocrx_word' id='word_1_364' title='bbox 62 3101 238 3175; x_wconf 87' lang='lat' dir='ltr'><strong>corrigenda,</strong></span> <span class='ocrx_word' id='word_1_365' title='bbox 258 3116 306 3155; x_wconf 89' lang='lat' dir='ltr'><strong>seu</strong></span> <span class='ocrx_word' id='word_1_366' title='bbox 329 3116 378 3170; x_wconf 89' lang='lat' dir='ltr'><strong>pro</strong></span> <span class='ocrx_word' id='word_1_367' title='bbox 399 3100 451 3157; x_wconf 79' lang='lat' dir='ltr'><strong>fide</strong></span> <span class='ocrx_word' id='word_1_368' title='bbox 475 3103 614 3172; x_wconf 88' lang='lat' dir='ltr'><strong>probanda</strong></span> <span class='ocrx_word' id='word_1_369' title='bbox 638 3115 662 3160; x_wconf 91' lang='lat' dir='ltr'><strong>et</strong></span> <span class='ocrx_word' id='word_1_370' title='bbox 688 3107 864 3177; x_wconf 88' lang='lat' dir='ltr'><strong>instruenda,</strong></span> 
     </span>
     <span class='ocr_line' id='line_1_51' title="bbox 61 3189 864 3261; baseline 0.009 -14"><span class='ocrx_word' id='word_1_371' title='bbox 61 3208 110 3248; x_wconf 92' lang='lat' dir='ltr'><strong>seu</strong></span> <span class='ocrx_word' id='word_1_372' title='bbox 127 3206 177 3261; x_wconf 91' lang='lat' dir='ltr'><strong>pro</strong></span> <span class='ocrx_word' id='word_1_373' title='bbox 192 3189 359 3261; x_wconf 85' lang='lat' dir='ltr'><strong>perfidorum</strong></span> <span class='ocrx_word' id='word_1_374' title='bbox 375 3190 502 3245; x_wconf 87' lang='lat' dir='ltr'><strong>scandalo</strong></span> <span class='ocrx_word' id='word_1_375' title='bbox 518 3200 544 3246; x_wconf 91' lang='lat' dir='ltr'><strong>et</strong></span> <span class='ocrx_word' id='word_1_376' title='bbox 559 3193 647 3260; x_wconf 90' lang='lat' dir='ltr'><strong>ruina,</strong></span> <span class='ocrx_word' id='word_1_377' title='bbox 665 3194 747 3251; x_wconf 85' lang='lat' dir='ltr'><strong>iidem</strong></span> <span class='ocrx_word' id='word_1_378' title='bbox 761 3197 864 3254; x_wconf 89' lang='lat' dir='ltr'><strong>Christi</strong></span> 
     </span>
     <span class='ocr_line' id='line_1_52' title="bbox 62 3277 863 3350; baseline 0.006 -13"><span class='ocrx_word' id='word_1_379' title='bbox 62 3296 117 3337; x_wconf 83' lang='lat' dir='ltr'><strong>nou</strong></span> <span class='ocrx_word' id='word_1_380' title='bbox 132 3286 255 3345; x_wconf 86' lang='lat' dir='ltr'><strong>evacuat,</strong></span> <span class='ocrx_word' id='word_1_381' title='bbox 270 3277 345 3347; x_wconf 92' lang='lat' dir='ltr'><strong>quia,</strong></span> <span class='ocrx_word' id='word_1_382' title='bbox 360 3277 534 3348; x_wconf 85' lang='lat' dir='ltr'><strong>dispensante</strong></span> <span class='ocrx_word' id='word_1_383' title='bbox 548 3280 629 3337; x_wconf 88' lang='lat' dir='ltr'><strong>aliter</strong></span> <span class='ocrx_word' id='word_1_384' title='bbox 654 3284 720 3350; x_wconf 86' lang='lat' dir='ltr'><strong>Deo,</strong></span> <span class='ocrx_word' id='word_1_385' title='bbox 742 3285 863 3343; x_wconf 90' lang='lat' dir='ltr'><strong>nullate·</strong></span> 
     </span>
     <span class='ocr_line' id='line_1_53' title="bbox 59 3367 862 3439; baseline 0.007 -14"><span class='ocrx_word' id='word_1_386' title='bbox 59 3387 112 3425; x_wconf 89' lang='lat' dir='ltr'><strong>nus</strong></span> <span class='ocrx_word' id='word_1_387' title='bbox 128 3367 220 3425; x_wconf 89' lang='lat' dir='ltr'><strong>adsui</strong></span> <span class='ocrx_word' id='word_1_388' title='bbox 243 3368 367 3438; x_wconf 86' lang='lat' dir='ltr'><strong>corporis</strong></span> <span class='ocrx_word' id='word_1_389' title='bbox 391 3368 579 3439; x_wconf 87' lang='lat' dir='ltr'><strong>indignitatem</strong></span> <span class='ocrx_word' id='word_1_390' title='bbox 604 3372 719 3429; x_wconf 88' lang='lat' dir='ltr'><strong>attinere</strong></span> <span class='ocrx_word' id='word_1_391' title='bbox 742 3376 862 3431; x_wconf 89' lang='lat' dir='ltr'><strong>creden-</strong></span> 
     </span>
     <span class='ocr_line' id='line_1_54' title="bbox 59 3456 862 3536; baseline 0.007 -22"><span class='ocrx_word' id='word_1_392' title='bbox 59 3460 128 3515; x_wconf 89' lang='lat' dir='ltr'><strong>dum</strong></span> <span class='ocrx_word' id='word_1_393' title='bbox 151 3466 202 3513; x_wconf 92' lang='lat' dir='ltr'><strong>est.</strong></span> <span class='ocrx_word' id='word_1_394' title='bbox 222 3457 280 3512; x_wconf 82' lang='lat' dir='ltr'><strong>Nec</strong></span> <span class='ocrx_word' id='word_1_395' title='bbox 300 3456 388 3510; x_wconf 90' lang='lat' dir='ltr'><strong>solnm</strong></span> <span class='ocrx_word' id='word_1_396' title='bbox 412 3458 519 3528; x_wconf 89' lang='lat' dir='ltr'><strong>corpori</strong></span> <span class='ocrx_word' id='word_1_397' title='bbox 544 3458 662 3525; x_wconf 88' lang='lat' dir='ltr'><strong>Christi,</strong></span> <span class='ocrx_word' id='word_1_398' title='bbox 687 3463 735 3516; x_wconf 89' lang='lat' dir='ltr'><strong>sed</strong></span> <span class='ocrx_word' id='word_1_399' title='bbox 759 3465 862 3536; x_wconf 84' lang='lat' dir='ltr'><strong>stipsi</strong></span> 
     </span>
     <span class='ocr_line' id='line_1_55' title="bbox 57 3544 861 3623; baseline 0.005 -19"><span class='ocrx_word' id='word_1_400' title='bbox 57 3554 233 3604; x_wconf 87' lang='lat' dir='ltr'><strong>sacramento</strong></span> <span class='ocrx_word' id='word_1_401' title='bbox 248 3544 347 3601; x_wconf 88' lang='lat' dir='ltr'><strong>visibili</strong></span> <span class='ocrx_word' id='word_1_402' title='bbox 362 3548 461 3601; x_wconf 90' lang='lat' dir='ltr'><strong>eadem</strong></span> <span class='ocrx_word' id='word_1_403' title='bbox 477 3563 559 3602; x_wconf 86' lang='lat' dir='ltr'><strong>eausa</strong></span> <span class='ocrx_word' id='word_1_404' title='bbox 573 3565 711 3605; x_wconf 88' lang='lat' dir='ltr'><strong>mucorem</strong></span> <span class='ocrx_word' id='word_1_405' title='bbox 730 3567 861 3623; x_wconf 87' lang='lat' dir='ltr'><strong>negamus</strong></span> 
     </span>
     <span class='ocr_line' id='line_1_56' title="bbox 57 3635 859 3709; baseline 0.004 -15"><span class='ocrx_word' id='word_1_406' title='bbox 57 3646 85 3695; x_wconf 90' lang='lat' dir='ltr'><strong>et</strong></span> <span class='ocrx_word' id='word_1_407' title='bbox 100 3635 287 3705; x_wconf 89' lang='lat' dir='ltr'><strong>putredinem,</strong></span> <span class='ocrx_word' id='word_1_408' title='bbox 304 3650 358 3706; x_wconf 92' lang='lat' dir='ltr'><strong>qua</strong></span> <span class='ocrx_word' id='word_1_409' title='bbox 374 3635 499 3705; x_wconf 86' lang='lat' dir='ltr'><strong>superius</strong></span> <span class='ocrx_word' id='word_1_410' title='bbox 514 3635 705 3708; x_wconf 87' lang='lat' dir='ltr'><strong>digestionem,</strong></span> <span class='ocrx_word' id='word_1_411' title='bbox 721 3642 784 3709; x_wconf 89' lang='lat' dir='ltr'><strong>quia</strong></span> <span class='ocrx_word' id='word_1_412' title='bbox 798 3658 859 3697; x_wconf 91' lang='lat' dir='ltr'><strong>eum</strong></span> 
     </span>
     <span class='ocr_line' id='line_1_57' title="bbox 55 3724 857 3801; baseline 0.004 -18"><span class='ocrx_word' id='word_1_413' title='bbox 55 3727 113 3783; x_wconf 83' lang='lat' dir='ltr'><strong>illae</strong></span> <span class='ocrx_word' id='word_1_414' title='bbox 129 3726 237 3796; x_wconf 87' lang='lat' dir='ltr'><strong>species</strong></span> <span class='ocrx_word' id='word_1_415' title='bbox 258 3725 317 3779; x_wconf 86' lang='lat' dir='ltr'><strong>siue</strong></span> <span class='ocrx_word' id='word_1_416' title='bbox 337 3725 413 3795; x_wconf 89' lang='lat' dir='ltr'><strong>panis</strong></span> <span class='ocrx_word' id='word_1_417' title='bbox 426 3732 453 3779; x_wconf 91' lang='lat' dir='ltr'><strong>et</strong></span> <span class='ocrx_word' id='word_1_418' title='bbox 469 3724 522 3778; x_wconf 85' lang='lat' dir='ltr'><strong>vini</strong></span> <span class='ocrx_word' id='word_1_419' title='bbox 538 3724 690 3782; x_wconf 87' lang='lat' dir='ltr'><strong>substantia</strong></span> <span class='ocrx_word' id='word_1_420' title='bbox 709 3730 772 3794; x_wconf 89' lang='lat' dir='ltr'><strong>sint,</strong></span> <span class='ocrx_word' id='word_1_421' title='bbox 788 3746 857 3801; x_wconf 90' lang='lat' dir='ltr'><strong>quo·</strong></span> 
     </span>
     <span class='ocr_line' id='line_1_58' title="bbox 56 3814 858 3889; baseline 0.002 -17"><span class='ocrx_word' id='word_1_422' title='bbox 56 3815 142 3873; x_wconf 86' lang='lat' dir='ltr'><strong>modo</strong></span> <span class='ocrx_word' id='word_1_423' title='bbox 165 3829 323 3870; x_wconf 88' lang='lat' dir='ltr'><strong>mucescere</strong></span> <span class='ocrx_word' id='word_1_424' title='bbox 345 3820 371 3868; x_wconf 92' lang='lat' dir='ltr'><strong>et</strong></span> <span class='ocrx_word' id='word_1_425' title='bbox 391 3826 548 3883; x_wconf 88' lang='lat' dir='ltr'><strong>putrescere</strong></span> <span class='ocrx_word' id='word_1_426' title='bbox 570 3814 659 3886; x_wconf 84' lang='lat' dir='ltr'><strong>magis</strong></span> <span class='ocrx_word' id='word_1_427' title='bbox 675 3832 754 3886; x_wconf 88' lang='lat' dir='ltr'><strong>qnam</strong></span> <span class='ocrx_word' id='word_1_428' title='bbox 770 3817 858 3889; x_wconf 86' lang='lat' dir='ltr'><strong>digeri</strong></span> 
     </span>
     <span class='ocr_line' id='line_1_59' title="bbox 55 3901 855 3979; baseline 0.003 -18"><span class='ocrx_word' id='word_1_429' title='bbox 55 3904 177 3979; x_wconf 86' lang='lat' dir='ltr'><strong>possint,</strong></span> <span class='ocrx_word' id='word_1_430' title='bbox 190 3918 244 3958; x_wconf 90' lang='lat' dir='ltr'><strong>non</strong></span> <span class='ocrx_word' id='word_1_431' title='bbox 260 3901 346 3957; x_wconf 79' lang='lat' dir='ltr'><strong>facilis</strong></span> <span class='ocrx_word' id='word_1_432' title='bbox 359 3909 433 3973; x_wconf 86' lang='lat' dir='ltr'><strong>patet</strong></span> <span class='ocrx_word' id='word_1_433' title='bbox 449 3917 539 3957; x_wconf 87' lang='lat' dir='ltr'><strong>causa.</strong></span> <span class='ocrx_word' id='word_1_434' title='bbox 549 3902 619 3973; x_wconf 83' lang='lat' dir='ltr'><strong>lpsis</strong></span> <span class='ocrx_word' id='word_1_435' title='bbox 628 3918 692 3959; x_wconf 89' lang='lat' dir='ltr'><strong>vero</strong></span> <span class='ocrx_word' id='word_1_436' title='bbox 701 3906 855 3975; x_wconf 88' lang='lat' dir='ltr'><strong>speciebus,</strong></span> 
     </span>
     <span class='ocr_line' id='line_1_60' title="bbox 54 3990 855 4066; baseline -0.001 -14"><span class='ocrx_word' id='word_1_437' title='bbox 54 4011 119 4052; x_wconf 89' lang='lat' dir='ltr'><strong>eum</strong></span> <span class='ocrx_word' id='word_1_438' title='bbox 134 4009 189 4049; x_wconf 90' lang='lat' dir='ltr'><strong>non</strong></span> <span class='ocrx_word' id='word_1_439' title='bbox 202 3994 256 4048; x_wconf 90' lang='lat' dir='ltr'><strong>sint</strong></span> <span class='ocrx_word' id='word_1_440' title='bbox 269 3998 388 4056; x_wconf 73' lang='lat' dir='ltr'><strong>aeternar,</strong></span> <span class='ocrx_word' id='word_1_441' title='bbox 405 3990 543 4045; x_wconf 85' lang='lat' dir='ltr'><strong>delectum</strong></span> <span class='ocrx_word' id='word_1_442' title='bbox 559 4007 659 4063; x_wconf 88' lang='lat' dir='ltr'><strong>negare</strong></span> <span class='ocrx_word' id='word_1_443' title='bbox 683 4010 735 4048; x_wconf 92' lang='lat' dir='ltr'><strong>nou</strong></span> <span class='ocrx_word' id='word_1_444' title='bbox 758 4011 855 4066; x_wconf 83' lang='lat' dir='ltr'><strong>possu-</strong></span> 
     </span>
    </p>
   </div>
   <div class='ocr_carea' id='block_1_14' title="bbox 923 1754 1457 1902">
    <p class='ocr_par' dir='ltr' id='par_1_15' title="bbox 923 1754 1457 1902">
     <span class='ocr_line' id='line_1_61' title="bbox 959 1754 1457 1828; baseline 0.026 -18"><span class='ocrx_word' id='word_1_445' title='bbox 959 1754 1138 1828; x_wconf 84' lang='lat' dir='ltr'><strong>Quapropter,</strong></span> <span class='ocrx_word' id='word_1_446' title='bbox 1164 1759 1232 1817; x_wconf 88' lang='lat' dir='ltr'><strong>sicut</strong></span> <span class='ocrx_word' id='word_1_447' title='bbox 1255 1778 1364 1820; x_wconf 86' lang='lat' dir='ltr'><strong>summa</strong></span> <span class='ocrx_word' id='word_1_448' title='bbox 1388 1769 1457 1823; x_wconf 88' lang='lat' dir='ltr'><strong>sumi</strong></span> 
     </span>
     <span class='ocr_line' id='line_1_62' title="bbox 923 1848 1143 1902; baseline 0.023 -4"><span class='ocrx_word' id='word_1_449' title='bbox 923 1860 1029 1900; x_wconf 87' lang='lat' dir='ltr'><strong>sumina</strong></span> <span class='ocrx_word' id='word_1_450' title='bbox 1061 1848 1143 1902; x_wconf 92' lang='lat' dir='ltr'><strong>etiarn</strong></span> 
     </span>
    </p>
   </div>
   <div class='ocr_carea' id='block_1_15' title="bbox 910 1774 1721 4060">
    <p class='ocr_par' dir='ltr' id='par_1_16' title="bbox 919 1774 1721 2547">
     <span class='ocr_line' id='line_1_63' title="bbox 1485 1774 1721 1844; baseline 0.038 -19"><span class='ocrx_word' id='word_1_451' title='bbox 1485 1774 1657 1844; x_wconf 83' lang='lat' dir='ltr'><strong>reverentia,</strong></span> <span class='ocrx_word' id='word_1_452' title='bbox 1682 1776 1721 1834; x_wconf 91' lang='lat' dir='ltr'><strong>sic</strong></span> 
     </span>
     <span class='ocr_line' id='line_1_64' title="bbox 1175 1850 1721 1934; baseline 0.033 -30"><span class='ocrx_word' id='word_1_453' title='bbox 1175 1850 1284 1905; x_wconf 86' lang='lat' dir='ltr'><strong>servari</strong></span> <span class='ocrx_word' id='word_1_454' title='bbox 1301 1853 1382 1910; x_wconf 87' lang='lat' dir='ltr'><strong>debet</strong></span> <span class='ocrx_word' id='word_1_455' title='bbox 1403 1856 1556 1930; x_wconf 87' lang='lat' dir='ltr'><strong>diligentia;</strong></span> <span class='ocrx_word' id='word_1_456' title='bbox 1585 1864 1648 1934; x_wconf 90' lang='lat' dir='ltr'><strong>quia</strong></span> <span class='ocrx_word' id='word_1_457' title='bbox 1675 1881 1721 1922; x_wconf 85' lang='lat' dir='ltr'><strong>res</strong></span> 
     </span>
     <span class='ocr_line' id='line_1_65' title="bbox 921 1934 1717 2022; baseline 0.03 -36"><span class='ocrx_word' id='word_1_458' title='bbox 921 1940 1003 1989; x_wconf 77' lang='lat' dir='ltr'><strong>tantae</strong></span> <span class='ocrx_word' id='word_1_459' title='bbox 1018 1934 1168 2007; x_wconf 89' lang='lat' dir='ltr'><strong>dignitatis,</strong></span> <span class='ocrx_word' id='word_1_460' title='bbox 1186 1945 1321 2012; x_wconf 77' lang='lat' dir='ltr'><strong>mutaeque</strong></span> <span class='ocrx_word' id='word_1_461' title='bbox 1345 1944 1451 2014; x_wconf 86' lang='lat' dir='ltr'><strong>salutis,</strong></span> <span class='ocrx_word' id='word_1_462' title='bbox 1474 1947 1649 2022; x_wconf 69' lang='lat' dir='ltr'><strong>negligentia</strong></span> <span class='ocrx_word' id='word_1_463' title='bbox 1672 1954 1717 2010; x_wconf 91' lang='lat' dir='ltr'><strong>vel</strong></span> 
     </span>
     <span class='ocr_line' id='line_1_66' title="bbox 920 2022 1716 2114; baseline 0.025 -36"><span class='ocrx_word' id='word_1_464' title='bbox 920 2022 1051 2080; x_wconf 91' lang='lat' dir='ltr'><strong>oblivioni</strong></span> <span class='ocrx_word' id='word_1_465' title='bbox 1084 2025 1225 2095; x_wconf 86' lang='lat' dir='ltr'><strong>subjacere</strong></span> <span class='ocrx_word' id='word_1_466' title='bbox 1248 2045 1302 2085; x_wconf 92' lang='lat' dir='ltr'><strong>non</strong></span> <span class='ocrx_word' id='word_1_467' title='bbox 1326 2031 1423 2100; x_wconf 89' lang='lat' dir='ltr'><strong>debet,</strong></span> <span class='ocrx_word' id='word_1_468' title='bbox 1449 2035 1499 2091; x_wconf 86' lang='lat' dir='ltr'><strong>sed</strong></span> <span class='ocrx_word' id='word_1_469' title='bbox 1523 2039 1596 2109; x_wconf 92' lang='lat' dir='ltr'><strong>quod</strong></span> <span class='ocrx_word' id='word_1_470' title='bbox 1618 2057 1716 2114; x_wconf 86' lang='lat' dir='ltr'><strong>magua</strong></span> 
     </span>
     <span class='ocr_line' id='line_1_67' title="bbox 919 2112 1716 2201; baseline 0.028 -35"><span class='ocrx_word' id='word_1_471' title='bbox 919 2112 968 2167; x_wconf 89' lang='lat' dir='ltr'><strong>Dei</strong></span> <span class='ocrx_word' id='word_1_472' title='bbox 984 2115 1071 2185; x_wconf 85' lang='lat' dir='ltr'><strong>gretia</strong></span> <span class='ocrx_word' id='word_1_473' title='bbox 1090 2116 1190 2187; x_wconf 88' lang='lat' dir='ltr'><strong>agitur,</strong></span> <span class='ocrx_word' id='word_1_474' title='bbox 1207 2115 1286 2173; x_wconf 92' lang='lat' dir='ltr'><strong>decet</strong></span> <span class='ocrx_word' id='word_1_475' title='bbox 1308 2123 1336 2175; x_wconf 90' lang='lat' dir='ltr'><strong>et</strong></span> <span class='ocrx_word' id='word_1_476' title='bbox 1358 2129 1466 2192; x_wconf 89' lang='lat' dir='ltr'><strong>oportet</strong></span> <span class='ocrx_word' id='word_1_477' title='bbox 1486 2134 1515 2180; x_wconf 94' lang='lat' dir='ltr'><strong>ut</strong></span> <span class='ocrx_word' id='word_1_478' title='bbox 1536 2143 1637 2201; x_wconf 86' lang='lat' dir='ltr'><strong>magna</strong></span> <span class='ocrx_word' id='word_1_479' title='bbox 1659 2131 1716 2189; x_wconf 88' lang='lat' dir='ltr'><strong>Ec·</strong></span> 
     </span>
     <span class='ocr_line' id='line_1_68' title="bbox 919 2201 1716 2292; baseline 0.028 -37"><span class='ocrx_word' id='word_1_480' title='bbox 919 2201 1010 2257; x_wconf 78' lang='lat' dir='ltr'><strong>clasiae</strong></span> <span class='ocrx_word' id='word_1_481' title='bbox 1032 2203 1229 2273; x_wconf 90' lang='lat' dir='ltr'><strong>sollicitudine,</strong></span> <span class='ocrx_word' id='word_1_482' title='bbox 1252 2206 1352 2264; x_wconf 91' lang='lat' dir='ltr'><strong>devote</strong></span> <span class='ocrx_word' id='word_1_483' title='bbox 1376 2217 1404 2266; x_wconf 89' lang='lat' dir='ltr'><strong>et</strong></span> <span class='ocrx_word' id='word_1_484' title='bbox 1425 2210 1611 2274; x_wconf 86' lang='lat' dir='ltr'><strong>indesinenter</strong></span> <span class='ocrx_word' id='word_1_485' title='bbox 1633 2235 1716 2292; x_wconf 90' lang='lat' dir='ltr'><strong>super</strong></span> 
     </span>
     <span class='ocr_line' id='line_1_69' title="bbox 919 2291 1179 2350; baseline 0.019 -5"><span class='ocrx_word' id='word_1_486' title='bbox 919 2291 1013 2347; x_wconf 90' lang='lat' dir='ltr'><strong>omnia</strong></span> <span class='ocrx_word' id='word_1_487' title='bbox 1026 2293 1179 2350; x_wconf 89' lang='lat' dir='ltr'><strong>honoretur.</strong></span> 
     </span>
     <span class='ocr_line' id='line_1_70' title="bbox 1238 2367 1410 2427; baseline 0.023 -4"><span class='ocrx_word' id='word_1_488' title='bbox 1238 2367 1350 2426; x_wconf 74' lang='lat' dir='ltr'><strong>cavet</strong></span> <span class='ocrx_word' id='word_1_489' title='bbox 1376 2372 1410 2427; x_wconf 89' lang='lat' dir='ltr'><strong>tt.</strong></span> 
     </span>
     <span class='ocr_line' id='line_1_71' title="bbox 979 2462 1652 2547; baseline 0.027 -29"><span class='ocrx_word' id='word_1_490' title='bbox 979 2462 1034 2519; x_wconf 85' lang='lat' dir='ltr'><strong>Cur</strong></span> <span class='ocrx_word' id='word_1_491' title='bbox 1048 2464 1154 2521; x_wconf 80' lang='lat' dir='ltr'><strong>visibile</strong></span> <span class='ocrx_word' id='word_1_492' title='bbox 1169 2467 1351 2536; x_wconf 81' lang='lat' dir='ltr'><strong>sacrificium,</strong></span> <span class='ocrx_word' id='word_1_493' title='bbox 1368 2471 1507 2530; x_wconf 84' lang='lat' dir='ltr'><strong>invisibili</strong></span> <span class='ocrx_word' id='word_1_494' title='bbox 1520 2476 1575 2534; x_wconf 81' lang='lat' dir='ltr'><strong>Deo</strong></span> <span class='ocrx_word' id='word_1_495' title='bbox 1590 2478 1652 2547; x_wconf 74' lang='lat' dir='ltr'><strong>fiet.</strong></span> 
     </span>
    </p>

    <p class='ocr_par' dir='ltr' id='par_1_17' title="bbox 910 2560 1716 4060">
     <span class='ocr_line' id='line_1_72' title="bbox 953 2560 1712 2634; baseline 0.022 -17"><span class='ocrx_word' id='word_1_496' title='bbox 953 2560 1088 2626; x_wconf 85' lang='lat' dir='ltr'><strong>Quaeritur</strong></span> <span class='ocrx_word' id='word_1_497' title='bbox 1100 2568 1190 2619; x_wconf 88' lang='lat' dir='ltr'><strong>autem</strong></span> <span class='ocrx_word' id='word_1_498' title='bbox 1204 2580 1266 2621; x_wconf 88' lang='lat' dir='ltr'><strong>curu</strong></span> <span class='ocrx_word' id='word_1_499' title='bbox 1281 2565 1447 2625; x_wconf 85' lang='lat' dir='ltr'><strong>sacrificinm</strong></span> <span class='ocrx_word' id='word_1_500' title='bbox 1458 2571 1592 2631; x_wconf 77' lang='lat' dir='ltr'><strong>Ecclesiae</strong></span> <span class='ocrx_word' id='word_1_501' title='bbox 1606 2584 1712 2634; x_wconf 89' lang='lat' dir='ltr'><strong>constet</strong></span> 
     </span>
     <span class='ocr_line' id='line_1_73' title="bbox 917 2650 1714 2731; baseline 0.023 -26"><span class='ocrx_word' id='word_1_502' title='bbox 917 2650 1016 2707; x_wconf 86' lang='lat' dir='ltr'><strong>visibili</strong></span> <span class='ocrx_word' id='word_1_503' title='bbox 1038 2653 1233 2709; x_wconf 90' lang='lat' dir='ltr'><strong>elementorum</strong></span> <span class='ocrx_word' id='word_1_504' title='bbox 1252 2656 1355 2731; x_wconf 85' lang='lat' dir='ltr'><strong>specie,</strong></span> <span class='ocrx_word' id='word_1_505' title='bbox 1371 2674 1418 2713; x_wconf 91' lang='lat' dir='ltr'><strong>cur</strong></span> <span class='ocrx_word' id='word_1_506' title='bbox 1431 2661 1506 2716; x_wconf 85' lang='lat' dir='ltr'><strong>Deus</strong></span> <span class='ocrx_word' id='word_1_507' title='bbox 1524 2663 1589 2718; x_wconf 92' lang='lat' dir='ltr'><strong>illud</strong></span> <span class='ocrx_word' id='word_1_508' title='bbox 1606 2667 1714 2724; x_wconf 88' lang='lat' dir='ltr'><strong>visibile</strong></span> 
     </span>
     <span class='ocr_line' id='line_1_74' title="bbox 917 2741 1712 2817; baseline 0.018 -20"><span class='ocrx_word' id='word_1_509' title='bbox 917 2756 977 2797; x_wconf 88' lang='lat' dir='ltr'><strong>esse</strong></span> <span class='ocrx_word' id='word_1_510' title='bbox 1009 2741 1140 2806; x_wconf 86' lang='lat' dir='ltr'><strong>voluerit,</strong></span> <span class='ocrx_word' id='word_1_511' title='bbox 1163 2759 1223 2798; x_wconf 90' lang='lat' dir='ltr'><strong>cum</strong></span> <span class='ocrx_word' id='word_1_512' title='bbox 1249 2746 1307 2817; x_wconf 88' lang='lat' dir='ltr'><strong>ipse</strong></span> <span class='ocrx_word' id='word_1_513' title='bbox 1333 2748 1476 2804; x_wconf 91' lang='lat' dir='ltr'><strong>invisibilis</strong></span> <span class='ocrx_word' id='word_1_514' title='bbox 1497 2751 1530 2807; x_wconf 88' lang='lat' dir='ltr'><strong>sit</strong></span> <span class='ocrx_word' id='word_1_515' title='bbox 1553 2761 1580 2808; x_wconf 91' lang='lat' dir='ltr'><strong>et</strong></span> <span class='ocrx_word' id='word_1_516' title='bbox 1602 2771 1618 2808; x_wconf 87' lang='lat' dir='ltr'><strong>a</strong></span> <span class='ocrx_word' id='word_1_517' title='bbox 1641 2757 1712 2811; x_wconf 91' lang='lat' dir='ltr'><strong>veris</strong></span> 
     </span>
     <span class='ocr_line' id='line_1_75' title="bbox 915 2830 1712 2907; baseline 0.023 -24"><span class='ocrx_word' id='word_1_518' title='bbox 915 2830 1104 2886; x_wconf 85' lang='lat' dir='ltr'><strong>adoratoribus</strong></span> <span class='ocrx_word' id='word_1_519' title='bbox 1114 2833 1222 2888; x_wconf 80' lang='lat' dir='ltr'><strong>Patrem</strong></span> <span class='ocrx_word' id='word_1_520' title='bbox 1237 2834 1266 2889; x_wconf 92' lang='lat' dir='ltr'><strong>in</strong></span> <span class='ocrx_word' id='word_1_521' title='bbox 1281 2835 1375 2907; x_wconf 91' lang='lat' dir='ltr'><strong>spiritu</strong></span> <span class='ocrx_word' id='word_1_522' title='bbox 1386 2846 1412 2893; x_wconf 88' lang='lat' dir='ltr'><strong>et</strong></span> <span class='ocrx_word' id='word_1_523' title='bbox 1422 2841 1535 2895; x_wconf 87' lang='lat' dir='ltr'><strong>veritate</strong></span> <span class='ocrx_word' id='word_1_524' title='bbox 1544 2841 1712 2900; x_wconf 89' lang='lat' dir='ltr'><strong>adorandum</strong></span> 
     </span>
     <span class='ocr_line' id='line_1_76' title="bbox 916 2919 1712 2995; baseline 0.02 -22"><span class='ocrx_word' id='word_1_525' title='bbox 916 2935 975 2974; x_wconf 71' lang='lat' dir='ltr'><strong>csse</strong></span> <span class='ocrx_word' id='word_1_526' title='bbox 995 2919 1096 2974; x_wconf 80' lang='lat' dir='ltr'><strong>dixerit</strong></span> <span class='ocrx_word' id='word_1_527' title='bbox 1110 2923 1200 2988; x_wconf 76' lang='lat' dir='ltr'><strong>(leae.</strong></span> <span class='ocrx_word' id='word_1_528' title='bbox 1217 2939 1255 2991; x_wconf 84' lang='lat' dir='ltr'><strong>tv,</strong></span> <span class='ocrx_word' id='word_1_529' title='bbox 1268 2925 1323 2995; x_wconf 67' lang='lat' dir='ltr'><strong>il),</strong></span> <span class='ocrx_word' id='word_1_530' title='bbox 1344 2935 1371 2981; x_wconf 92' lang='lat' dir='ltr'><strong>et</strong></span> <span class='ocrx_word' id='word_1_531' title='bbox 1388 2927 1530 2984; x_wconf 89' lang='lat' dir='ltr'><strong>Psalmista</strong></span> <span class='ocrx_word' id='word_1_532' title='bbox 1548 2932 1712 2990; x_wconf 85' lang='lat' dir='ltr'><strong>sacrificium</strong></span> 
     </span>
     <span class='ocr_line' id='line_1_77' title="bbox 918 3009 1715 3095; baseline 0.015 -30"><span class='ocrx_word' id='word_1_533' title='bbox 918 3010 976 3065; x_wconf 87' lang='lat' dir='ltr'><strong>Deo</strong></span> <span class='ocrx_word' id='word_1_534' title='bbox 986 3009 1112 3079; x_wconf 89' lang='lat' dir='ltr'><strong>spiritum</strong></span> <span class='ocrx_word' id='word_1_535' title='bbox 1123 3011 1330 3069; x_wconf 88' lang='lat' dir='ltr'><strong>contribulatum</strong></span> <span class='ocrx_word' id='word_1_536' title='bbox 1344 3017 1511 3072; x_wconf 69' lang='lat' dir='ltr'><strong>astruxerit?</strong></span> <span class='ocrx_word' id='word_1_537' title='bbox 1520 3022 1607 3087; x_wconf 82' lang='lat' dir='ltr'><strong>(Prol.</strong></span> <span class='ocrx_word' id='word_1_538' title='bbox 1620 3038 1645 3089; x_wconf 80' lang='lat' dir='ltr'><strong>a,</strong></span> <span class='ocrx_word' id='word_1_539' title='bbox 1659 3026 1715 3095; x_wconf 83' lang='grc' dir='ltr'><strong>ι9.)</strong></span> 
     </span>
     <span class='ocr_line' id='line_1_78' title="bbox 919 3097 1716 3178; baseline 0.018 -24"><span class='ocrx_word' id='word_1_540' title='bbox 919 3098 972 3154; x_wconf 90' lang='lat' dir='ltr'><strong>Sed</strong></span> <span class='ocrx_word' id='word_1_541' title='bbox 986 3097 1126 3153; x_wconf 90' lang='lat' dir='ltr'><strong>sciendum</strong></span> <span class='ocrx_word' id='word_1_542' title='bbox 1141 3100 1203 3169; x_wconf 91' lang='lat' dir='ltr'><strong>quia</strong></span> <span class='ocrx_word' id='word_1_543' title='bbox 1218 3100 1244 3154; x_wconf 83' lang='lat' dir='ltr'><strong>ie</strong></span> <span class='ocrx_word' id='word_1_544' title='bbox 1259 3113 1431 3161; x_wconf 88' lang='lat' dir='ltr'><strong>sacramento</strong></span> <span class='ocrx_word' id='word_1_545' title='bbox 1446 3106 1547 3162; x_wconf 85' lang='lat' dir='ltr'><strong>visibili</strong></span> <span class='ocrx_word' id='word_1_546' title='bbox 1572 3113 1716 3178; x_wconf 73' lang='lat' dir='ltr'><strong>praesentia</strong></span> 
     </span>
     <span class='ocr_line' id='line_1_79' title="bbox 918 3186 1716 3265; baseline 0.019 -24"><span class='ocrx_word' id='word_1_547' title='bbox 918 3186 1061 3242; x_wconf 89' lang='lat' dir='ltr'><strong>invisibilis</strong></span> <span class='ocrx_word' id='word_1_548' title='bbox 1082 3190 1203 3259; x_wconf 86' lang='lat' dir='ltr'><strong>corporis</strong></span> <span class='ocrx_word' id='word_1_549' title='bbox 1217 3189 1259 3244; x_wconf 89' lang='lat' dir='ltr'><strong>sui</strong></span> <span class='ocrx_word' id='word_1_550' title='bbox 1275 3192 1396 3247; x_wconf 81' lang='lat' dir='ltr'><strong>exbiberi</strong></span> <span class='ocrx_word' id='word_1_551' title='bbox 1417 3195 1496 3249; x_wconf 90' lang='lat' dir='ltr'><strong>uobis</strong></span> <span class='ocrx_word' id='word_1_552' title='bbox 1522 3197 1617 3265; x_wconf 91' lang='lat' dir='ltr'><strong>voluit,</strong></span> <span class='ocrx_word' id='word_1_553' title='bbox 1633 3208 1662 3255; x_wconf 91' lang='lat' dir='ltr'><strong>ut</strong></span> <span class='ocrx_word' id='word_1_554' title='bbox 1676 3201 1716 3257; x_wconf 89' lang='lat' dir='ltr'><strong>sic</strong></span> 
     </span>
     <span class='ocr_line' id='line_1_80' title="bbox 918 3278 1713 3348; baseline 0.016 -17"><span class='ocrx_word' id='word_1_555' title='bbox 918 3284 1038 3331; x_wconf 86' lang='lat' dir='ltr'><strong>nostram</strong></span> <span class='ocrx_word' id='word_1_556' title='bbox 1054 3278 1142 3348; x_wconf 86' lang='lat' dir='ltr'><strong>magis</strong></span> <span class='ocrx_word' id='word_1_557' title='bbox 1154 3278 1283 3335; x_wconf 84' lang='lat' dir='ltr'><strong>excitaret</strong></span> <span class='ocrx_word' id='word_1_558' title='bbox 1303 3282 1463 3336; x_wconf 88' lang='lat' dir='ltr'><strong>memoriam</strong></span> <span class='ocrx_word' id='word_1_559' title='bbox 1484 3284 1519 3338; x_wconf 93' lang='lat' dir='ltr'><strong>ad</strong></span> <span class='ocrx_word' id='word_1_560' title='bbox 1541 3286 1713 3344; x_wconf 88' lang='lat' dir='ltr'><strong>recolendam</strong></span> 
     </span>
     <span class='ocr_line' id='line_1_81' title="bbox 917 3365 1713 3435; baseline 0.018 -17"><span class='ocrx_word' id='word_1_561' title='bbox 917 3368 998 3420; x_wconf 82' lang='lat' dir='ltr'><strong>tantae</strong></span> <span class='ocrx_word' id='word_1_562' title='bbox 1013 3380 1070 3419; x_wconf 83' lang='lat' dir='ltr'><strong>suae</strong></span> <span class='ocrx_word' id='word_1_563' title='bbox 1083 3365 1190 3434; x_wconf 87' lang='lat' dir='ltr'><strong>pietatis</strong></span> <span class='ocrx_word' id='word_1_564' title='bbox 1210 3367 1338 3435; x_wconf 85' lang='lat' dir='ltr'><strong>gratiam.</strong></span> <span class='ocrx_word' id='word_1_565' title='bbox 1363 3368 1436 3423; x_wconf 89' lang='lat' dir='ltr'><strong>Sient</strong></span> <span class='ocrx_word' id='word_1_566' title='bbox 1459 3371 1531 3424; x_wconf 91' lang='lat' dir='ltr'><strong>enirn</strong></span> <span class='ocrx_word' id='word_1_567' title='bbox 1547 3389 1606 3427; x_wconf 91' lang='lat' dir='ltr'><strong>curn</strong></span> <span class='ocrx_word' id='word_1_568' title='bbox 1622 3377 1713 3432; x_wconf 90' lang='lat' dir='ltr'><strong>omnia</strong></span> 
     </span>
     <span class='ocr_line' id='line_1_82' title="bbox 916 3453 1713 3526; baseline 0.016 -19"><span class='ocrx_word' id='word_1_569' title='bbox 916 3461 1021 3525; x_wconf 86' lang='lat' dir='ltr'><strong>posset,</strong></span> <span class='ocrx_word' id='word_1_570' title='bbox 1036 3470 1090 3508; x_wconf 91' lang='lat' dir='ltr'><strong>uon</strong></span> <span class='ocrx_word' id='word_1_571' title='bbox 1105 3453 1132 3508; x_wconf 91' lang='lat' dir='ltr'><strong>in</strong></span> <span class='ocrx_word' id='word_1_572' title='bbox 1147 3454 1318 3526; x_wconf 89' lang='lat' dir='ltr'><strong>nobisipsis,</strong></span> <span class='ocrx_word' id='word_1_573' title='bbox 1335 3456 1384 3512; x_wconf 90' lang='lat' dir='ltr'><strong>sed</strong></span> <span class='ocrx_word' id='word_1_574' title='bbox 1407 3457 1434 3512; x_wconf 91' lang='lat' dir='ltr'><strong>iu</strong></span> <span class='ocrx_word' id='word_1_575' title='bbox 1456 3460 1637 3517; x_wconf 87' lang='lat' dir='ltr'><strong>exterioribus</strong></span> <span class='ocrx_word' id='word_1_576' title='bbox 1658 3463 1713 3520; x_wconf 91' lang='lat' dir='ltr'><strong>ali·</strong></span> 
     </span>
     <span class='ocr_line' id='line_1_83' title="bbox 916 3542 1711 3621; baseline 0.015 -24"><span class='ocrx_word' id='word_1_577' title='bbox 916 3542 1013 3598; x_wconf 89' lang='lat' dir='ltr'><strong>moniis</strong></span> <span class='ocrx_word' id='word_1_578' title='bbox 1028 3542 1206 3612; x_wconf 89' lang='lat' dir='ltr'><strong>temporalem</strong></span> <span class='ocrx_word' id='word_1_579' title='bbox 1228 3544 1309 3599; x_wconf 91' lang='lat' dir='ltr'><strong>vitam</strong></span> <span class='ocrx_word' id='word_1_580' title='bbox 1332 3555 1453 3602; x_wconf 90' lang='lat' dir='ltr'><strong>nostram</strong></span> <span class='ocrx_word' id='word_1_581' title='bbox 1479 3548 1592 3605; x_wconf 88' lang='lat' dir='ltr'><strong>retineri</strong></span> <span class='ocrx_word' id='word_1_582' title='bbox 1617 3552 1711 3621; x_wconf 90' lang='lat' dir='ltr'><strong>voluit,</strong></span> 
     </span>
     <span class='ocr_line' id='line_1_84' title="bbox 915 3631 1712 3707; baseline 0.016 -22"><span class='ocrx_word' id='word_1_583' title='bbox 915 3647 948 3686; x_wconf 91' lang='lat' dir='ltr'><strong>ne</strong></span> <span class='ocrx_word' id='word_1_584' title='bbox 971 3631 1051 3686; x_wconf 91' lang='lat' dir='ltr'><strong>nobis</strong></span> <span class='ocrx_word' id='word_1_585' title='bbox 1075 3631 1173 3687; x_wconf 90' lang='lat' dir='ltr'><strong>debere</strong></span> <span class='ocrx_word' id='word_1_586' title='bbox 1205 3634 1360 3690; x_wconf 88' lang='lat' dir='ltr'><strong>videremur</strong></span> <span class='ocrx_word' id='word_1_587' title='bbox 1384 3635 1457 3707; x_wconf 92' lang='lat' dir='ltr'><strong>quod</strong></span> <span class='ocrx_word' id='word_1_588' title='bbox 1480 3653 1587 3705; x_wconf 89' lang='lat' dir='ltr'><strong>sumus,</strong></span> <span class='ocrx_word' id='word_1_589' title='bbox 1613 3640 1661 3696; x_wconf 90' lang='lat' dir='ltr'><strong>sed</strong></span> <span class='ocrx_word' id='word_1_590' title='bbox 1686 3642 1712 3698; x_wconf 88' lang='lat' dir='ltr'><strong>ei</strong></span> 
     </span>
     <span class='ocr_line' id='line_1_85' title="bbox 914 3720 1709 3795; baseline 0.016 -22"><span class='ocrx_word' id='word_1_591' title='bbox 914 3720 1098 3792; x_wconf 89' lang='lat' dir='ltr'><strong>potiusaquo</strong></span> <span class='ocrx_word' id='word_1_592' title='bbox 1126 3728 1189 3776; x_wconf 89' lang='lat' dir='ltr'><strong>sunt</strong></span> <span class='ocrx_word' id='word_1_593' title='bbox 1217 3722 1263 3776; x_wconf 89' lang='lat' dir='ltr'><strong>illa</strong></span> <span class='ocrx_word' id='word_1_594' title='bbox 1290 3739 1405 3779; x_wconf 88' lang='lat' dir='ltr'><strong>munera</strong></span> <span class='ocrx_word' id='word_1_595' title='bbox 1424 3724 1495 3781; x_wconf 90' lang='lat' dir='ltr'><strong>unde</strong></span> <span class='ocrx_word' id='word_1_596' title='bbox 1517 3726 1648 3795; x_wconf 86' lang='lat' dir='ltr'><strong>vivimus,</strong></span> <span class='ocrx_word' id='word_1_597' title='bbox 1670 3729 1709 3786; x_wconf 89' lang='lat' dir='ltr'><strong>sic</strong></span> 
     </span>
     <span class='ocr_line' id='line_1_86' title="bbox 912 3809 1709 3884; baseline 0.011 -19"><span class='ocrx_word' id='word_1_598' title='bbox 912 3809 993 3866; x_wconf 91' lang='lat' dir='ltr'><strong>etiam</strong></span> <span class='ocrx_word' id='word_1_599' title='bbox 1021 3809 1120 3863; x_wconf 90' lang='lat' dir='ltr'><strong>visibili</strong></span> <span class='ocrx_word' id='word_1_600' title='bbox 1144 3825 1194 3865; x_wconf 90' lang='lat' dir='ltr'><strong>suo</strong></span> <span class='ocrx_word' id='word_1_601' title='bbox 1218 3819 1389 3869; x_wconf 87' lang='lat' dir='ltr'><strong>sacramento</strong></span> <span class='ocrx_word' id='word_1_602' title='bbox 1422 3830 1476 3884; x_wconf 90' lang='lat' dir='ltr'><strong>quo</strong></span> <span class='ocrx_word' id='word_1_603' title='bbox 1504 3817 1567 3872; x_wconf 78' lang='lat' dir='ltr'><strong>vitre</strong></span> <span class='ocrx_word' id='word_1_604' title='bbox 1596 3826 1709 3875; x_wconf 81' lang='lat' dir='ltr'><strong>aeternae</strong></span> 
     </span>
     <span class='ocr_line' id='line_1_87' title="bbox 910 3897 1709 3979; baseline 0.016 -29"><span class='ocrx_word' id='word_1_605' title='bbox 910 3897 1010 3969; x_wconf 86' lang='lat' dir='ltr'><strong>pignus</strong></span> <span class='ocrx_word' id='word_1_606' title='bbox 1024 3897 1182 3968; x_wconf 83' lang='lat' dir='ltr'><strong>accipimus,</strong></span> <span class='ocrx_word' id='word_1_607' title='bbox 1197 3899 1341 3956; x_wconf 87' lang='lat' dir='ltr'><strong>admoueri</strong></span> <span class='ocrx_word' id='word_1_608' title='bbox 1356 3917 1405 3958; x_wconf 88' lang='lat' dir='ltr'><strong>nos</strong></span> <span class='ocrx_word' id='word_1_609' title='bbox 1421 3903 1505 3959; x_wconf 92' lang='lat' dir='ltr'><strong>voluit</strong></span> <span class='ocrx_word' id='word_1_610' title='bbox 1529 3904 1589 3975; x_wconf 89' lang='lat' dir='ltr'><strong>ejus</strong></span> <span class='ocrx_word' id='word_1_611' title='bbox 1611 3907 1709 3979; x_wconf 77' lang='lat' dir='ltr'><strong>gratias</strong></span> 
     </span>
     <span class='ocr_line' id='line_1_88' title="bbox 910 3985 1706 4060; baseline 0.013 -17"><span class='ocrx_word' id='word_1_612' title='bbox 910 4003 971 4043; x_wconf 88' lang='lat' dir='ltr'><strong>esse</strong></span> <span class='ocrx_word' id='word_1_613' title='bbox 985 3985 1158 4042; x_wconf 79' lang='lat' dir='ltr'><strong>referendum</strong></span> <span class='ocrx_word' id='word_1_614' title='bbox 1174 3989 1247 4059; x_wconf 94' lang='lat' dir='ltr'><strong>quod</strong></span> <span class='ocrx_word' id='word_1_615' title='bbox 1262 3989 1296 4043; x_wconf 94' lang='lat' dir='ltr'><strong>ab</strong></span> <span class='ocrx_word' id='word_1_616' title='bbox 1311 3991 1373 4060; x_wconf 90' lang='lat' dir='ltr'><strong>ipso</strong></span> <span class='ocrx_word' id='word_1_617' title='bbox 1389 3991 1468 4046; x_wconf 89' lang='lat' dir='ltr'><strong>vitam</strong></span> <span class='ocrx_word' id='word_1_618' title='bbox 1484 4003 1614 4049; x_wconf 84' lang='lat' dir='ltr'><strong>aeternam</strong></span> <span class='ocrx_word' id='word_1_619' title='bbox 1630 3997 1706 4053; x_wconf 91' lang='lat' dir='ltr'><strong>acci-</strong></span> 
     </span>
    </p>
   </div>
   <div class='ocr_carea' id='block_1_16' title="bbox 51 4075 1707 4155">
    <p class='ocr_par' dir='ltr' id='par_1_18' title="bbox 51 4075 1707 4155">
     <span class='ocr_line' id='line_1_89' title="bbox 51 4075 1707 4155; baseline 0.01 -17"><span class='ocrx_word' id='word_1_620' title='bbox 51 4101 129 4147; x_wconf 78' lang='lat' dir='ltr'><strong>mus:</strong></span> <span class='ocrx_word' id='word_1_621' title='bbox 153 4081 201 4138; x_wconf 85' lang='lat' dir='ltr'><strong>sed</strong></span> <span class='ocrx_word' id='word_1_622' title='bbox 223 4083 311 4152; x_wconf 91' lang='lat' dir='ltr'><strong>ipsum</strong></span> <span class='ocrx_word' id='word_1_623' title='bbox 335 4079 469 4134; x_wconf 88' lang='lat' dir='ltr'><strong>delectum</strong></span> <span class='ocrx_word' id='word_1_624' title='bbox 489 4079 525 4133; x_wconf 89' lang='lat' dir='ltr'><strong>ita</strong></span> <span class='ocrx_word' id='word_1_625' title='bbox 548 4079 667 4135; x_wconf 89' lang='lat' dir='ltr'><strong>dicimus</strong></span> <span class='ocrx_word' id='word_1_626' title='bbox 686 4082 848 4153; x_wconf 88' lang='lat' dir='ltr'><strong>simplicem,</strong></span> <span class='ocrx_word' id='word_1_627' title='bbox 865 4093 893 4155; x_wconf 81' lang='grc' dir='ltr'><strong>Ι)</strong></span> <span class='ocrx_word' id='word_1_628' title='bbox 909 4075 1007 4145; x_wconf 58' lang='lat' dir='ltr'><strong>bimus,</strong></span> <span class='ocrx_word' id='word_1_629' title='bbox 1024 4092 1104 4143; x_wconf 65' lang='lat' dir='ltr'><strong>(lilim</strong></span> <span class='ocrx_word' id='word_1_630' title='bbox 1126 4076 1508 4145; x_wconf 63' lang='lat' dir='ltr'><strong>5¹1¹¹0bi⁵¹¹⁰¹¹h³b⁰b³mllss</strong></span> <span class='ocrx_word' id='word_1_631' title='bbox 1526 4082 1580 4138; x_wconf 68' lang='lat' dir='ltr'><strong>l¹ss0</strong></span> <span class='ocrx_word' id='word_1_632' title='bbox 1593 4100 1641 4153; x_wconf 89' lang='lat' dir='ltr'><strong>per</strong></span> <span class='ocrx_word' id='word_1_633' title='bbox 1656 4100 1707 4140; x_wconf 76' lang='lat'><strong>⁰⁰³</strong></span> 
     </span>
    </p>
   </div>
   <div class='ocr_carea' id='block_1_17' title="bbox 47 4168 852 4953">
    <p class='ocr_par' dir='ltr' id='par_1_19' title="bbox 49 4168 852 4683">
     <span class='ocr_line' id='line_1_90' title="bbox 51 4168 852 4240; baseline -0.001 -12"><span class='ocrx_word' id='word_1_634' title='bbox 51 4182 84 4228; x_wconf 93' lang='lat' dir='ltr'><strong>ut</strong></span> <span class='ocrx_word' id='word_1_635' title='bbox 99 4172 201 4227; x_wconf 90' lang='lat' dir='ltr'><strong>nullam</strong></span> <span class='ocrx_word' id='word_1_636' title='bbox 223 4168 350 4224; x_wconf 83' lang='lat' dir='ltr'><strong>imditatis</strong></span> <span class='ocrx_word' id='word_1_637' title='bbox 371 4168 546 4222; x_wconf 86' lang='lat' dir='ltr'><strong>admittamus</strong></span> <span class='ocrx_word' id='word_1_638' title='bbox 560 4171 770 4240; x_wconf 89' lang='lat' dir='ltr'><strong>corruptionem.</strong></span> <span class='ocrx_word' id='word_1_639' title='bbox 788 4172 852 4227; x_wconf 89' lang='lat' dir='ltr'><strong>Pos-</strong></span> 
     </span>
     <span class='ocr_line' id='line_1_91' title="bbox 52 4256 851 4330; baseline 0 -13"><span class='ocrx_word' id='word_1_640' title='bbox 52 4268 117 4317; x_wconf 86' lang='lat' dir='ltr'><strong>sunt</strong></span> <span class='ocrx_word' id='word_1_641' title='bbox 131 4268 221 4316; x_wconf 91' lang='lat' dir='ltr'><strong>tamen</strong></span> <span class='ocrx_word' id='word_1_642' title='bbox 236 4256 323 4313; x_wconf 87' lang='lat' dir='ltr'><strong>videri</strong></span> <span class='ocrx_word' id='word_1_643' title='bbox 343 4257 458 4312; x_wconf 78' lang='lat' dir='ltr'><strong>mucida</strong></span> <span class='ocrx_word' id='word_1_644' title='bbox 483 4264 509 4312; x_wconf 89' lang='lat' dir='ltr'><strong>et</strong></span> <span class='ocrx_word' id='word_1_645' title='bbox 532 4258 656 4329; x_wconf 78' lang='lat' dir='ltr'><strong>putridae,</strong></span> <span class='ocrx_word' id='word_1_646' title='bbox 673 4260 797 4330; x_wconf 90' lang='lat' dir='ltr'><strong>quamvis</strong></span> <span class='ocrx_word' id='word_1_647' title='bbox 811 4261 851 4317; x_wconf 90' lang='lat' dir='ltr'><strong>ita</strong></span> 
     </span>
     <span class='ocr_line' id='line_1_92' title="bbox 51 4346 848 4425; baseline -0.001 -19"><span class='ocrx_word' id='word_1_648' title='bbox 51 4366 109 4407; x_wconf 90' lang='lat' dir='ltr'><strong>non</strong></span> <span class='ocrx_word' id='word_1_649' title='bbox 130 4349 196 4416; x_wconf 91' lang='lat' dir='ltr'><strong>sint,</strong></span> <span class='ocrx_word' id='word_1_650' title='bbox 222 4347 288 4403; x_wconf 91' lang='lat' dir='ltr'><strong>sicut</strong></span> <span class='ocrx_word' id='word_1_651' title='bbox 311 4346 434 4402; x_wconf 88' lang='lat' dir='ltr'><strong>Christus</strong></span> <span class='ocrx_word' id='word_1_652' title='bbox 466 4346 646 4425; x_wconf 84' lang='lat' dir='ltr'><strong>hortulanus,</strong></span> <span class='ocrx_word' id='word_1_653' title='bbox 678 4349 848 4421; x_wconf 84' lang='lat' dir='ltr'><strong>peregrinus,</strong></span> 
     </span>
     <span class='ocr_line' id='line_1_93' title="bbox 49 4434 849 4512; baseline -0.001 -17"><span class='ocrx_word' id='word_1_654' title='bbox 49 4447 133 4512; x_wconf 87' lang='lat' dir='ltr'><strong>prout</strong></span> <span class='ocrx_word' id='word_1_655' title='bbox 162 4444 238 4493; x_wconf 91' lang='lat' dir='ltr'><strong>eraut</strong></span> <span class='ocrx_word' id='word_1_656' title='bbox 260 4435 422 4491; x_wconf 90' lang='lat' dir='ltr'><strong>intuentium</strong></span> <span class='ocrx_word' id='word_1_657' title='bbox 455 4443 576 4504; x_wconf 90' lang='lat' dir='ltr'><strong>mentes;</strong></span> <span class='ocrx_word' id='word_1_658' title='bbox 605 4434 654 4491; x_wconf 89' lang='lat' dir='ltr'><strong>sed</strong></span> <span class='ocrx_word' id='word_1_659' title='bbox 675 4437 725 4491; x_wconf 90' lang='lat' dir='ltr'><strong>bac</strong></span> <span class='ocrx_word' id='word_1_660' title='bbox 746 4437 849 4494; x_wconf 90' lang='lat' dir='ltr'><strong>visione</strong></span> 
     </span>
     <span class='ocr_line' id='line_1_94' title="bbox 51 4520 848 4594; baseline -0.004 -12"><span class='ocrx_word' id='word_1_661' title='bbox 51 4523 168 4582; x_wconf 88' lang='lat' dir='ltr'><strong>cumeis</strong></span> <span class='ocrx_word' id='word_1_662' title='bbox 183 4521 282 4594; x_wconf 91' lang='lat' dir='ltr'><strong>quibus</strong></span> <span class='ocrx_word' id='word_1_663' title='bbox 297 4520 383 4576; x_wconf 86' lang='lat' dir='ltr'><strong>iitira</strong></span> <span class='ocrx_word' id='word_1_664' title='bbox 401 4520 501 4592; x_wconf 89' lang='lat' dir='ltr'><strong>agitur,</strong></span> <span class='ocrx_word' id='word_1_665' title='bbox 525 4529 554 4576; x_wconf 92' lang='lat' dir='ltr'><strong>ut</strong></span> <span class='ocrx_word' id='word_1_666' title='bbox 575 4521 739 4591; x_wconf 71' lang='lat' dir='ltr'><strong>supradictae</strong></span> <span class='ocrx_word' id='word_1_667' title='bbox 759 4537 848 4579; x_wconf 83' lang='lat' dir='ltr'><strong>causae</strong></span> 
     </span>
     <span class='ocr_line' id='line_1_95' title="bbox 50 4612 340 4683; baseline -0.021 -13"><span class='ocrx_word' id='word_1_668' title='bbox 50 4615 79 4670; x_wconf 92' lang='lat' dir='ltr'><strong>in</strong></span> <span class='ocrx_word' id='word_1_669' title='bbox 94 4614 133 4669; x_wconf 89' lang='lat' dir='ltr'><strong>eis</strong></span> <span class='ocrx_word' id='word_1_670' title='bbox 146 4612 340 4683; x_wconf 89' lang='lat' dir='ltr'><strong>compleantur.</strong></span> 
     </span>
    </p>

    <p class='ocr_par' dir='ltr' id='par_1_20' title="bbox 47 4698 848 4953">
     <span class='ocr_line' id='line_1_96' title="bbox 88 4698 848 4773; baseline 0.001 -17"><span class='ocrx_word' id='word_1_671' title='bbox 88 4701 170 4773; x_wconf 83' lang='lat' dir='ltr'><strong>Quod</strong></span> <span class='ocrx_word' id='word_1_672' title='bbox 184 4708 275 4758; x_wconf 89' lang='lat' dir='ltr'><strong>autern</strong></span> <span class='ocrx_word' id='word_1_673' title='bbox 289 4706 413 4754; x_wconf 90' lang='lat' dir='ltr'><strong>ventrem</strong></span> <span class='ocrx_word' id='word_1_674' title='bbox 428 4698 583 4755; x_wconf 87' lang='lat' dir='ltr'><strong>distendere</strong></span> <span class='ocrx_word' id='word_1_675' title='bbox 595 4699 638 4754; x_wconf 89' lang='lat' dir='ltr'><strong>vel</strong></span> <span class='ocrx_word' id='word_1_676' title='bbox 653 4699 789 4756; x_wconf 87' lang='lat' dir='ltr'><strong>inebriare</strong></span> <span class='ocrx_word' id='word_1_677' title='bbox 807 4701 848 4757; x_wconf 90' lang='lat' dir='ltr'><strong>di-</strong></span> 
     </span>
     <span class='ocr_line' id='line_1_97' title="bbox 49 4787 844 4860; baseline -0.006 -11"><span class='ocrx_word' id='word_1_678' title='bbox 49 4801 161 4857; x_wconf 86' lang='lat' dir='ltr'><strong>cuutur,</strong></span> <span class='ocrx_word' id='word_1_679' title='bbox 187 4805 222 4846; x_wconf 89' lang='lat' dir='ltr'><strong>ne</strong></span> <span class='ocrx_word' id='word_1_680' title='bbox 246 4790 297 4844; x_wconf 90' lang='lat' dir='ltr'><strong>boc</strong></span> <span class='ocrx_word' id='word_1_681' title='bbox 320 4787 428 4859; x_wconf 90' lang='lat' dir='ltr'><strong>quidem</strong></span> <span class='ocrx_word' id='word_1_682' title='bbox 453 4804 531 4842; x_wconf 84' lang='lat' dir='ltr'><strong>suum</strong></span> <span class='ocrx_word' id='word_1_683' title='bbox 555 4805 612 4843; x_wconf 88' lang='lat' dir='ltr'><strong>essa</strong></span> <span class='ocrx_word' id='word_1_684' title='bbox 633 4790 844 4860; x_wconf 87' lang='lat' dir='ltr'><strong>approbamus:</strong></span> 
     </span>
     <span class='ocr_line' id='line_1_98' title="bbox 47 4877 846 4953; baseline -0.005 -15"><span class='ocrx_word' id='word_1_685' title='bbox 47 4880 97 4937; x_wconf 90' lang='lat' dir='ltr'><strong>sed</strong></span> <span class='ocrx_word' id='word_1_686' title='bbox 111 4879 219 4953; x_wconf 90' lang='lat' dir='ltr'><strong>quando</strong></span> <span class='ocrx_word' id='word_1_687' title='bbox 234 4877 284 4932; x_wconf 84' lang='lat' dir='ltr'><strong>ista</strong></span> <span class='ocrx_word' id='word_1_688' title='bbox 300 4878 355 4946; x_wconf 78' lang='lat' dir='ltr'><strong>(at)</strong></span> <span class='ocrx_word' id='word_1_689' title='bbox 372 4877 460 4932; x_wconf 85' lang='lat' dir='ltr'><strong>lacere</strong></span> <span class='ocrx_word' id='word_1_690' title='bbox 477 4877 610 4945; x_wconf 88' lang='lat' dir='ltr'><strong>videntur,</strong></span> <span class='ocrx_word' id='word_1_691' title='bbox 626 4877 728 4933; x_wconf 90' lang='lat' dir='ltr'><strong>eisdem</strong></span> <span class='ocrx_word' id='word_1_692' title='bbox 749 4894 846 4949; x_wconf 90' lang='lat' dir='ltr'><strong>supra-</strong></span> 
     </span>
    </p>
   </div>
   <div class='ocr_carea' id='block_1_18' title="bbox 46 4965 844 5122">
    <p class='ocr_par' dir='ltr' id='par_1_21' title="bbox 46 4965 844 5122">
     <span class='ocr_line' id='line_1_99' title="bbox 46 4965 844 5027; baseline -0.006 -1"><span class='ocrx_word' id='word_1_693' title='bbox 46 4970 126 5027; x_wconf 90' lang='lat' dir='ltr'><strong>dietis</strong></span> <span class='ocrx_word' id='word_1_694' title='bbox 140 4967 231 5024; x_wconf 87' lang='lat' dir='ltr'><strong>causis</strong></span> <span class='ocrx_word' id='word_1_695' title='bbox 247 4967 274 5020; x_wconf 92' lang='lat' dir='ltr'><strong>id</strong></span> <span class='ocrx_word' id='word_1_696' title='bbox 288 4965 344 5021; x_wconf 83' lang='lat' dir='ltr'><strong>lieri</strong></span> <span class='ocrx_word' id='word_1_697' title='bbox 360 4966 504 5020; x_wconf 87' lang='lat' dir='ltr'><strong>credimus.</strong></span> <span class='ocrx_word' id='word_1_698' title='bbox 525 4966 553 5022; x_wconf 89' lang='lat' dir='ltr'><strong>Si</strong></span> <span class='ocrx_word' id='word_1_699' title='bbox 574 4971 667 5021; x_wconf 85' lang='lat' dir='ltr'><strong>autem</strong></span> <span class='ocrx_word' id='word_1_700' title='bbox 692 4966 719 5021; x_wconf 90' lang='lat' dir='ltr'><strong>in</strong></span> <span class='ocrx_word' id='word_1_701' title='bbox 743 4967 844 5023; x_wconf 89' lang='lat' dir='ltr'><strong>vomitu</strong></span> 
     </span>
     <span class='ocr_line' id='line_1_100' title="bbox 46 5049 843 5122; baseline -0.005 -11"><span class='ocrx_word' id='word_1_702' title='bbox 46 5056 184 5112; x_wconf 89' lang='lat' dir='ltr'><strong>ebriorum</strong></span> <span class='ocrx_word' id='word_1_703' title='bbox 204 5052 246 5107; x_wconf 88' lang='lat' dir='ltr'><strong>vel</strong></span> <span class='ocrx_word' id='word_1_704' title='bbox 267 5049 435 5105; x_wconf 83' lang='lat' dir='ltr'><strong>infirmorum</strong></span> <span class='ocrx_word' id='word_1_705' title='bbox 451 5051 611 5120; x_wconf 88' lang='lat' dir='ltr'><strong>hujusmodi</strong></span> <span class='ocrx_word' id='word_1_706' title='bbox 635 5051 721 5106; x_wconf 82' lang='lat' dir='ltr'><strong>torma</strong></span> <span class='ocrx_word' id='word_1_707' title='bbox 742 5050 843 5122; x_wconf 85' lang='lat' dir='ltr'><strong>depre-</strong></span> 
     </span>
    </p>
   </div>
   <div class='ocr_carea' id='block_1_19' title="bbox 44 5139 842 5391">
    <p class='ocr_par' dir='ltr' id='par_1_22' title="bbox 44 5139 842 5391">
     <span class='ocr_line' id='line_1_101' title="bbox 45 5139 842 5211; baseline -0.008 -10"><span class='ocrx_word' id='word_1_708' title='bbox 45 5145 186 5205; x_wconf 88' lang='lat' dir='ltr'><strong>henditur,</strong></span> <span class='ocrx_word' id='word_1_709' title='bbox 202 5142 248 5196; x_wconf 84' lang='lat' dir='ltr'><strong>vel</strong></span> <span class='ocrx_word' id='word_1_710' title='bbox 264 5140 344 5195; x_wconf 89' lang='lat' dir='ltr'><strong>etiam</strong></span> <span class='ocrx_word' id='word_1_711' title='bbox 360 5139 386 5194; x_wconf 90' lang='lat' dir='ltr'><strong>in</strong></span> <span class='ocrx_word' id='word_1_712' title='bbox 403 5148 497 5195; x_wconf 88' lang='lat' dir='ltr'><strong>ventre</strong></span> <span class='ocrx_word' id='word_1_713' title='bbox 511 5139 659 5195; x_wconf 90' lang='lat' dir='ltr'><strong>bestiarum</strong></span> <span class='ocrx_word' id='word_1_714' title='bbox 682 5140 746 5211; x_wconf 90' lang='lat' dir='ltr'><strong>quid</strong></span> <span class='ocrx_word' id='word_1_715' title='bbox 769 5141 842 5195; x_wconf 90' lang='lat' dir='ltr'><strong>aliud</strong></span> 
     </span>
     <span class='ocr_line' id='line_1_102' title="bbox 44 5229 841 5306; baseline -0.009 -16"><span class='ocrx_word' id='word_1_716' title='bbox 44 5231 224 5306; x_wconf 86' lang='lat' dir='ltr'><strong>protenditur,</strong></span> <span class='ocrx_word' id='word_1_717' title='bbox 241 5229 292 5284; x_wconf 89' lang='lat' dir='ltr'><strong>nisi</strong></span> <span class='ocrx_word' id='word_1_718' title='bbox 311 5230 374 5301; x_wconf 92' lang='lat' dir='ltr'><strong>quia</strong></span> <span class='ocrx_word' id='word_1_719' title='bbox 394 5246 452 5285; x_wconf 90' lang='lat' dir='ltr'><strong>cum</strong></span> <span class='ocrx_word' id='word_1_720' title='bbox 478 5229 593 5285; x_wconf 86' lang='lat' dir='ltr'><strong>ebriosis</strong></span> <span class='ocrx_word' id='word_1_721' title='bbox 610 5229 651 5284; x_wconf 90' lang='lat' dir='ltr'><strong>vel</strong></span> <span class='ocrx_word' id='word_1_722' title='bbox 666 5229 841 5300; x_wconf 69' lang='lat' dir='ltr'><strong>impoeniten-</strong></span> 
     </span>
     <span class='ocr_line' id='line_1_103' title="bbox 44 5318 838 5391; baseline -0.008 -11"><span class='ocrx_word' id='word_1_723' title='bbox 44 5324 118 5380; x_wconf 81' lang='lat' dir='ltr'><strong>tibus</strong></span> <span class='ocrx_word' id='word_1_724' title='bbox 131 5320 256 5389; x_wconf 85' lang='lat' dir='ltr'><strong>infirmis,</strong></span> <span class='ocrx_word' id='word_1_725' title='bbox 270 5327 298 5376; x_wconf 92' lang='lat' dir='ltr'><strong>ut</strong></span> <span class='ocrx_word' id='word_1_726' title='bbox 312 5319 427 5391; x_wconf 85' lang='lat' dir='ltr'><strong>dignum</strong></span> <span class='ocrx_word' id='word_1_727' title='bbox 451 5326 504 5388; x_wconf 86' lang='lat' dir='ltr'><strong>ast,</strong></span> <span class='ocrx_word' id='word_1_728' title='bbox 529 5333 642 5375; x_wconf 85' lang='lat' dir='ltr'><strong>manere</strong></span> <span class='ocrx_word' id='word_1_729' title='bbox 660 5318 838 5391; x_wconf 84' lang='lat' dir='ltr'><strong>contempsit;</strong></span> 
     </span>
    </p>
   </div>
   <div class='ocr_carea' id='block_1_20' title="bbox 80 5471 294 5547">
    <p class='ocr_par' dir='ltr' id='par_1_23' title="bbox 80 5471 294 5547">
     <span class='ocr_line' id='line_1_104' title="bbox 80 5471 294 5547; baseline -0.019 -17"><span class='ocrx_word' id='word_1_730' title='bbox 80 5475 139 5547; x_wconf 79' lang='lat' dir='ltr'><strong>(bt)</strong></span> <span class='ocrx_word' id='word_1_731' title='bbox 152 5471 228 5530; x_wconf 76' lang='lat' dir='ltr'><strong>Attae</strong></span> <span class='ocrx_word' id='word_1_732' title='bbox 239 5472 294 5528; x_wconf 76' lang='lat' dir='ltr'><strong>iio.</strong></span> 
     </span>
    </p>
   </div>
   <div class='ocr_carea' id='block_1_21' title="bbox 895 4165 1707 5389">
    <p class='ocr_par' dir='ltr' id='par_1_24' title="bbox 895 4165 1707 5389">
     <span class='ocr_line' id='line_1_105' title="bbox 908 4165 1707 4239; baseline 0.009 -19"><span class='ocrx_word' id='word_1_733' title='bbox 908 4165 1122 4234; x_wconf 87' lang='lat' dir='ltr'><strong>perdideramus.</strong></span> <span class='ocrx_word' id='word_1_734' title='bbox 1153 4165 1228 4221; x_wconf 88' lang='lat' dir='ltr'><strong>Sicut</strong></span> <span class='ocrx_word' id='word_1_735' title='bbox 1249 4182 1328 4239; x_wconf 88' lang='lat' dir='ltr'><strong>ergo,</strong></span> <span class='ocrx_word' id='word_1_736' title='bbox 1349 4175 1416 4222; x_wconf 90' lang='lat' dir='ltr'><strong>teste</strong></span> <span class='ocrx_word' id='word_1_737' title='bbox 1431 4171 1568 4239; x_wconf 71' lang='lat' dir='ltr'><strong>apostolo,</strong></span> <span class='ocrx_word' id='word_1_738' title='bbox 1586 4171 1707 4227; x_wconf 83' lang='lat' dir='ltr'><strong>invisibi-</strong></span> 
     </span>
     <span class='ocr_line' id='line_1_106' title="bbox 904 4252 1705 4328; baseline 0.009 -22"><span class='ocrx_word' id='word_1_739' title='bbox 904 4252 951 4320; x_wconf 90' lang='lat' dir='ltr'><strong>lia,</strong></span> <span class='ocrx_word' id='word_1_740' title='bbox 967 4252 1053 4321; x_wconf 91' lang='lat' dir='ltr'><strong>ipsius</strong></span> <span class='ocrx_word' id='word_1_741' title='bbox 1069 4261 1220 4307; x_wconf 88' lang='lat' dir='ltr'><strong>acreatura</strong></span> <span class='ocrx_word' id='word_1_742' title='bbox 1240 4254 1334 4308; x_wconf 92' lang='lat' dir='ltr'><strong>mundi</strong></span> <span class='ocrx_word' id='word_1_743' title='bbox 1348 4270 1399 4325; x_wconf 86' lang='lat' dir='ltr'><strong>per</strong></span> <span class='ocrx_word' id='word_1_744' title='bbox 1413 4271 1446 4312; x_wconf 89' lang='lat' dir='ltr'><strong>ea</strong></span> <span class='ocrx_word' id='word_1_745' title='bbox 1461 4274 1522 4328; x_wconf 75' lang='lat' dir='ltr'><strong>quae</strong></span> <span class='ocrx_word' id='word_1_746' title='bbox 1545 4258 1617 4314; x_wconf 85' lang='lat' dir='ltr'><strong>sacta</strong></span> <span class='ocrx_word' id='word_1_747' title='bbox 1642 4267 1705 4314; x_wconf 89' lang='lat' dir='ltr'><strong>sunt</strong></span> 
     </span>
     <span class='ocr_line' id='line_1_107' title="bbox 903 4340 1704 4415; baseline 0.009 -20"><span class='ocrx_word' id='word_1_748' title='bbox 903 4340 1042 4397; x_wconf 89' lang='lat' dir='ltr'><strong>intellecta</strong></span> <span class='ocrx_word' id='word_1_749' title='bbox 1065 4341 1272 4410; x_wconf 89' lang='lat' dir='ltr'><strong>conspiciuntur</strong></span> <span class='ocrx_word' id='word_1_750' title='bbox 1286 4344 1375 4411; x_wconf 81' lang='lat' dir='ltr'><strong>(Rom.</strong></span> <span class='ocrx_word' id='word_1_751' title='bbox 1400 4359 1420 4409; x_wconf 86' lang='lat' dir='ltr'><strong>r,</strong></span> <span class='ocrx_word' id='word_1_752' title='bbox 1435 4344 1492 4415; x_wconf 62' lang='grc' dir='ltr'><strong>ιιι),</strong></span> <span class='ocrx_word' id='word_1_753' title='bbox 1510 4346 1550 4400; x_wconf 89' lang='lat' dir='ltr'><strong>sic</strong></span> <span class='ocrx_word' id='word_1_754' title='bbox 1563 4346 1704 4402; x_wconf 88' lang='lat' dir='ltr'><strong>invisibilis</strong></span> 
     </span>
     <span class='ocr_line' id='line_1_108' title="bbox 903 4428 1704 4501; baseline 0.009 -17"><span class='ocrx_word' id='word_1_755' title='bbox 903 4428 1125 4501; x_wconf 83' lang='lat' dir='ltr'><strong>praeseutiaesuae</strong></span> <span class='ocrx_word' id='word_1_756' title='bbox 1156 4429 1265 4501; x_wconf 88' lang='lat' dir='ltr'><strong>siguum</strong></span> <span class='ocrx_word' id='word_1_757' title='bbox 1299 4439 1498 4486; x_wconf 88' lang='lat' dir='ltr'><strong>sacramentum</strong></span> <span class='ocrx_word' id='word_1_758' title='bbox 1531 4449 1609 4488; x_wconf 90' lang='lat' dir='ltr'><strong>suurn</strong></span> <span class='ocrx_word' id='word_1_759' title='bbox 1643 4451 1704 4492; x_wconf 88' lang='lat' dir='ltr'><strong>csse</strong></span> 
     </span>
     <span class='ocr_line' id='line_1_109' title="bbox 903 4515 1701 4585; baseline 0.004 -9"><span class='ocrx_word' id='word_1_760' title='bbox 903 4517 996 4585; x_wconf 91' lang='lat' dir='ltr'><strong>voluit,</strong></span> <span class='ocrx_word' id='word_1_761' title='bbox 1013 4525 1042 4572; x_wconf 90' lang='lat' dir='ltr'><strong>ut</strong></span> <span class='ocrx_word' id='word_1_762' title='bbox 1056 4517 1095 4571; x_wconf 87' lang='lat' dir='ltr'><strong>sic</strong></span> <span class='ocrx_word' id='word_1_763' title='bbox 1117 4515 1284 4573; x_wconf 90' lang='lat' dir='ltr'><strong>intellectum</strong></span> <span class='ocrx_word' id='word_1_764' title='bbox 1308 4526 1433 4574; x_wconf 89' lang='lat' dir='ltr'><strong>nostrum</strong></span> <span class='ocrx_word' id='word_1_765' title='bbox 1456 4520 1491 4575; x_wconf 89' lang='lat' dir='ltr'><strong>de</strong></span> <span class='ocrx_word' id='word_1_766' title='bbox 1513 4537 1563 4576; x_wconf 91' lang='lat' dir='ltr'><strong>sua</strong></span> <span class='ocrx_word' id='word_1_767' title='bbox 1583 4522 1701 4579; x_wconf 84' lang='lat' dir='ltr'><strong>reddens</strong></span> 
     </span>
     <span class='ocr_line' id='line_1_110' title="bbox 903 4603 1700 4684; baseline 0.01 -24"><span class='ocrx_word' id='word_1_768' title='bbox 903 4607 990 4678; x_wconf 89' lang='lat' dir='ltr'><strong>gratia</strong></span> <span class='ocrx_word' id='word_1_769' title='bbox 1004 4604 1157 4670; x_wconf 91' lang='lat' dir='ltr'><strong>certiorem,</strong></span> <span class='ocrx_word' id='word_1_770' title='bbox 1174 4603 1299 4661; x_wconf 81' lang='lat' dir='ltr'><strong>affectum</strong></span> <span class='ocrx_word' id='word_1_771' title='bbox 1316 4615 1435 4662; x_wconf 90' lang='lat' dir='ltr'><strong>nostrum</strong></span> <span class='ocrx_word' id='word_1_772' title='bbox 1454 4608 1556 4664; x_wconf 87' lang='lat' dir='ltr'><strong>laceret</strong></span> <span class='ocrx_word' id='word_1_773' title='bbox 1580 4627 1648 4684; x_wconf 86' lang='lat' dir='ltr'><strong>erge</strong></span> <span class='ocrx_word' id='word_1_774' title='bbox 1669 4628 1700 4668; x_wconf 85' lang='lat' dir='ltr'><strong>se</strong></span> 
     </span>
     <span class='ocr_line' id='line_1_111' title="bbox 902 4694 1700 4770; baseline 0.005 -19"><span class='ocrx_word' id='word_1_775' title='bbox 902 4694 1097 4751; x_wconf 89' lang='lat' dir='ltr'><strong>ardentiorem.</strong></span> <span class='ocrx_word' id='word_1_776' title='bbox 1116 4694 1158 4749; x_wconf 91' lang='lat' dir='ltr'><strong>Ne</strong></span> <span class='ocrx_word' id='word_1_777' title='bbox 1173 4702 1263 4749; x_wconf 90' lang='lat' dir='ltr'><strong>autem</strong></span> <span class='ocrx_word' id='word_1_778' title='bbox 1278 4696 1462 4764; x_wconf 86' lang='lat' dir='ltr'><strong>existimetur,</strong></span> <span class='ocrx_word' id='word_1_779' title='bbox 1480 4714 1542 4752; x_wconf 81' lang='lat' dir='ltr'><strong>cunr</strong></span> <span class='ocrx_word' id='word_1_780' title='bbox 1558 4698 1616 4770; x_wconf 90' lang='lat' dir='ltr'><strong>ipse</strong></span> <span class='ocrx_word' id='word_1_781' title='bbox 1630 4700 1700 4755; x_wconf 88' lang='lat' dir='ltr'><strong>invi-</strong></span> 
     </span>
     <span class='ocr_line' id='line_1_112' title="bbox 900 4781 1697 4849; baseline 0.004 -9"><span class='ocrx_word' id='word_1_782' title='bbox 900 4784 987 4840; x_wconf 86' lang='lat' dir='ltr'><strong>sibilis</strong></span> <span class='ocrx_word' id='word_1_783' title='bbox 1011 4783 1055 4849; x_wconf 88' lang='lat' dir='ltr'><strong>sit,</strong></span> <span class='ocrx_word' id='word_1_784' title='bbox 1078 4781 1229 4837; x_wconf 89' lang='lat' dir='ltr'><strong>visibilium</strong></span> <span class='ocrx_word' id='word_1_785' title='bbox 1253 4792 1486 4840; x_wconf 90' lang='lat' dir='ltr'><strong>sacramentorum</strong></span> <span class='ocrx_word' id='word_1_786' title='bbox 1512 4786 1649 4843; x_wconf 77' lang='lat' dir='ltr'><strong>sacrificia</strong></span> <span class='ocrx_word' id='word_1_787' title='bbox 1672 4789 1697 4845; x_wconf 89' lang='lat' dir='ltr'><strong>ei</strong></span> 
     </span>
     <span class='ocr_line' id='line_1_113' title="bbox 899 4871 1695 4944; baseline 0.006 -16"><span class='ocrx_word' id='word_1_788' title='bbox 899 4889 955 4929; x_wconf 87' lang='lat' dir='ltr'><strong>non</strong></span> <span class='ocrx_word' id='word_1_789' title='bbox 970 4887 1135 4944; x_wconf 91' lang='lat' dir='ltr'><strong>congruere,</strong></span> <span class='ocrx_word' id='word_1_790' title='bbox 1146 4871 1185 4925; x_wconf 90' lang='lat' dir='ltr'><strong>ait</strong></span> <span class='ocrx_word' id='word_1_791' title='bbox 1200 4871 1364 4944; x_wconf 80' lang='lat' dir='ltr'><strong>brrgustinus</strong></span> <span class='ocrx_word' id='word_1_792' title='bbox 1379 4873 1405 4927; x_wconf 91' lang='lat' dir='ltr'><strong>in</strong></span> <span class='ocrx_word' id='word_1_793' title='bbox 1421 4872 1520 4929; x_wconf 88' lang='lat' dir='ltr'><strong>librox</strong></span> <span class='ocrx_word' id='word_1_794' title='bbox 1534 4876 1572 4931; x_wconf 88' lang='lat' dir='ltr'><strong>De</strong></span> <span class='ocrx_word' id='word_1_795' title='bbox 1587 4876 1695 4933; x_wconf 90' lang='lat' dir='ltr'><strong>civitate</strong></span> 
     </span>
     <span class='ocr_line' id='line_1_114' title="bbox 898 4960 1696 5035; baseline 0.001 -15"><span class='ocrx_word' id='word_1_796' title='bbox 898 4962 948 5020; x_wconf 86' lang='lat' dir='ltr'><strong>Dei</strong></span> <span class='ocrx_word' id='word_1_797' title='bbox 963 4963 1036 5032; x_wconf 82' lang='lat' dir='ltr'><strong>(cap.</strong></span> <span class='ocrx_word' id='word_1_798' title='bbox 1052 4965 1095 5027; x_wconf 84' lang='grc' dir='ltr'><strong>ιιι,</strong></span> <span class='ocrx_word' id='word_1_799' title='bbox 1108 4969 1171 5016; x_wconf 92' lang='lat' dir='ltr'><strong>tom.</strong></span> <span class='ocrx_word' id='word_1_800' title='bbox 1189 4960 1247 5026; x_wconf 89' lang='lat' dir='ltr'><strong>vll,</strong></span> <span class='ocrx_word' id='word_1_801' title='bbox 1259 4977 1288 5017; x_wconf 92' lang='lat' dir='ltr'><strong>e.</strong></span> <span class='ocrx_word' id='word_1_802' title='bbox 1306 4961 1370 5027; x_wconf 76' lang='lat'>235)</span> <span class='ocrx_word' id='word_1_803' title='bbox 1385 4981 1391 5016; x_wconf 76' lang='grc' dir='ltr'><strong>ε</strong></span> <span class='ocrx_word' id='word_1_804' title='bbox 1404 4984 1415 5009; x_wconf 72' lang='lat' dir='ltr'><strong>a</strong></span> <span class='ocrx_word' id='word_1_805' title='bbox 1428 4961 1480 5030; x_wconf 89' lang='lat' dir='ltr'><strong>Qui</strong></span> <span class='ocrx_word' id='word_1_806' title='bbox 1497 4972 1586 5018; x_wconf 89' lang='lat' dir='ltr'><strong>autern</strong></span> <span class='ocrx_word' id='word_1_807' title='bbox 1601 4974 1696 5035; x_wconf 90' lang='lat' dir='ltr'><strong>putant</strong></span> 
     </span>
     <span class='ocr_line' id='line_1_115' title="bbox 898 5046 1697 5124; baseline 0.004 -19"><span class='ocrx_word' id='word_1_808' title='bbox 898 5049 957 5107; x_wconf 87' lang='lat' dir='ltr'><strong>haec</strong></span> <span class='ocrx_word' id='word_1_809' title='bbox 980 5050 1095 5105; x_wconf 90' lang='lat' dir='ltr'><strong>visibilia</strong></span> <span class='ocrx_word' id='word_1_810' title='bbox 1119 5046 1251 5104; x_wconf 80' lang='lat' dir='ltr'><strong>sacrificia</strong></span> <span class='ocrx_word' id='word_1_811' title='bbox 1275 5049 1327 5103; x_wconf 91' lang='lat' dir='ltr'><strong>diis</strong></span> <span class='ocrx_word' id='word_1_812' title='bbox 1350 5051 1446 5105; x_wconf 88' lang='lat' dir='ltr'><strong>alienis</strong></span> <span class='ocrx_word' id='word_1_813' title='bbox 1470 5067 1635 5124; x_wconf 87' lang='lat' dir='ltr'><strong>congruere,</strong></span> <span class='ocrx_word' id='word_1_814' title='bbox 1658 5053 1697 5110; x_wconf 94' lang='lat' dir='ltr'><strong>illi</strong></span> 
     </span>
     <span class='ocr_line' id='line_1_116' title="bbox 897 5137 1693 5211; baseline 0.004 -16"><span class='ocrx_word' id='word_1_815' title='bbox 897 5155 963 5196; x_wconf 90' lang='lat' dir='ltr'><strong>vero</strong></span> <span class='ocrx_word' id='word_1_816' title='bbox 979 5148 1111 5211; x_wconf 89' lang='lat' dir='ltr'><strong>tanquam</strong></span> <span class='ocrx_word' id='word_1_817' title='bbox 1126 5137 1252 5191; x_wconf 74' lang='lat' dir='ltr'><strong>invisibili</strong></span> <span class='ocrx_word' id='word_1_818' title='bbox 1264 5137 1421 5206; x_wconf 88' lang='lat' dir='ltr'><strong>invisibilia,</strong></span> <span class='ocrx_word' id='word_1_819' title='bbox 1433 5150 1456 5194; x_wconf 90' lang='lat' dir='ltr'><strong>et</strong></span> <span class='ocrx_word' id='word_1_820' title='bbox 1469 5141 1564 5205; x_wconf 84' lang='lat' dir='ltr'><strong>majori</strong></span> <span class='ocrx_word' id='word_1_821' title='bbox 1578 5143 1693 5210; x_wconf 76' lang='lat' dir='ltr'><strong>maiora,</strong></span> 
     </span>
     <span class='ocr_line' id='line_1_117' title="bbox 896 5225 1694 5298; baseline 0.005 -15"><span class='ocrx_word' id='word_1_822' title='bbox 896 5228 1056 5298; x_wconf 90' lang='lat' dir='ltr'><strong>meliorique</strong></span> <span class='ocrx_word' id='word_1_823' title='bbox 1071 5225 1196 5291; x_wconf 86' lang='lat' dir='ltr'><strong>meliora,</strong></span> <span class='ocrx_word' id='word_1_824' title='bbox 1212 5226 1301 5296; x_wconf 90' lang='lat' dir='ltr'><strong>qualia</strong></span> <span class='ocrx_word' id='word_1_825' title='bbox 1316 5234 1379 5280; x_wconf 90' lang='lat' dir='ltr'><strong>sunt</strong></span> <span class='ocrx_word' id='word_1_826' title='bbox 1395 5243 1470 5296; x_wconf 75' lang='lat' dir='ltr'><strong>purae</strong></span> <span class='ocrx_word' id='word_1_827' title='bbox 1486 5229 1582 5283; x_wconf 86' lang='lat' dir='ltr'><strong>mentis</strong></span> <span class='ocrx_word' id='word_1_828' title='bbox 1597 5230 1694 5287; x_wconf 85' lang='lat' dir='ltr'><strong>bouae-</strong></span> 
     </span>
     <span class='ocr_line' id='line_1_118' title="bbox 895 5312 1695 5389; baseline 0.009 -18"><span class='ocrx_word' id='word_1_829' title='bbox 895 5332 950 5389; x_wconf 86' lang='lat' dir='ltr'><strong>que</strong></span> <span class='ocrx_word' id='word_1_830' title='bbox 963 5315 1107 5374; x_wconf 88' lang='lat' dir='ltr'><strong>voluntatis</strong></span> <span class='ocrx_word' id='word_1_831' title='bbox 1121 5313 1220 5383; x_wconf 86' lang='lat' dir='ltr'><strong>obicio,</strong></span> <span class='ocrx_word' id='word_1_832' title='bbox 1231 5312 1355 5385; x_wconf 89' lang='lat' dir='ltr'><strong>prolecto</strong></span> <span class='ocrx_word' id='word_1_833' title='bbox 1371 5315 1492 5372; x_wconf 87' lang='lat' dir='ltr'><strong>nesciunt</strong></span> <span class='ocrx_word' id='word_1_834' title='bbox 1507 5319 1565 5375; x_wconf 90' lang='lat' dir='ltr'><strong>haec</strong></span> <span class='ocrx_word' id='word_1_835' title='bbox 1581 5320 1617 5375; x_wconf 90' lang='lat' dir='ltr'><strong>ita</strong></span> <span class='ocrx_word' id='word_1_836' title='bbox 1632 5335 1695 5379; x_wconf 90' lang='lat' dir='ltr'><strong>esse</strong></span> 
     </span>
    </p>
   </div>
   <div class='ocr_carea' id='block_1_22' title="bbox 0 0 1856 6000">
    <p class='ocr_par' dir='ltr' id='par_1_25' title="bbox 0 0 1856 6000">
     <span class='ocr_line' id='line_1_119' title="bbox 0 0 1856 6000; baseline 0 13"><span class='ocrx_word' id='word_1_837' title='bbox 0 0 1856 6000; x_wconf 95' lang='lat' dir='ltr'><strong> </strong></span> 
     </span>
    </p>
   </div>
  </div>
 </body>
</html>
