3728 6000
64 193 115 255 301
401 193 610 253 ntsrnaarto
629 194 770 253 ahtana
788 197 970 255 ADVERSUS
988 198 1262 258 ABAELhRDUll.—
1273 201 1336 258 Llll.
1347 204 1382 259 ιι.
1667 213 1721 270 302

63 340 152 380 scere.
167 324 229 380 Non
244 323 317 378 enim
340 322 411 377 Deus
434 329 461 376 ct
487 323 569 376 homo
595 322 655 377 duae
675 321 733 376 istas
753 328 866 386 naturae,
884 320 909 384 Α
924 329 1067 395 utmmqua
1080 324 1108 380 in
1123 340 1187 395 uno,
1201 334 1227 383 et
1237 328 1310 383 Deus
1325 328 1353 383 ιιι
1367 333 1482 403 utroque
1507 339 1572 403 est;
1594 348 1650 390 non
1673 334 1718 389 di-

62 414 120 469 cive
134 410 601 485 singula,sicesimnlaccipiantur,
616 424 671 464 una
683 409 736 465 dici
750 415 867 480 possunt
916 412 1041 467 versitate
1061 413 1177 482 divisus,
1205 432 1260 471 non
1286 418 1463 489 permistione
1491 420 1633 487 confusus,
1662 439 1714 479 nec

62 503 91 558 in
108 502 237 557 Trinitate
253 516 377 572 persona.
397 523 407 549 ι
423 500 455 554 Ει
470 497 557 554 inira:
578 522 589 547 ι
605 499 667 554 Νοιι
683 498 767 570 igitur
784 500 865 553 homo
919 500 1029 556 alterex
1041 502 1133 570 Patre,
1147 503 1214 560 alter
1226 515 1352 562 exmatre
1364 507 1453 575 ;idem
1464 517 1527 565 ante
1538 509 1715 583 principium,

63 591 142 647 illea
159 590 250 646 Verbo
265 597 416 660 assumptus
446 588 537 660 aliqua
547 589 582 643 de
608 587 695 642 tribus
710 587 764 641 illis
778 586 805 640 in
821 584 867 639 illa
919 587 991 644 idern
1005 589 1032 644 in
1048 590 1101 647 line
1114 594 1289 650 seculorum.
1310 617 1321 644 u
1339 596 1385 651 Sic
1396 597 1443 652 luit
1458 598 1493 652 ab
1508 607 1611 654 aeterno
1625 599 1654 653 in
1668 599 1718 654 Dei

62 678 344 749 aternitatepersonis
355 676 485 732 dicendus
496 676 619 738 est;sed
631 675 749 730 Verbum
764 674 865 744 ipsum,
919 679 1091 749 praescientia
1123 690 1270 753 antequam
1304 685 1435 740 mundum
1465 684 1575 752 iaceret,
1606 688 1718 759 quando

62 770 105 824 cui
120 777 164 825 est
179 769 281 824 unitus.
298 767 325 822 Si
340 775 430 821 autem
459 766 493 820 de
512 767 569 821 Deo
584 772 610 820 et
624 764 734 819 homine
750 763 866 836 singulis

62 875 119 915 non
136 866 180 914 εει
206 856 363 922 dicendum,
386 854 459 927 quud
486 854 540 909 sint
561 854 598 910 ibi
615 854 706 926 eliqua
734 866 865 924 persona,

63 947 149 1004 multo
164 946 254 1001 minus
269 944 303 1001 de
318 945 371 1000 illis
386 945 492 999 duabus
512 944 594 998 simul
609 944 713 998 naturis
726 941 782 998 dici
796 956 865 996 con-

62 1039 151 1094 venit.
178 1037 240 1092 Non
254 1035 325 1090 enim
340 1035 394 1090 ittae
408 1034 469 1089 duae
495 1041 602 1088 natura
614 1031 719 1104 aliquid
734 1039 865 1086 aeternum

63 1132 182 1200 possunt
196 1140 265 1186 esse.
280 1139 342 1180 cum
358 1137 412 1179 nna
436 1138 530 1178 earum
558 1128 647 1177 careat
671 1120 832 1175 aeternitate.
852 1141 864 1167 s

62 1218 96 1272 Et
110 1214 229 1271 inirem
246 1211 276 1268 ld
290 1212 388 1278 solum,
405 1210 478 1283 quod
506 1211 592 1267 semel
604 1211 653 1265 init
668 1209 697 1264 in
710 1207 757 1264 illa
773 1207 866 1264 Trini-

61 1312 120 1361 tate
133 1318 243 1375 semper
265 1301 292 1356 in
315 1300 410 1356 eadem
441 1306 581 1372 permanet
601 1312 729 1370 persona,
754 1301 781 1352 et
800 1294 867 1351 nihil

921 763 1030 831 iaceret,
1046 776 1072 823 et
1087 769 1203 840 qualiter
1219 771 1319 827 iaceret
1335 787 1342 842 ;
1359 781 1385 830 ct
1408 774 1516 846 qnando
1536 792 1586 846 per
1600 784 1717 832 mortem

919 855 1052 927 unigeniti
1068 857 1127 913 Filii
1144 859 1185 913 sui
1202 877 1264 915 eum
1285 861 1420 928 reliceret,
1437 865 1489 920 hoc
1504 872 1555 929 εει,
1572 864 1600 919 in
1615 873 1718 923 aterno

921 944 1068 1001 Verbosuo
1083 955 1142 1002 erat
1155 949 1325 1017 aeternaliter,
1343 951 1454 1023 quando
1470 960 1496 1008 ει
1512 953 1628 1025 qualiter
1642 955 1716 1011 Ver·

921 1030 985 1087 bum
1000 1034 1113 1102 homini,
1143 1043 1170 1091 et
1188 1036 1270 1093 homo
1285 1038 1374 1094 Verbo
1390 1040 1513 1096 uniretur
1522 1042 1717 1113 temporaliter,

920 1121 958 1176 ita
974 1129 1001 1176 ut
1015 1123 1089 1178 Deus
1103 1125 1236 1181 veraciter
1260 1133 1287 1182 et
1301 1128 1434 1186 catholice
1449 1129 1501 1186 dici
1517 1139 1610 1202 posset
1623 1131 1717 1202 homo,

919 1217 946 1264 ει
958 1211 1039 1266 homo
1055 1212 1137 1282 Deus,
1153 1229 1209 1269 non
1224 1215 1388 1273 humanitate
1411 1217 1439 1272 in
1467 1218 1635 1275 divinitatem
1650 1235 1718 1276 con·

919 1307 1033 1370 sumpta,
1062 1300 1142 1357 seda
1170 1303 1311 1360 divinitate
1340 1307 1526 1376 personaliter
1555 1315 1717 1381 assumpta:

62 1409 167 1450 nouum
184 1393 211 1446 in
223 1391 348 1448 eamdem
363 1389 522 1444 Trinitatem
550 1388 654 1453 incidit,
672 1387 737 1458 aquia
752 1402 804 1443 nec
819 1401 864 1440 re-

62 1490 175 1541 cantem
192 1482 278 1537 Deum
293 1477 332 1534 ias
346 1486 388 1534 est
401 1476 564 1532 existimari.
583 1500 594 1525 ι
612 1476 676 1532 llaec
698 1473 801 1545 pluries
818 1490 865 1528 re-

920 1391 1042 1459 proprle,
1060 1390 1087 1445 id
1102 1399 1142 1446 est
1153 1393 1268 1463 propria
1293 1394 1429 1450 locutione
1455 1396 1507 1452 dici
1523 1407 1625 1469 posset,
1656 1399 1721 1471 quia

920 1492 975 1531 non
996 1479 1171 1548 phantastica
1191 1481 1337 1553 opinione,
1357 1483 1405 1539 scd
1428 1486 1517 1541 veraci
1538 1486 1719 1557 confessione,

61 1572 158 1646 plicat,
175 1570 295 1626 etverba
310 1566 468 1636 multiplicat
483 1564 615 1638 usquead
638 1563 755 1620 taedium.
782 1563 816 1618 Et
836 1577 866 1618 se
921 1564 1044 1622 Ecclesia
1072 1575 1167 1624 sancta
1194 1569 1277 1626 corde
1302 1571 1424 1628 crederet
1451 1573 1486 1628 ad
1510 1574 1654 1644 justitiam,
1670 1591 1719 1633 ora

59 1662 154 1732 judice
169 1659 304 1732 superior,
321 1658 384 1712 dum
407 1654 549 1727 pueriliter
565 1654 685 1719 insultat,
718 1669 772 1709 non
790 1662 866 1708 cavet
880 1681 907 1741 Β
923 1661 1013 1710 autem
1037 1655 1210 1714 confiteretur
1237 1658 1414 1729 adsalutem,
1444 1670 1471 1718 et
1494 1662 1655 1735 praedicaret
1682 1665 1719 1722 ad

61 1750 258 1826 praecipitium.
275 1747 397 1816 Denique
408 1746 473 1800 dum
488 1744 618 1816 epilogat,
634 1742 771 1799 concelet
786 1747 866 1797 timo·
920 1743 1176 1814 predestinatorum
1204 1747 1361 1815 utilitatem‚
1376 1750 1439 1822 quia
1454 1751 1577 1809 Christus
1600 1760 1627 1809 et
1649 1754 1721 1810 Deus

60 1857 129 1909 rem,
146 1847 259 1911 propter
273 1851 354 1907 quem
368 1833 523 1906 irreligiose
539 1832 655 1904 pavidus
670 1830 765 1888 incidit
781 1830 808 1885 in
824 1846 866 1887 er·
919 1831 946 1883 et
962 1829 1043 1884 homo
1066 1837 1115 1896 est,
1131 1836 1158 1885 ει
1173 1831 1256 1887 homo
1283 1840 1310 1888 ει
1324 1833 1399 1889 Deus
1423 1842 1465 1890 est
1482 1854 1489 1903 3
1505 1843 1531 1893 ει
1559 1844 1630 1893 totns
1655 1838 1721 1911 quia

60 1945 163 1987 ιοιειιι.
181 1927 226 1983 Sic
238 1926 311 1982 enim
324 1924 408 1980 dicit:
426 1945 437 1970 a
455 1921 541 1978 Medis
559 1921 686 1977 omnibns
714 1918 866 1977 cavendum
918 1915 1001 1972 dividi
1013 1932 1067 1972 non
1081 1926 1181 1988 potest,
1196 1936 1250 1974 una
1266 1920 1293 1975 in
1316 1922 1446 1978 Trinitate
1461 1940 1580 1994 persona
1595 1934 1644 1982 εει.
1667 1927 1720 1984 lle·

61 2025 112 2088 est,
131 2014 314 2085 natalequid
330 2013 367 2068 ibi
382 2016 624 2080 astruamnsesse,
654 2009 727 2081 quod
756 2023 867 2078 semper
920 2020 981 2059 rum
996 2013 1038 2061 εει
1051 2006 1214 2078 euim,quod
1224 2008 1271 2065 ille
1280 2010 1362 2067 homo
1373 2010 1437 2068 iecit
1451 2012 1550 2068 coelum
1566 2023 1592 2069 et
1606 2022 1717 2084 terram,

61 2107 99 2162 ibi
114 2122 171 2162 non
186 2105 291 2171 inerit3
308 2118 359 2158 nec
373 2099 480 2173 aliquid
495 2098 644 2171 temporale
659 2098 686 2152 in
701 2096 747 2152 illa
762 2095 866 2153 consti·
920 2093 967 2165 qui
982 2095 1111 2167 pependit
1129 2095 1157 2151 in
1172 2096 1258 2169 ligno,
1287 2107 1313 2155 ει
1342 2108 1464 2156 mortuus
1479 2111 1520 2158 est
1533 2102 1561 2157 in
1576 2102 1651 2174 ligno
1667 2119 1674 2175 ;
1692 2113 1719 2161 ει

64 2205 173 2252 mamus
188 2209 259 2262 esse,
275 2191 348 2265 qnod
363 2189 515 2261 semperibi
526 2187 684 2255 noniuerit;
697 2201 750 2242 nec
764 2184 866 2256 aliquid
920 2198 1013 2239 verum
1029 2192 1082 2253 εει,
1101 2185 1166 2256 quia
1181 2186 1230 2242 Dei
1244 2185 1325 2257 lilius,
1356 2189 1391 2245 de
1418 2191 1477 2246 Deo
1493 2191 1576 2259 Deus,
1601 2200 1629 2247 et
1643 2193 1719 2249 Patri

64 2283 216 2355 temporale
227 2281 254 2337 ιιι
268 2280 314 2337 illa
330 2280 525 2337 constituamus
547 2277 706 2344 eternitate,
736 2291 787 2330 nec
813 2273 865 2328 nli·
919 2280 1079 2341 coaeternus,
1091 2274 1219 2346 pependit
1233 2275 1259 2330 ιιι
1275 2276 1352 2350 ligno
1366 2285 1393 2334 ει
1407 2287 1529 2334 ιιιοιιιιιιε
1538 2287 1579 2336 εει
1589 2280 1616 2335 ιιι
1630 2281 1719 2353 ligno.

64 2372 326 2447 quidcompcsitum
348 2370 375 2424 in
404 2368 452 2423 illa
478 2366 659 2438 simplicitate,
685 2379 736 2420 nec
764 2362 868 2433 aliquid
920 2360 1415 2436 HaecesthrmaetabipsoChristo
1440 2367 1720 2426 laudataPetricon.
1822 2373 1825 2377 ·

63 2477 228 2534 corporeum
243 2461 270 2515 in
282 2458 330 2514 illa
340 2456 569 2529 incorporalitate,
586 2469 637 2510 nec
647 2453 750 2523 aliquid
765 2468 866 2507 novum
920 2448 1004 2507 lessio
1017 2468 1024 2506 ι
1040 2451 1099 2506 «Tu
1108 2468 1147 2516 εε,
1156 2450 1252 2525 inquit,
1263 2452 1389 2511 Christus
1400 2455 1486 2512 Filius
1497 2457 1546 2513 Dei
1555 2458 1609 2514 vivi
1620 2458 1719 2527 (nott.

62 2551 90 2607 in
105 2552 152 2606 illa
170 2550 343 2621 antiquitate.
362 2570 373 2595 ι
390 2547 500 2602 Eccein
525 2552 650 2615 quantam
672 2539 792 2614 pertidiae
814 2557 866 2597 vo·
920 2539 992 2601 ιιι).
1011 2560 1022 2587 a
1040 2540 1074 2595 El
1088 2540 1216 2597 Centurio
1231 2542 1335 2598 clamat
1350 2549 1414 2600 ante
1429 2560 1550 2602 trucem·
1569 2547 1664 2603 “Vera
1679 2549 1721 2603 Fi·

63 2641 189 2713 reginem
204 2639 284 2695 ductu
299 2653 356 2692 suae
372 2634 509 2691 familiaris
523 2634 551 2688 in
566 2647 689 2704 praeceps
703 2629 792 2685 abiit:
821 2629 867 2701 qui
921 2628 976 2683 lius
993 2628 1041 2683 Dei
1055 2638 1113 2685 erat
1127 2631 1178 2686 iste
1197 2633 1307 2700 (natet.
1338 2640 1438 2704 xxvia).
1457 2656 1468 2683 a
1486 2635 1655 2709 Augustinus
1681 2637 1719 2693 de

62 2729 102 2785 sic
113 2729 142 2783 in
157 2728 269 2784 Christo
284 2725 358 2783 videt
373 2734 532 2779 naturarum
556 2722 757 2791 proprietatem,
773 2727 868 2773 utnon
921 2719 976 2773 hoc
989 2718 1014 2771 ιιι
1031 2719 1100 2774 libro
1122 2719 1162 2776 De
1176 2720 1305 2776 Trinitate
1322 2739 1328 2773 .·
1346 2744 1356 2769 ι
1382 2725 1527 2794 Apostolus
1553 2726 1651 2780 Paulus
1673 2725 1721 2780 di-

61 2817 188 2874 attendat
204 2832 327 2888 personae
342 2814 497 2876 unitatem;
527 2809 755 2865 etNestorianam
774 2807 867 2863 laecem
920 2807 974 2861 cit:
996 2807 1024 2862 Si
1052 2808 1259 2880 cognovissent,
1285 2826 1424 2883 nunquam
1450 2812 1594 2868 Doiuinum
1620 2813 1720 2886 glorias

61 2921 191 2976 sequens,
204 2904 243 2960 sic
259 2902 354 2959 dividit
367 2901 514 2966 Christum,
528 2906 558 2953 ut
572 2895 722 2952 secundum
737 2895 764 2950 id
776 2894 865 2950 solnm
920 2893 1120 2952 crucifixissent
1144 2897 1172 2968 (I
1185 2897 1246 2954 Cor.
1262 2897 1306 2970 ιι).
1335 2899 1409 2972 Ergo
1437 2902 1587 2956 secundum
1608 2901 1724 2958 sormam

61 2994 136 3068 quod
156 2993 276 3049 Verbum
305 2998 355 3059 εει,
373 2989 400 3044 in
423 2987 556 3043 Trinitate
583 2985 627 3053 ειι,
657 2983 809 3040 secundnm
834 2981 863 3037 id
879 3039 903 3102 C
921 2983 995 3039 servi
1009 2984 1158 3042 crucifixus
1173 2994 1221 3056 est,
1247 2994 1378 3044 ettamen
1394 2989 1528 3045 Dominus
1543 2990 1644 3064 gloriae
1659 3009 1723 3048 cru-

61 3083 137 3159 quod
151 3083 236 3137 homo
251 3079 325 3135 nullo
343 3077 424 3133 modo
438 3075 485 3131 ειι.
510 3075 576 3130 Haec
597 3080 639 3128 est
667 3072 711 3126 illa
738 3071 863 3128 scientiae
919 3071 1076 3130 cifixusest.
1090 3075 1245 3130 Talisenim
1260 3084 1316 3132 erat
1329 3077 1377 3133 illa
1392 3079 1537 3151 susceptio,
1555 3096 1618 3152 quta
1634 3082 1722 3137 Deum

62 3172 207 3231 saecularis
225 3168 350 3236 altitudo,
372 3165 504 3222 extollens
530 3179 560 3219 εε
588 3163 717 3218 adversus
735 3160 866 3216 humilem
921 3162 1021 3218 iaceret
1033 3163 1181 3233 hominem,
1197 3173 1224 3220 et
1238 3164 1376 3221 hominem
1392 3166 1513 3222 neum..
1531 3166 1602 3238 Quid
1618 3178 1720 3232 tamen,

60 3262 209 3320 scientiam
224 3258 274 3314 Dei
291 3276 298 3314 ι
315 3273 376 3328 qnae
390 3254 474 3311 armis
492 3269 550 3309 non
564 3250 731 3318 carnalibus,
747 3249 796 3306 sed
811 3265 864 3321 po-

60 3351 183 3408 tentibus
206 3349 265 3404 Deo
285 3347 454 3414 destruetur,
479 3351 506 3399 ct
525 3340 740 3414 precipitabitur
754 3338 781 3393 in
796 3353 865 3410 pro-

59 3439 178 3497 fundum
194 3436 304 3494 inferni.
321 3436 362 3491 De
390 3433 489 3489 talibus
511 3431 644 3502 scriptum
663 3436 723 3484 est:
741 3450 752 3475 a
768 3427 804 3482 Et
819 3426 864 3482 di-

59 3528 134 3586 misit
149 3543 199 3584 eoa
213 3525 362 3583 secuudum
374 3520 511 3578 desideria
538 3518 629 3576 cordis
656 3533 763 3586 eorum,
788 3516 864 3572 ibunt

58 3614 342 3675 inadinventionibus
356 3611 412 3667 suis
425 3610 513 3683 (Paul.
530 3609 626 3679 cxxx).
644 3608 693 3662 Est
720 3606 793 3661 enim
808 3620 862 3660 non

59 3708 149 3764 solnm
167 3719 247 3773 vana,
263 3703 311 3759 sed
337 3701 418 3758 etiam
441 3698 558 3770 prolana
571 3712 643 3752 nova
658 3698 720 3751 hoec
735 3695 864 3750 adinven-

58 3797 109 3865 tio,
125 3812 160 3851 ιιι
174 3791 392 3850 fundatissimam
419 3786 586 3845 catholicam
620 3783 701 3840 fidem
716 3798 862 3856 proposse

58 3900 110 3942 suo
123 3885 235 3956 penitus
249 3880 347 3938 evertit
361 3877 408 3951 qui
422 3876 488 3932 dicit
503 3895 509 3931 :
528 3898 540 3924 ι
558 3874 693 3939 Christus,
709 3871 858 3930 secundum

58 3974 133 4049 quod
149 3971 248 4039 homo,
262 3986 317 4026 non
334 3969 415 4025 estin
439 3965 571 4021 Trinitate
586 3982 593 4029 3
610 3986 621 4013 ι
638 3961 709 4035 quod
740 3977 795 4017 non
823 3969 863 4059 εει

58 4063 145 4131 aliud,
161 4061 226 4129 nisi,
254 4058 401 4116 secundum
429 4054 502 4127 quod
525 4055 607 4109 homo
635 4059 684 4116 εει,
711 4066 766 4106 non
780 4057 861 4105 estin

919 3260 1031 3323 propter
1045 3252 1119 3323 quid.
1136 3261 1163 3309 et
1182 3252 1333 3309 secundum
1362 3254 1427 3325 quid
1455 3256 1572 3323 dicatur,
1602 3259 1660 3314 Deo
1673 3258 1723 3329 ju·

919 3348 1010 3408 vante,
1027 3340 1154 3413 prudens
1174 3349 1201 3396 et
1215 3341 1333 3414 diligens
1357 3351 1382 3398 ει
1397 3344 1461 3415 pius
1476 3343 1561 3400 lector
1576 3345 1722 3421 intelligat.

919 3429 1011 3484 Homo
1031 3429 1115 3502 igitur
1138 3431 1221 3497 Deus,
1252 3438 1277 3486 et
1296 3430 1371 3486 Deus
1398 3431 1481 3487 bomo
1508 3440 1549 3489 εει
1577 3433 1721 3503 dicendus,

919 3518 991 3588 quod
1006 3517 1102 3573 Petrus
1131 3518 1225 3575 dicere
1248 3518 1419 3575 reformidat.
1440 3520 1482 3576 hd
1496 3521 1549 3578 hoc
1563 3521 1635 3578 enim
1649 3523 1724 3579 Dens

917 3606 1000 3662 homo
1014 3606 1101 3662 sectus
1124 3611 1175 3673 est,
1190 3613 1219 3663 ιιι
1232 3609 1315 3664 bomo
1333 3608 1407 3664 Deus
1424 3606 1510 3666 lieret.
1526 3610 1572 3668 Sic
1587 3611 1659 3668 enim
1674 3627 1723 3671 no·

917 3702 973 3751 ster
987 3695 1118 3769 magister
1125 3695 1200 3760 dicit,
1212 3696 1286 3770 qnod
1301 3697 1363 3752 talis
1377 3697 1423 3754 illa
1432 3698 1568 3771 susceptio
1585 3698 1644 3770 luit,
1660 3716 1722 3774 quaa

917 3785 1003 3840 Deum
1016 3785 1152 3840 hominem
1168 3785 1283 3853 laceret,
1298 3786 1474 3843 ethcminem
1486 3787 1583 3844 Deum.
1600 3789 1720 3848 Verbum

917 3873 989 3929 enim
1004 3888 1068 3928 caro
1081 3873 1180 3930 lactum
1196 3881 1246 3945 est,
1263 3883 1293 3929 ιιι
1321 3874 1369 3947 qui
1385 3883 1443 3932 erat
1470 3876 1625 3935 inveritate
1644 3877 1717 3936 divi·
1760 3915 1764 3926 ι

916 3961 1009 4017 nitatis
1034 3963 1093 4019 sine
1118 3969 1250 4034 tempore,
1266 3963 1338 4020 idern
1360 3971 1432 4020 esset
1446 3963 1473 4020 ιιι
1489 3966 1600 4023 veritato
1615 3968 1716 4026 huma-

916 4050 1009 4105 nitatis
1020 4051 1048 4106 in
1062 4058 1196 4123 tempore,
1212 4058 1283 4108 ιοιιιε
1299 4067 1353 4108 una
1381 4053 1408 4107 in
1438 4053 1569 4111 Trinitate
1587 4072 1716 4129 persona,

51 4152 182 4210 bellate.
201 4149 275 4205 Nihil
289 4156 330 4205 est
345 4148 418 4204 enim
444 4145 490 4200 illa
513 4157 617 4198 summa
644 4140 775 4208 Trinitas,
809 4138 861 4193 nisi
916 4140 978 4211 quia
994 4147 1065 4195 totns
1080 4157 1114 4195 ex
1128 4141 1236 4196 duabus
1252 4149 1279 4197 et
1294 4141 1322 4196 in
1336 4141 1443 4197 duabus
1463 4143 1566 4199 naturis
1580 4162 1633 4201 uua
1647 4146 1716 4203 sub-

58 4258 127 4298 vera
142 4240 250 4307 Deitas,
265 4236 350 4293 etilla
376 4252 443 4293 vera
470 4232 573 4299 Deitas,
602 4227 653 4285 nisi
679 4227 726 4284 illa
754 4243 859 4283 summa
914 4229 1097 4285 stantiaNcn
1112 4228 1185 4284 enim
1209 4237 1322 4300 propter
1350 4230 1511 4287 scandalum
1530 4231 1712 4301 intirmorum,

56 4331 192 4386 Trinitas.
210 4328 293 4383 Totus
307 4340 374 4398 ergo
389 4323 524 4389 Christus,
543 4319 607 4392 quia
633 4317 718 4374 dividi
731 4332 787 4372 non
810 4332 859 4388 po·
915 4324 942 4373 ει
961 4317 1049 4372 minus
1071 4317 1215 4374 locutionis
1238 4318 1430 4376 ecclesiastice
1444 4321 1542 4378 modos
1556 4321 1715 4397 intelligen-

56 4414 378 4488 tesqinillaTrinitate,
395 4428 456 4485 quae
480 4412 554 4467 Deus
579 4416 629 4476 est,
656 4422 711 4464 une
739 4396 981 4478 personaDtium
1009 4406 1102 4462 audeo
1130 4405 1240 4473 dicere,
1269 4407 1342 4478 quod
1372 4408 1420 4464 hic
1431 4409 1612 4481 hieronymus
1635 4413 1711 4485 dicit,

56 4516 114 4566 est:
129 4506 180 4563 sed
193 4505 290 4560 modus
304 4500 517 4560 considerandus
545 4507 586 4555 εει
602 4517 609 4565 ;
626 4497 654 4553 id
675 4502 715 4554 cst
729 4511 784 4552 non
798 4510 856 4550 mu·
912 4493 1004 4568 [Deest
1018 4497 1114 4568 ειιᾳιια
1125 4496 1281 4568 particula]
1306 4495 1465 4566 substantia,
1481 4497 1531 4553 sed
1546 4501 1643 4556 oculos
1658 4502 1709 4556 ha·

57 4598 159 4655 ιιιιοιιε
173 4603 286 4662 naturae,
301 4593 350 4649 sed
366 4590 465 4646 unione
479 4603 616 4661 personae.
911 4584 981 4640 bens
995 4586 1024 4639 in
1039 4585 1170 4640 thesauris
1184 4585 1281 4641 domus
1301 4585 1418 4653 Domini,
1434 4586 1482 4641 ubi
1493 4587 1572 4656 juxta
1587 4591 1710 4661 prophe·

92 4687 153 4743 Nec
167 4683 269 4755 aliquid
288 4682 352 4737 novi
380 4678 478 4737 accidit
501 4680 560 4733 Deo
588 4675 716 4732 Christo:
733 4672 805 4745 quod
829 4672 858 4728 ιιι
912 4681 977 4743 tam,
993 4674 1068 4729 salus
1082 4682 1174 4729 nostra
1186 4681 1237 4742 εει,
1253 4673 1384 4730 doctrinis
1398 4674 1458 4730 dico
1484 4685 1639 4733 sanctorum
1655 4680 1708 4734 Pa-

57 4776 151 4849 ccipsc
166 4771 330 4831 aeternaliter
344 4769 447 4839 habuit,
463 4768 491 4823 in
505 4767 595 4838 scipso
610 4764 791 4837 temporaliter
803 4777 858 4818 ex·
912 4771 994 4830 trum,
1018 4763 1133 4834 qualiter
1146 4762 1196 4832 ipsi
1220 4772 1366 4832 sequentes
1380 4762 1580 4836 intelligibilem
1608 4766 1706 4836 David,

57 4864 156 4934 hibuit,
173 4871 200 4918 et
213 4859 322 4934 quando
336 4857 432 4924 voluit,
458 4863 483 4912 et
509 4853 644 4926 quomodo
672 4852 765 4909 voluit.
783 4852 859 4907 Deus
911 4853 1004 4908 hostes
1030 4851 1092 4906 fidei
1121 4850 1211 4905 iundae
1252 4851 1388 4922 lapidibus
1410 4852 1524 4908 obruant
1551 4854 1708 4928 diligentius

56 4954 130 5011 enirn
142 4967 255 5023 semper
270 4948 331 5017 luit,
348 4964 398 5003 nec
412 4944 484 5016 quod
499 4954 555 5001 erat
566 4942 672 5010 minuit,
694 4941 759 4997 dum
784 4941 857 5014 quod
912 4940 1071 5011 explorabo.
1102 4938 1220 4995 Hilarius
1236 4939 1282 4995 ille
1308 4940 1448 5007 mimbilis,
1466 4942 1511 5013 qui
1526 4942 1561 4998 ob
1576 4955 1708 5003 constan·

56 5048 198 5107 nouerat,
217 5055 247 5095 se
263 5038 341 5095 lecit.
360 5037 456 5109 Neque
475 5041 516 5090 est
539 5033 608 5089 alins
632 5031 681 5087 Dei
710 5030 804 5096 Filius,
831 5035 858 5084 et
911 5030 975 5085 tiam
987 5028 1127 5085 catholicae
1150 5026 1212 5083 tidei
1240 5044 1256 5083 a
1280 5029 1438 5084 Constantio
1466 5030 1586 5103 Augusto
1613 5036 1706 5108 magni

55 5140 126 5196 alius
149 5136 270 5195 bominis
299 5134 371 5191 fitius
386 5151 392 5191 :
407 5134 473 5190 licet
499 5132 572 5189 aliud
596 5131 638 5191 sit.
662 5130 813 5186 secundum
827 5129 858 5186 id
911 5127 1079 5184 Constantini
1091 5125 1146 5182 lilio
1159 5126 1331 5182 arianissimo
1345 5125 1519 5199 imperatore,
1536 5131 1608 5203 apud
1624 5133 1708 5206 Phry·

54 5238 131 5312 qnod
147 5236 231 5295 Filius
246 5227 669 5296 Deiest3etaliudsecundum
685 5226 713 5282 id
734 5227 806 5299 qnod
825 5225 857 5280 fi·
911 5229 1095 5304 qiamexsilio
1122 5228 1260 5302 relegatus
1289 5228 1347 5294 init,
1376 5229 1527 5286 subtilitatis
1554 5232 1708 5301 immensa,

54 5337 109 5393 llus
124 5335 244 5393 hominis
256 5340 307 5390 est.
321 5332 391 5389 liinc
406 5331 463 5388 Leo
474 5346 544 5403 papa
554 5327 709 5402 Magnnsad
722 5327 857 5382 Iulianum
911 5334 1008 5399 etpost
1021 5327 1180 5384 ειιιοιιιεειιι
1210 5327 1377 5397 Scripturam
1392 5327 1512 5384 utilitatis
1534 5330 1709 5404 incompara-

55 5436 218 5509 episcopum
232 5439 330 5489 contra
343 5429 481 5501 Eutychen
499 5445 505 5483 :
524 5452 535 5476 ι
551 5427 609 5483 Νεε
639 5424 755 5482 Verbum
775 5425 858 5499 igitur
911 5424 973 5479 bilis
995 5423 1078 5478 libros
1107 5420 1249 5478 duodecim
1275 5422 1310 5479 de
1341 5422 1471 5480 Trinitate
1497 5427 1658 5498 composuit,
1684 5429 1713 5485 in

53 5530 85 5590 ιιι
97 5544 222 5603 carnem,
237 5545 289 5586 nec
311 5527 342 5584 ιιι
369 5526 487 5585 Verbum
509 5540 572 5583 caro
600 5531 701 5580 mnata
722 5533 763 5581 est
779 5542 787 5597 ;
809 5523 858 5581 scd
912 5523 1011 5596 quibus
1025 5521 1098 5581 velut
1112 5529 1206 5578 nostra
1218 5522 1373 5596 periculosa
1388 5531 1513 5601 tempom
1525 5526 1708 5601 prospiciens,
