3728 6000
101 180 170 259 sior
698 155 706 163 ’
793 195 936 258 suessa
956 194 992 251 ιιι
1011 194 1115 251 rura
1747 183 1812 239 tsoa

428 327 605 386 ccctxxut.
939 324 963 378 tt
1321 316 1484 378 CCCLtle.

53 507 56 511 ⁴
101 417 151 475 Ad
169 416 208 473 Η.
229 415 482 487 arehiepiscopum
498 417 703 474 Senoneusem.
725 446 758 460 -
772 414 925 473 pecodem
979 419 1120 478 Fratrum
1145 419 1175 478 S.
1200 419 1300 477 Laudi
1323 412 1599 485 Rottomcpecsium
1617 408 1811 481 disciplinam

426 496 604 561 argumento.
1212 490 1385 549 eanonicam
1407 488 1574 557 confirmat.

414 583 511 648 (anno
528 579 625 647 ittet)
1158 590 1255 662 (Anno
1272 588 1432 646 itti-tter.
1449 585 1627 656 -rragmi

299 669 408 738 [Matisa
423 668 619 735 Concu-‚xiib
635 666 711 741 645]
1238 687 1389 761 [Natum
1401 685 1462 755 pia,
1475 681 1550 756 805·]

137 756 273 814 Eucaerus
281 757 449 829 episeopus,
458 772 563 812 servus
579 772 730 812 servorum
746 754 804 818 uei,
819 752 926 809 dilecto

103 844 165 902 filio
179 844 512 918 nostroarebiepiscopo
528 845 694 902 Senonensi
711 844 889 910 tt.,salutem
900 846 927 899 et

102 934 299 1007 apostolicam
314 933 563 991 benedictionem.

140 1023 268 1089 Quidam
284 1023 424 1080 sacerdos
440 1026 636 1081 tuusltomam
652 1023 691 1079 ad
705 1027 840 1079 nostram
855 1037 927 1094 prse-

103 1111 230 1168 seutiam
244 1112 377 1177 veniens,
392 1117 573 1184 conquestus
597 1118 641 1168 est
656 1111 736 1185 quod
759 1111 927 1184 Stephanus

104 1200 334 1258 archidiaconus
346 1205 424 1267 tuus,
437 1202 582 1273 quoniam
599 1200 738 1256 denarios
751 1199 871 1272 qtsusab
891 1212 927 1254 eo

102 1288 287 1361 proecclesia
301 1289 356 1346 sibi
369 1289 636 1359 traditaesigebat,
646 1290 672 1345 ei
684 1287 926 1354 tribuerenoluit,

104 1375 142 1432 de
157 1376 472 1434 eademEcclesiaeum
486 1377 639 1451 expulerit.
650 1379 681 1432 Et
689 1376 928 1449 quoniamsuper

103 1465 161 1523 hoe
175 1466 291 1522 eumad
307 1471 441 1522 nostram
457 1465 642 1522 audientiam
659 1464 830 1538 appellarit,
847 1463 927 1520 idem

105 1553 335 1612 archidiaconus
352 1555 418 1610 iecit
432 1555 709 1627 eumapareutibus
721 1555 781 1609 suis
792 1570 868 1610 ausu
883 1568 928 1608 sa·

105 1643 214 1714 crilego
228 1644 384 1699 verberari.
402 1645 476 1710 Quia
493 1659 563 1700 vero
578 1643 660 1699 valde
675 1643 811 1715 iniquum
828 1645 881 1706 est,
896 1645 930 1697 ut

1017 798 1152 852 tineamus
1170 794 1454 867 episcopusservus
1466 802 1622 846 servorum
1641 785 1704 851 liei,
1722 784 1810 841 diiec-

980 884 1016 944 iis
1027 883 1095 940 tiliis
1108 885 1245 948 osbearn,
1263 882 1352 954 priori
1367 884 1395 938 S.
1409 877 1497 936 Laudi
1512 876 1549 933 de
1565 875 1767 946 ttotbomago‚
1783 879 1810 930 et

979 974 1116 1046 ejusdem
1127 973 1276 1039 iratribus,
1291 976 1353 1028 tam
1368 966 1568 1045 praesentibus
1576 980 1672 1038 quum
1690 963 1811 1032 tuturis,

980 1062 1155 1134 regulariter
1169 1062 1258 1118 vitam
1268 1059 1419 1133 professis,
1431 1058 1559 1114 satutem
1574 1051 1809 1126 etapostolicam

980 1152 1231 1210 benedictionem.

1018 1239 1170 1311 Religiosis
1181 1238 1335 1296 desideriis
1348 1237 1476 1310 dignum
1487 1238 1531 1291 est
1545 1232 1681 1307 praebere
1693 1231 1808 1288 facilem

981 1344 1171 1394 consensum,
1196 1332 1227 1383 ut
1248 1326 1343 1382 tidelis
1374 1324 1495 1381 devotio
1521 1326 1649 1379 celerem
1673 1320 1810 1377 sortiatur

981 1419 1130 1477 effectum.
1151 1419 1324 1489 Eapropter‚
1340 1414 1438 1471 dilecti
1452 1413 1482 1470 in
1500 1412 1628 1469 Domino
1644 1409 1708 1477 filii,
1725 1425 1811 1467 vene-

981 1506 1123 1564 rabilium
1136 1505 1260 1562 fratrum
1287 1508 1470 1567 nostrorum,
1488 1501 1622 1571 lingonis
1644 1499 1809 1571 archiepis-

983 1597 1049 1669 copi
1083 1593 1344 1664 Rothomagensis,
1372 1598 1399 1648 et
1433 1590 1540 1661 etgari,
1576 1589 1809 1648 Constantieusis

105 1729 112 1742 .
173 1731 179 1743 .
266 1733 271 1742 .
324 1732 355 1762 1.
409 1735 418 1752 ,
500 1732 506 1743 .
591 1731 596 1743 .
744 1731 749 1741 .
949 1670 1125 1759 Bsptscopt
1142 1683 1281 1756 precibus
1295 1679 1439 1748 inclinati,
1465 1679 1601 1735 ordinem
1618 1677 1809 1742 canonicum,

103 1746 135 1786 ιιι
150 1731 206 1797 brs,
222 1733 330 1805 quibus
349 1748 379 1787 ιιι
400 1731 528 1788 ecclesia
547 1732 597 1787 Der
613 1731 787 1804 superalros
800 1735 929 1802 potestas

101 1818 257 1891 judicandi
279 1821 460 1887 conceditur,
482 1820 645 1895 iniquitatis
668 1819 835 1875 inveniatur
849 1818 929 1889 judi-
953 1829 955 1834 ’
983 1773 1149 1831 mundum
1166 1774 1194 1828 θ’
1216 1769 1371 1844 Aussufflni
1399 1769 1552 1839 Regulam‘
1569 1783 1663 1840 quam
1688 1783 1743 1839 W
1764 1769 1811 1822 Μ

106 1910 197 1975 cium,
206 1909 312 1966 dilecto
327 1910 387 1967 filio
398 1916 499 1966 nostro
511 1909 632 1982 Sugerio
644 1908 745 1965 abbati
758 1905 927 1980 &Dionysii
984 1864 1122 1964 ΝΜ
1132 1862 1268 1963 ‘amem
1277 1859 1487 1959 fffifflfflffllfi!
1497 1854 1813 1959 ⁰⁰¹i⁸t³¹¹²iffn⁸i⁸⁰pi⁹

984 1969 1052 2026 copr
1068 1953 1165 2009 studio
1180 1956 1340 2016 annuente,
1357 1948 1480 2022 professi
1502 1953 1585 2013 estis,
1599 1946 1680 2002 sedrs
1694 1949 1812 2018 aposto·

105 2013 160 2071 per
173 1998 390 2098 mimum
400 2000 592 2057 mandam
602 2003 644 2100 ,ω’
659 2005 786 2098 mmwe
796 1997 938 2097 adsuffm'
983 2042 1048 2099 licse
1063 2041 1235 2098 auctoritate
1247 2040 1402 2095 firmamus
1417 2053 1424 2104 ;
1445 2042 1477 2093 ut
1492 2036 1523 2093 iu
1543 2035 1651 2092 eadem
1684 2033 1813 2091 Ecclesia

103 2092 295 2161 mmmmm
311 2096 444 2157 ⁶V⁰⁰⁸¹⁰³
458 2105 582 2145 ‘musam
601 2104 698 2159 'pum
714 2087 871 2158 d¹¹¹g⁸⁰t⁰r
886 2101 929 2142 ω’
983 2131 1135 2206 perpetuis
1158 2128 1346 2202 temporibus
1370 2124 1582 2183 inviolabiliter
1608 2128 1812 2187 conservetur,

106 2178 931 2251 quirat,etjustitiacomitantedilfiniat.Tuergoeum·
1085 2220 1090 2231 .
1150 2219 1187 2230 ..
1407 2216 1438 2227 ..
1579 2214 1584 2224 .
1629 2212 1635 2224 .
1693 2213 1698 2223 .

106 2267 176 2324 dem
191 2267 434 2325 archidiaconum
446 2267 481 2325 ad
496 2268 587 2341 ipsius
606 2269 725 2324 abbatis
741 2265 928 2323 vocationem
985 2235 1040 2277 ¹¹⁰⁰
1054 2219 1130 2320 ⁸¹¹⁰?
1148 2219 1187 2274 ¹b¹
1203 2218 1240 2274 (¹⁰
1253 2224 1369 2316 cmm!
1384 2232 1441 2272 ⁰¹⁸¹
1456 2214 1602 2287 “galam
1627 2217 1812 2278 mmmm*

984 2315 1124 2384 prasenti
1137 2308 1265 2374 decreto,
1280 2321 1443 2371 sancimus,
1458 2310 1513 2360 etc.

103 2357 153 2424 ire,
168 2358 360 2431 etquodinde
370 2357 552 2428 iudicaverit
566 2356 660 2413 iacias
673 2357 842 2412 observare.
852 2358 931 2411 Post·

104 2442 929 2518 modumquoqueeumadvossupereisdemexcessibus
1312 2420 1491 2480 CCCLXXVI·

104 2547 322 2605 responsurum
334 2535 525 2590 transmittas.
548 2534 615 2589 lltos
628 2548 698 2588 vero
720 2531 771 2603 qui
788 2531 931 2586 violentas
985 2543 1033 2599 Ad
1048 2541 1188 2606 meato,
1207 2539 1348 2596 Polonsoe,
1365 2569 1400 2578 -
1411 2536 1520 2609 Aequis
1533 2551 1580 2593 ρο,
1594 2534 1675 2607 qm
1690 2534 1813 2591 talama

105 2637 215 2678 manus
230 2621 259 2678 in
271 2622 409 2678 eumdem
424 2622 744 2693 clericuminjecerunt,
756 2635 930 2676 excommu·
1022 2615 1055 2671 G.
1072 2615 1177 2669 nuntio
1203 2628 1255 2668 suo
1268 2609 1422 2667 interdicti
1443 2607 1620 2666 sententiam
1642 2621 1704 2661 aon
1719 2604 1814 2662 ceser-

105 2709 221 2768 nicetes
235 2711 354 2783 publice
366 2712 535 2780 denunties,
549 2709 930 2767 etexcommunicationem
1021 2689 1244 2756 ”⁸'²⁸·⁰²i²⁴⁰“l
1277 2681 1448 2752 lesipssffl'l‘
1478 2678 1609 2736 ‘amm
1636 2677 1813 2734 mentm

104 2799 209 2856 tandiu
224 2798 378 2855 observari
390 2799 482 2857 iacias
497 2799 593 2858 donec
608 2804 711 2855 nostro
718 2814 749 2853 se
756 2797 930 2870 conspectui
1021 2757 1188 2826 mmm·

107 2887 287 2945 satisfacturi
306 2893 526 2962 rsepresentent.
1238 2853 1334 2923 (Anno
1349 2852 1427 2960 itit.
1441 2851 1505 2907 ian.
1522 2853 1555 2905 23

427 2983 603 3045 ccctxxlv.
951 3031 971 3089 C
1185 2950 1293 3024 idaeas,
1309 2951 1432 3015 Consti„
1451 2949 1517 3013 xxt,
1532 2945 1606 3017 685.)

107 3083 309 3142 docleatem
331 3086 499 3157 superium.
524 3117 558 3127 -
577 3085 790 3142 &eclesiastica
806 3083 931 3141 citerius
1020 3067 1628 3140 EUGBMUS⁶Pl⁸00t³1¹⁸2servusstttiorum
1655 3060 1717 3126 ⁰⁸5,
1732 3073 1815 3115 V0fl0·

313 3158 551 3228 eausajcdicem
564 3157 727 3213 constituit.
984 3158 1130 3216 rabilibus
1145 3155 1286 3212 iratribus
1301 3151 1546 3226 archiepiscopis,
1555 3147 1812 3223 episcopisetatiis

409 3247 506 3319 (Anno
523 3250 590 3302 ilii
602 3243 625 3319 i)
984 3245 1181 3304 Ecclesiarum
1195 3243 1321 3316 praelatis
1336 3257 1389 3315 per
1404 3239 1556 3297 poloniam
1567 3237 1751 3308 constitutis,
1768 3250 1815 3292 sa·

305 3334 416 3410 [ttiusa
431 3336 555 3404 Concit,
576 3337 641 3400 ltili,
660 3333 736 3409 cte]
984 3336 1077 3393 tutem
1092 3339 1121 3392 et
1135 3331 1587 3408 apostoticambenedictionem.

143 3424 456 3497 Euceutusepiscopus,
469 3439 737 3481 servasservorum
754 3424 813 3488 Dei,
823 3422 930 3479 dilecto
1021 3428 1101 3492 Quos
1114 3440 1167 3481 vos
1179 3420 1396 3479 benedictionis
1414 3419 1546 3493 alloquio
1561 3417 1743 3481 salutamus,
1756 3428 1814 3470 non

105 3510 168 3568 filio
181 3513 300 3570 Suosaru
315 3513 417 3571 abbati
430 3515 458 3571 S.
476 3514 617 3587 Dionysii,
631 3513 796 3569 salutemet
811 3515 930 3584 aposto·
985 3529 1021 3571 ex
1040 3512 1141 3569 restris
1156 3510 1268 3567 meritis
1279 3509 1353 3576 fieri,
1372 3507 1425 3565 sed
1436 3524 1471 3564 ex
1487 3506 1662 3579 apostolicae
1677 3503 1758 3561 sedis
1768 3502 1816 3559 bc·

20 3628 26 3645 s
105 3599 195 3657 licam
206 3601 459 3659 benedictionem.
984 3602 1139 3673 nignitate,
1159 3600 1296 3659 credatis.
1311 3599 1361 3655 Sui
1375 3597 1456 3654 enim
1471 3595 1560 3653 debet
1579 3594 1702 3652 honoris
1713 3592 1814 3650 dolore

143 3688 199 3745 Pro
219 3691 422 3747 controversia
436 3696 465 3747 et
478 3690 628 3748 discordia
646 3706 714 3764 quse
728 3690 800 3746 inter
815 3689 930 3745 Petrum
984 3691 1142 3764 prosterni,
1162 3687 1300 3762 quisquis
1326 3686 1498 3760 apostolicis
1511 3683 1677 3741 contemnit
1694 3682 1814 3739 obedire

105 3778 297 3850 praesentium
313 3777 644 3834 latoremetiozelinum
652 3777 931 3834 Metdensemcano·
985 3780 1144 3836 mandatis.
1161 3779 1220 3833 Nos
1235 3777 1385 3850 siquidem
1401 3791 1455 3848 pro
1468 3770 1814 3831 olficiinostridebitode

106 3865 208 3921 nisum
230 3866 334 3935 agitari
355 3867 549 3937 dignoscitur,
568 3873 690 3938 uterque
705 3873 808 3922 nostro
819 3882 849 3921 se
862 3881 931 3922 con·
984 3874 1085 3927 vestra
1101 3866 1238 3941 etpopuli
1255 3864 1500 3923 vobiscommissi
1518 3861 1613 3919 salute
1626 3860 1757 3924 solliciti,
1774 3861 1814 3914 di·

109 3956 221 4027 spectui
237 3958 433 4028 presentavit.
443 3955 573 4012 Primum
588 3955 709 4030 quidem
724 3956 870 4012 lezelinus
890 3957 932 4011 di·
984 3957 1093 4015 lectum
1107 3956 1343 4012 filiurnnostrum
1355 3953 1505 4009 G.sanctoe
1520 3953 1662 4007 Romanas
1679 3947 1813 4004 Ecclesia

109 4041 227 4100 nabata
246 4045 390 4115 predicto
405 4045 487 4101 Petro
502 4045 680 4116 injuriamet
692 4044 863 4102 violentiam
876 4045 931 4100 sibi
986 4047 1147 4104 diaconum
1160 4043 1347 4102 cardinalem
1363 4041 1402 4098 ad
1418 4047 1517 4112 partes
1530 4045 1644 4096 vestras
1659 4036 1815 4093 olimdire·

107 4129 199 4187 fuisse
218 4130 340 4198 illatam,
355 4138 383 4189 et
398 4139 517 4205 propter
531 4134 588 4189 boc
603 4148 673 4188 eum
689 4133 727 4188 ad
741 4138 933 4189 nostramau·
987 4137 1095 4205 ximus,
1109 4139 1141 4190 ut
1159 4133 1383 4208 etpaceminter
1394 4131 1442 4187 W.
1455 4131 1564 4187 ducem
1578 4133 1607 4184 et
1623 4127 1733 4183 iratres
1753 4125 1815 4198 ejus

109 4218 252 4277 dientiam
271 4220 452 4293 appellasse.
475 4221 544 4277 Post
563 4221 733 4278 discessum
752 4238 823 4277 vero
839 4223 932 4295 ipsius
988 4216 1814 4286 auxilianteDominoreformaret,etecclesiastioanego·

108 4306 228 4364 10201505
244 4325 261 4366 ⁸
276 4310 373 4376 ¹²0bis‚
389 4310 469 4366 idem
482 4311 582 4366 Petrus
595 4310 633 4366 ad
646 4326 700 4365 nos
717 4311 848 4377 veniens,
865 4326 933 4382 quse
987 4314 1027 4369 tta
1042 4320 1187 4383 tanquam
1197 4309 1367 4382 apostolica
1378 4307 1457 4365 sedis
1465 4307 1582 4376 legatus
1597 4308 1749 4361 tractmet.
1763 4300 1816 4368 Qui

108 4395 146 4453 de
159 4396 227 4470 ipso
242 4399 323 4456 dicta
337 4400 465 4466 fuerant,
478 4400 602 4457 omnino
618 4400 757 4470 negabat.
788 4391 971 4469 Quiaigi-I)
988 4402 1099 4458 sicula
1128 4399 1215 4455 nobis
1239 4397 1417 4454 mandatum
1434 4399 1599 4467 acceperat,
1614 4398 1731 4465 partem
1749 4407 1816 4464 que

110 4489 157 4541 tur
175 4487 216 4542 rei
232 4488 430 4546 veritatemad
445 4490 566 4562 plenum
579 4505 669 4561 super
682 4489 738 4545 boc
752 4504 934 4560 cognoscere
987 4489 1083 4546 notuit
1099 4488 1164 4560 ejus
1181 4486 1302 4545 monitis
1326 4485 1459 4551 obedire,
1480 4491 1507 4539 et
1532 4499 1583 4538 eos
1605 4481 1659 4556 qui
1679 4480 1816 4554 ejusdem

59 4577 62 4582 '
109 4587 169 4630 non
187 4577 352 4648 potuimus,
365 4594 488 4635 causam
504 4579 603 4651 ipsam
623 4577 793 4634 discretioni
810 4583 868 4634 ture
881 4577 934 4633 du·
988 4577 1073 4635 ducis
1088 4584 1196 4634 terram
1208 4575 1349 4640 detinent,
1365 4568 1675 4630 excommunicatonis
1694 4569 1815 4626 vinculo

108 4662 209 4719 ximus
228 4664 447 4723 remittendam.
469 4670 521 4723 Per
535 4667 693 4739 praesentia
707 4665 808 4738 itaque
824 4667 934 4738 scripta
988 4665 1153 4732 innodavit,
1174 4671 1201 4719 et
1219 4665 1249 4719 iu
1264 4671 1340 4719 terra
1355 4662 1455 4719 divina
1467 4659 1731 4734 probibuitollicia
1748 4657 1818 4715 cele·

109 4750 260 4809 dilectioni
278 4760 336 4811 tuse
350 4755 935 4829 mandamus,quatenusutraqueparte
989 4755 1079 4812 brari.
1098 4757 1277 4823 vosautem,
1294 4753 1370 4809 sieut
1390 4752 1571 4823 accepimus,
1601 4747 1819 4821 quoniamhoc

20 4895 22 4901 ,
109 4841 148 4898 ad
160 4846 245 4898 tuam
260 4844 450 4915 presentiam
465 4850 599 4913 evocata,
616 4845 753 4901 eumdem
767 4848 933 4901 coutrover·
988 4860 1059 4902 eum
1074 4859 1110 4900 ex
1125 4841 1268 4899 mandato
1292 4846 1393 4897 nostro
1414 4839 1596 4896 coniecisse
1613 4837 1729 4901 asserit,
1752 4851 1818 4893 sen-

109 4930 186 4989 siam
196 4931 476 5005 diligenteraudias,
494 4939 521 4990 et
533 4935 557 4989 si
565 4932 695 4990 adversa
710 4949 779 5006 pars
793 4935 859 5007 jam
874 4933 935 4989 die·
989 4933 1113 4989 tentiam
1129 4931 1226 5004 ipsam
1241 4929 1364 4986 minime
1379 4929 1554 4985 observatis.
1572 4926 1649 4993 Quia
1669 4942 1742 4982 vero
1758 4925 1820 4997 ipse

109 5025 173 5078 tum
187 5020 304 5078 Petrum
314 5021 401 5077 illatae
417 5021 562 5078 violentias
577 5038 662 5079 reum
678 5035 739 5077 non
755 5021 862 5094 poterit
874 5037 934 5078 ma·
988 5021 1046 5079 hoc
1056 5026 1156 5077 nostro
1173 5019 1239 5076 lecit
1259 5017 1414 5085 mandato,
1428 5033 1483 5073 nos
1499 5021 1560 5073 tam
1573 5016 1820 5073 excommunica·

109 5109 212 5166 nileste
226 5111 363 5182 probare,
378 5116 405 5166 et
422 5111 522 5167 Petrus
538 5111 740 5168 innocentiam
755 5126 843 5167 suam
865 5125 935 5166 con·
989 5109 1077 5167 tionis
1089 5125 1181 5181 quam
1198 5107 1346 5164 interdicti
1373 5106 1560 5170 sententiam,
1586 5105 1665 5160 sicut
1691 5105 1730 5160 ab
1757 5103 1821 5177 ipso

107 5199 260 5255 venienter
272 5199 440 5269 ostenderit,
458 5199 665 5257 ecclesiasticae
679 5205 723 5255 est
735 5198 934 5256 moderationi
989 5198 1060 5256 data
1073 5205 1126 5265 est,
1143 5203 1239 5255 ratam
1256 5195 1416 5262 babemus,
1430 5199 1458 5249 et
1477 5198 1510 5249 ut
1518 5210 1568 5250 vos
1579 5209 1647 5250 eam
1655 5191 1823 5248 observetis

110 5287 302 5358 conveniens,
320 5294 428 5345 uteum
442 5286 933 5346 suadebeatinuocentialiberare.
989 5294 1018 5345 et
1029 5287 1143 5346 iactatis
1154 5285 1289 5343 similiter
1302 5282 1454 5340 observari
1462 5283 1662 5357 praecipimus.
1682 5284 1821 5344 Tovem,

113 5372 225 5432 sivero
247 5376 395 5449 impositae
418 5376 515 5450 culpe
542 5379 751 5434 immunemse
771 5375 935 5449 nequiverit
989 5377 1078 5435 irater
1092 5375 1326 5448 archiepiscope,
1348 5374 1395 5430 cui
1410 5373 1467 5429 boc
1485 5389 1520 5428 er
1536 5370 1637 5428 debito
1662 5371 1704 5426 tui
1732 5368 1823 5426 officii

48 5524 51 5531 Ι
110 5464 319 5534 comprobare,
335 5465 380 5521 vel
394 5468 549 5538 quomodo
568 5482 660 5524 causa
674 5465 861 5538 processerit,
879 5466 935 5524 boc
990 5467 1179 5541 potissimum
1196 5463 1341 5529 imminet,
1358 5467 1388 5519 ut
1398 5460 1618 5518 inexcusabiles
1644 5458 1714 5526 sint,
1727 5458 1824 5517 omni-

112 5549 172 5608 tuis
189 5549 278 5610 nobis
291 5551 395 5612 litteris
407 5554 587 5629 quantocius
607 5553 769 5615 intimabis.
989 5555 1048 5615 bus
1063 5551 1262 5630 suffraganeis
1277 5551 1334 5612 tuis
1349 5555 1378 5610 st
1392 5549 1457 5612 aliis
1474 5548 1675 5609 Ecclesiarum
1689 5547 1822 5625 prelatis
