3728 6000
59 220 62 225 ’
102 232 153 290 Sdl
592 222 780 285 ootnnntttt
798 220 946 282 mattis
966 224 998 281 S.
1027 220 1245 283 unnonontct
1693 221 1747 280 562

97 356 161 413 teris
176 354 332 413 hominibus
346 370 429 428 agera
444 353 513 410 solet
533 351 636 424 peccati
660 350 802 424 originalis
826 350 889 405 tabe
904 349 933 413 Α
947 348 1050 405 vocatis
1063 351 1201 406 sanctis.»
1230 350 1293 406 Non
1314 349 1433 422 primum
1460 349 1566 406 uocatis
1587 348 1698 420 muchs,
1717 357 1746 406 et

97 461 194 502 omnes
208 443 331 500 inliciens
353 444 439 500 lomes
457 443 565 514 peccati
581 448 607 497 et
627 456 705 497 amor
723 439 823 497 cernis.
838 439 892 496 Ubi
947 436 1120 508 postmodum
1131 438 1211 511 quasi
1222 453 1272 511 pro
1282 438 1424 495 sanctitate
1434 436 1550 508 dilectis,
1566 438 1616 495 sed
1624 438 1746 511 primurn

95 538 189 589 tamen
204 533 362 588 Christianae
372 532 466 602 pietati
482 531 517 586 de
533 530 639 586 Christo
655 528 814 585 scandalum
829 526 893 582 lidei
947 525 1065 598 gratuito
1089 526 1206 593 dilectis,
1223 536 1250 582 et
1263 528 1436 598 postmodum
1459 527 1560 584 ronahe
1579 527 1692 596 sanctis,
1717 528 1745 583 id

95 621 247 678 cavendum
261 629 310 689 est,
332 637 366 675 ne
384 622 460 676 dicut
472 619 516 675 vel
531 619 622 674 credat
639 617 735 672 Filium
754 632 816 672 esse
828 615 893 687 Spi-
947 622 988 669 est
1000 615 1235 671 vocatisutsancti
1246 616 1307 680 siut,
1326 622 1351 671 ul
1364 617 1450 688 gratia
1462 617 1496 672 sit
1505 617 1603 690 gratia.
1624 617 1746 673 ‹vocs-

96 711 164 765 ritns
178 710 264 765 sancti
279 709 312 764 de
334 709 432 778 Spiritu
447 711 541 763 sancto
563 713 738 777 conceptum.
764 703 896 774 Concepit
948 704 991 770 tis,
1007 702 1102 775 inquit,
1119 704 1231 761 sanctis.
1251 727 1262 753 ι
1280 706 1334 761 Usu
1344 706 1496 761 communis
1509 704 1656 762 locutionis
1671 704 1746 761 labri

97 798 172 854 euim
190 799 273 852 blaria
285 798 319 852 de
328 797 430 868 Spiritu
442 804 550 862 sancto,
562 811 616 850 non
629 794 702 867 quod
716 794 751 849 de
764 793 894 848 substan·
947 791 1095 863 discipulus
1119 793 1289 862 quantumvis
1316 810 1421 863 recens,
1449 794 1507 864 jnrn
1530 793 1609 850 faber
1635 793 1744 861 dicitur,

95 886 132 941 tia
147 886 265 959 Spiritus
278 885 364 941 sancti
384 901 477 939 semen
497 892 590 956 partus
605 881 752 954 acceperit,
768 880 816 937 sed
830 881 894 953 quia
947 879 1123 953 similiterque
1139 882 1167 936 in
1186 880 1292 940 ceteris
1310 883 1412 938 artium
1433 882 1598 954 disciplinis.
1617 882 1664 940 Sic
1679 883 1745 955 qui·

96 990 145 1046 per
159 974 470 1045 operationemSpiritus
485 971 570 1028 sancti
584 970 679 1027 divino
694 971 784 1042 partui
799 979 894 1024 natura
947 984 1053 1038 ruitque
1082 978 1195 1026 vocatus
1212 969 1271 1040 jam
1295 985 1394 1027 nomen
1426 971 1501 1027 dedit
1523 970 1551 1026 in
1572 970 1746 1044 professione

96 1062 275 1119 substantiam
294 1061 465 1118 ministravit.
487 1062 556 1116 Nam
575 1061 637 1132 quia
666 1060 695 1114 in
720 1065 814 1114 sancta
833 1059 894 1128 ejus
947 1057 1179 1129 sanctitatis,jure
1191 1058 1249 1129 jaru
1276 1059 1496 1117 sanctusuocari
1510 1066 1609 1132 potest.
1626 1059 1747 1118 Undeet

96 1151 186 1207 anima
207 1168 284 1207 amor
306 1151 423 1222 Spiritus
447 1149 534 1206 sancti
559 1147 737 1220 singulariter
767 1147 891 1214 ardebat,
948 1145 1080 1217 propheta
1090 1145 1272 1204 confidenter:
1288 1148 1451 1222 «quoniam,
1461 1147 1557 1219 iuquit,
1569 1155 1746 1204 sanctussum

95 1239 158 1295 ideo
173 1240 200 1294 in
214 1256 296 1297 came
311 1240 372 1309 ejus
386 1240 472 1297 virtus
483 1238 607 1308 ejusdem
622 1237 742 1308 Spiritus
757 1234 894 1291 mirabilis
947 1235 1036 1305 (Paul.
1051 1239 1168 1305 cxxxv).
1187 1260 1198 1283 ι
1216 1236 1315 1294 Scribit
1330 1246 1422 1294 autem
1436 1237 1536 1293 Paulus
1550 1233 1747 1310 vocatus'apo·

96 1327 226 1385 iaciebat.
246 1328 395 1400 Sequitur:
414 1329 472 1382 «Ex
492 1327 699 1382 resurrectione
723 1331 891 1380 mortuorum
947 1323 1033 1378 stolus
1043 1324 1182 1397 discipulis
1198 1326 1304 1382 uocatis
1318 1326 1431 1394 sanctis,
1447 1327 1575 1399 quoniam
1592 1326 1664 1384 sicut
1690 1342 1744 1382 vo·

94 1422 159 1480 lesu
169 1419 266 1479 Christi
284 1417 396 1474 Domini
416 1418 516 1472 nostri.
538 1416 659 1469 »Potest
682 1411 796 1485 intelligi
821 1412 893 1482 qnod
946 1418 1023 1467 catus
1033 1421 1072 1467 est
1087 1429 1135 1484 per
1149 1414 1268 1485 gratiam
1290 1415 1402 1483 Paulus,
1414 1423 1442 1470 ut
1461 1421 1533 1472 esset
1548 1414 1644 1472 Christi
1666 1417 1743 1485 lpo-

95 1527 130 1568 ax
143 1509 344 1569 resurrectione
358 1513 538 1568 mortuorum,
556 1518 623 1572 quos
636 1500 892 1559 resuscitavithri-
947 1501 1041 1568 stolus,
1057 1501 1095 1558 sic
1110 1502 1226 1574 quilibet
1244 1519 1338 1559 eorum
1362 1511 1474 1559 vocatus
1488 1510 1531 1560 est
1552 1519 1601 1575 per
1618 1503 1746 1559 eamdem

95 1611 162 1668 atus,
188 1599 231 1656 vel
251 1611 320 1668 quos
343 1596 370 1649 in
392 1592 591 1649 resurrectione
616 1607 666 1646 sua
690 1589 893 1647 resurrectionis
947 1591 1075 1660 gratiam,
1099 1599 1128 1646 ut
1152 1600 1224 1647 esset
1240 1591 1419 1658 Christianus,
1440 1598 1467 1649 et
1489 1591 1605 1649 dilectus
1619 1600 1744 1650 sauctus.

97 1689 225 1762 ejusdem
241 1685 344 1741 habere
365 1682 451 1739 voluit
464 1688 547 1737 testes
566 1688 592 1736 et
605 1688 753 1749 consortes,
777 1679 934 1767 manile-B
950 1699 961 1726 ι
979 1679 1071 1736 Gratia
1081 1682 1158 1736 uobis
1169 1689 1195 1736 et
1204 1697 1257 1752 pax
1272 1698 1288 1736 a
1303 1682 1360 1737 Deo
1374 1682 1454 1737 Patra
1467 1689 1570 1751 nostro,
1584 1689 1612 1738 et
1626 1683 1745 1738 Domino

96 1786 168 1837 stum
183 1777 248 1832 lecit
264 1782 290 1829 et
304 1772 427 1838 euidens,
454 1787 514 1826 esse
528 1785 558 1825 se
572 1769 669 1824 Filium
694 1769 754 1825 Dei.
773 1768 827 1825 Sed
842 1766 894 1823 etsi
946 1770 1010 1825 lesu
1034 1768 1149 1826 Christo.
1173 1793 1184 1819 ι
1206 1769 1299 1826 Gratia
1316 1770 1365 1825 Dei
1384 1778 1435 1836 est,
1455 1786 1509 1841 qua
1530 1770 1610 1827 nobis
1633 1779 1746 1842 peccata

96 1882 203 1924 rursum
218 1863 355 1919 reseratur
376 1862 427 1916 boc
442 1857 515 1929 quod
536 1858 608 1925 dicit,
636 1874 671 1913 cx
694 1858 894 1913 resurrectione
947 1858 1127 1927 dimittuntur,
1144 1866 1173 1914 ut
1184 1853 1479 1923 reconciliemurDeoe
1494 1875 1557 1931 pax,
1582 1876 1634 1933 qun
1649 1875 1746 1917 recon-

97 1960 267 2012 mortnorum
289 1951 354 2005 lesu
369 1947 467 2004 Christi
484 1946 593 2002 Domini
609 1946 706 2013 nostri,
733 1946 786 2002 huc
801 1945 894 2012 modo,
947 1947 1080 2018 ciliamur,
1094 1947 1160 2005 sicut
1177 1947 1343 2016 dictumest,
1359 1971 1371 1993 ι
1387 1948 1432 2003 lex
1447 1956 1473 2004 et
1486 1949 1637 2020 prophetae,
1656 1965 1744 2004 acum

96 2053 126 2102 nt
149 2043 255 2098 dicatur
278 2038 377 2094 Paulus
403 2053 473 2091 uuus
496 2051 533 2091 ex
549 2036 748 2091 resurrectione
777 2043 896 2090 mortuo-
947 2045 1051 2097 constet
1079 2037 1142 2108 quia
1165 2037 1193 2092 in
1222 2037 1284 2108 lege
1312 2044 1339 2092 et
1370 2036 1510 2108 propbetae
1534 2037 1741 2094 contineantur.

97 2148 158 2190 rum
172 2132 237 2187 lesu
250 2128 355 2185 Christi
370 2125 478 2181 Domini
489 2124 584 2193 nostri,
599 2123 701 2180 scilicet
715 2139 765 2194 pro
780 2138 893 2195 quorum
947 2130 1096 2199 Utrumque
1115 2127 1186 2181 enim
1206 2129 1233 2181 et
1248 2124 1375 2181 remissio
1389 2134 1416 2182 et
1430 2141 1495 2198 pax,
1521 2125 1558 2182 ad
1586 2126 1745 2200 generalem

98 2221 252 2277 vitatenus
273 2216 397 2272 Christus
418 2212 554 2269 Dominus
583 2220 673 2267 noster
695 2219 820 2267 mortuus
842 2218 893 2279 est,
948 2218 1000 2273 Dei
1015 2215 1130 2288 gratiam
1148 2219 1261 2286 spectat.
1277 2214 1431 2271 Benedictio
1446 2223 1536 2272 autem
1552 2215 1610 2272 haec
1633 2223 1747 2287 aposto-

97 2317 127 2366 ut
142 2324 191 2364 eos
210 2313 330 2361 amorte
353 2302 452 2357 animae
467 2299 620 2366 suscitaret,
637 2315 690 2355 nou
706 2299 787 2355 debet
811 2297 895 2355 videri
948 2305 1002 2362 lica
1024 2304 1119 2379 gratiae
1133 2313 1160 2360 et
1187 2303 1271 2374 pacis,
1283 2302 1310 2358 in
1329 2319 1437 2359 omnem
1452 2303 1602 2360 Ecclesiam
1630 2302 1694 2360 dara
1707 2303 1748 2359 in.

98 2395 256 2463 absurdum,
270 2391 394 2462 quianec
408 2390 435 2443 in
451 2387 602 2458 scripturis
625 2395 664 2443 est
679 2387 826 2443 insolitum.
847 2386 895 2443 Sic
947 2394 1096 2466 telligenda
1123 2400 1174 2456 est,
1201 2408 1252 2448 nec
1277 2391 1388 2448 minoris
1406 2393 1567 2449 aestimanda
1594 2393 1701 2448 virtutis
1732 2409 1749 2449 a

97 2483 171 2540 enirn
185 2490 212 2538 et
224 2480 290 2536 illud
305 2486 347 2534 est
364 2497 370 2533 :
389 2500 400 2526 ι
418 2476 514 2532 Daniel
525 2493 559 2531 ex
574 2475 638 2530 siliis
648 2475 810 2548 captivitatis
819 2475 895 2531 Jutlae
949 2480 1185 2538 benedictionibus
1196 2480 1252 2536 illis
1262 2480 1410 2547 abrabam,
1422 2482 1509 2547 isaac,
1520 2488 1546 2537 et
1556 2481 1649 2551 Jacob,
1662 2496 1750 2552 super

98 2574 184 2642 (Dan.
212 2570 251 2640 v).
273 2590 286 2617 ι
307 2567 361 2623 Sed
389 2581 450 2621 curn
473 2565 556 2636 paulo
575 2565 700 2636 superius
721 2563 894 2635 premiserit,
949 2571 1049 2627 liberos
1076 2585 1150 2637 suos,
1177 2586 1236 2625 cum
1265 2567 1431 2625 confidenter
1457 2568 1492 2624 de
1507 2569 1654 2642 semetipso
1674 2569 1749 2625 idem

100 2659 226 2716 «Paulus
246 2671 346 2712 servus
366 2653 463 2709 Christi
478 2654 551 2719 lesu,
576 2675 588 2701 ι
605 2652 712 2722 utquid
728 2652 894 2719 biciterum,
948 2660 1091 2732 Apostolus
1119 2658 1249 2730 praedinet
1277 2657 1394 2713 dicens:
1418 2680 1429 2706 ι
1453 2659 1498 2712 An
1526 2658 1747 2729 experimentum

102 2772 113 2798 ι
131 2749 195 2804 lesu
212 2745 311 2802 Christi
331 2742 439 2800 Domini
455 2742 540 2797 nostri
554 2742 569 2794 ‘l
585 2765 596 2791 ι
614 2742 734 2797 Usitatus
758 2740 896 2796 invenitur
949 2747 1144 2822 quaeritisejus
1159 2745 1245 2818 quiin
1261 2762 1307 2801 me
1320 2746 1439 2818 loquitur
1449 2745 1574 2802 christus
1585 2748 1599 2801 t
1609 2769 1621 2795 ι
1632 2746 1675 2818 (ll
1685 2745 1748 2804 cor,

99 2838 197 2894 modus
210 2837 256 2892 hic
269 2834 412 2891 locutionis
428 2834 455 2888 in
470 2832 630 2904 scripturis,
647 2831 765 2886 maxime
789 2829 895 2886 vetari·
949 2837 1018 2906 χιιι)
1034 2837 1067 2892 Ει
1087 2836 1184 2891 iterum
1197 2851 1227 2890 :a
1246 2836 1322 2900 Puto,
1338 2834 1382 2900 ait,
1399 2835 1473 2908 quod
1494 2845 1520 2892 et
1534 2851 1587 2910 ego
1615 2836 1747 2907 spiritum

99 2926 162 2996 buit,
179 2926 247 2981 sicul
261 2924 342 2981 ibin
360 2923 394 2978 Et
414 2921 475 2978 lecit
503 2923 620 2993 Moyses,
643 2920 712 2976 sicul
731 2926 896 2990 proetteperal
949 2927 998 2982 Dei
1012 2925 1126 2981 habeam
1144 2926 1168 2994 (1
1176 2926 1236 2981 Cor,
1248 2923 1305 2996 vn).
1320 2947 1330 2972 ιι
1349 2925 1392 2980 Ex
1406 2923 1553 2995 apostoliea
1567 2926 1617 2980 hnc
1631 2923 1747 2980 benedi-

100 3013 231 3072 Domiuus
253 3011 339 3083 hloysi
359 3011 461 3082 (Exod.
490 3011 545 3081 xa).
564 3033 575 3058 ι
594 3009 641 3065 Vel
665 3008 737 3079 quod
764 3006 894 3063 credibile
949 3016 1042 3071 ctione
1057 3029 1143 3086 usqua
1153 3013 1234 3068 hodie
1248 3012 1393 3068 credendae
1403 3020 1466 3067 sunt
1481 3012 1584 3068 llorere
1599 3011 1744 3068 Ecclesiae.

98 3102 188 3176 mauis
203 3100 321 3167 tidelm»
336 3100 414 3156 dulce
429 3098 557 3172 quiddam
569 3097 837 3164 Pil1¹⁰¹¹0messetl¹⁸
850 3110 895 3149 ⁵⁸·
949 3104 979 3159 ln
993 3101 1090 3174 quibus
1103 3109 1194 3156 autem
1204 3099 1340 3156 iuvenitur
1352 3115 1407 3170 pax
1421 3099 1472 3155 Dei
1483 3099 1596 3171 ;procnl
1613 3098 1750 3156 dubioeat

97 3192 191 3265 plebat
214 3191 240 3246 ia
265 3205 321 3259 ore,
344 3190 423 3260 auita
444 3187 470 3244 ei
489 3203 567 3243 amor
587 3186 700 3242 ardebat
714 3186 741 3241 in
756 3186 838 3242 cor-ue
850 3202 856 3249 ;
868 3194 896 3242 et
952 3191 1088 3265 etgratte.
1104 3189 1268 3255 sinautem,
1285 3189 1366 3262 longe
1389 3186 1418 3243 fit
1431 3205 1447 3244 a
1460 3188 1651 3260 peccatoribus
1674 3187 1749 3244 satus

99 3278 225 3338 ananeel
248 3287 306 3335 erat
327 3277 400 3333 dicta
431 3293 480 3333 seu
503 3276 608 3347 scripta
626 3292 683 3342 sua,
703 3292 764 3346 quae
792 3274 827 3332 de
848 3275 894 3331 illo
951 3280 1057 3354 gratiae,
1083 3277 1119 3334 ad
1142 3278 1334 3350 praedicantem
1358 3293 1425 3333 vero
1453 3277 1595 3333 revertitur
1619 3291 1747 3348 paxsua,

99 3374 188 3437 erant,
208 3367 302 3424 erebra
326 3364 444 3421 nominis
455 3364 542 3435 ipsius
557 3367 818 3420 commemoratione
838 3379 895 3419 tes·
936 3361 1018 3425 *sicut
1028 3367 1160 3424 Dominus
1169 3365 1197 3420 in
1213 3365 1364 3439 Evangelio
1374 3365 1438 3421 dicit
1454 3366 1489 3423 ad
1513 3364 1671 3438 discipulos.
1689 3368 1748 3421 «ln

98 3473 224 3531 pergere.
241 3456 298 3512 Sed
314 3462 341 3511 et
353 3453 558 3526 pronominibus
575 3453 694 3508 nominis
712 3452 810 3522 ipsius,
827 3452 896 3508 sicut

100 3555 174 3616 eat,‹=
192 3546 298 3615 inquo,
315 3559 365 3614 per
381 3557 472 3614 quem,
491 3541 518 3595 in
538 3541 608 3613 ipsc,
624 3557 674 3612 per
688 3539 790 3612 ipsum,
811 3559 823 3591 ι
840 3549 895 3595 ιιιιι

99 3636 197 3692 crebro
213 3633 311 3703 ubique
325 3639 352 3686 et
373 3631 525 3701 importune
540 3630 577 3684 uti
592 3630 708 3695 videtur,
724 3637 754 3684 ut
767 3644 895 3684 nonnun-

100 3738 184 3796 quam
197 3722 308 3776 taedium
324 3719 425 3791 legenti
441 3718 531 3774 lacere
546 3717 682 3780 videatur,
697 3717 721 3773 si
737 3732 791 3773 non
814 3719 896 3790 cogi·

101 3818 171 3868 tetur
185 3808 329 3865 scribentis
338 3805 458 3862 allectus.

138 3908 222 3963 lans.
231 3905 322 3959 5.-‹
334 3904 387 3958 Per
396 3919 480 3975 quern
490 3901 650 3973 accepimus
660 3902 777 3975 gratiam
790 3912 815 3958 et
825 3917 896 3974 upo-

100 3996 237 4053 slolatum.
261 4017 272 4043 ι
295 3994 345 4049 Per
372 4009 464 4064 quem,
492 3990 564 4047 sicut
593 3990 826 4047 reconciliatorem
848 4007 896 4064 pro

100 4082 347 4158 peccatisnostris,
368 4080 523 4152 accepimus
536 4080 662 4152 gratiam,
680 4080 754 4137 idest
776 4081 896 4152 ipsorum

64 4246 67 4251 1
99 4172 291 4230 remissionem
307 4178 495 4243 peccatorum,
516 4185 672 4241 perquem,
696 4169 764 4225 sicut
785 4186 834 4241 per
848 4187 896 4226 sa-

99 4263 230 4336 pientiam
255 4261 282 4316 in
304 4266 488 4332 contemptum
514 4258 698 4331 praesentium,
726 4257 797 4330 sapit
816 4259 895 4315 nobis

949 3472 1120 3530 quacunque,
1136 3454 1231 3527 iuquit,
1246 3455 1356 3510 domurn
1378 3454 1553 3522 intraveritis,
1566 3453 1648 3510 dicite
1664 3472 1670 3510 ι
1688 3454 1749 3510 Pax

949 3547 1013 3603 huic
1024 3545 1126 3602 domui.
1142 3543 1177 3598 Et
1191 3544 1216 3598 si
1230 3542 1309 3599 luerit
1328 3544 1356 3598 in
1369 3559 1401 3600 ea
1415 3542 1485 3599 filius
1498 3544 1584 3616 pacis,
1596 3543 1749 3616 requiescet

950 3652 1032 3708 super
1046 3650 1107 3690 eum
1121 3649 1176 3704 pax
1191 3641 1293 3689 vestra.
1309 3632 1356 3688 Sin
1372 3643 1463 3689 autem
1478 3633 1578 3690 advos
1596 3637 1751 3690 revertetur

949 3726 1028 3798 (Lar.
1045 3726 1112 3794 xl.»

985 3824 1073 3880 Vens.
1090 3827 1115 3879 8.
1128 3853 1163 3864 -
1179 3845 1190 3871 ι
1208 3820 1326 3877 Primum
1356 3818 1466 3892 quidem
1489 3817 1595 3889 gratias
1622 3832 1675 3890 ago
1690 3816 1749 3873 Deo

949 3928 1021 3968 meo.
1039 3936 1050 3962 ι
1066 3912 1205 3983 Optimum
1220 3910 1317 3982 gratiae
1332 3908 1521 3981 praedicatore
1535 3907 1623 3980 gratia
1635 3905 1750 3977 sumpsit

952 4000 1105 4067 exordium,
1122 4007 1150 4055 ut
1164 3999 1235 4055 sicut
1248 3998 1338 4069 primo
1363 3998 1435 4052 Deus
1450 3994 1611 4059 adorandus,
1624 4001 1749 4064 postmo-

950 4089 1016 4144 dum
1029 4104 1094 4145 varo
1108 4087 1242 4144 orandus.
1253 4085 1330 4143 Unde
1345 4085 1489 4139 Psalmista
1504 4098 1511 4138 :
1530 4105 1541 4131 ι
1559 4081 1695 4150 Laudans,
1704 4081 1749 4138 in-

950 4177 1017 4247 quit,
1028 4177 1159 4233 invocabo
1179 4174 1326 4231 Dominum
1339 4173 1427 4243 (Paul.
1443 4174 1509 4241 ιιιίι)
1525 4188 1532 4227 :
1551 4194 1561 4219 ι
1581 4170 1651 4226 sicu
1673 4185 1749 4241 prae-

950 4265 1070 4322 dictatore
1098 4263 1203 4337 gratiae,
1221 4263 1309 4335 primo
1332 4264 1428 4336 gratiae
1455 4262 1480 4318 ei
1509 4268 1670 4333 agantano
1693 4274 1749 4331 quo

99 4351 187 4426 gratia
207 4350 366 4406 tuturomm.
393 4371 404 4396 ι
427 4347 478 4404 Per
498 4364 591 4421 quem,
614 4346 712 4418 inquit,
742 4349 895 4420 accepimus
950 4355 1036 4428 gratia
1051 4354 1141 4409 omnis
1156 4361 1282 4425 speratur
1296 4357 1323 4407 et
1336 4351 1480 4422 accipitur;
1503 4349 1601 4406 deinde
1616 4363 1681 4404 vero
1695 4362 1748 4403 suo

100 4442 216 4515 gratiam
232 4446 258 4497 el
277 4436 473 4512 apostolatum
496 4460 507 4483 ¹
527 4436 644 4508 gilliam
661 4435 696 4491 ad
708 4435 831 4492 labomm
843 4452 891 4508 pt·
907 4413 933 4473 D
949 4443 1043 4499 ordine
1057 4442 1146 4515 graba
1156 4440 1214 4512 ipsa
1225 4439 1396 4512 praedicetur.
1415 4439 1507 4494 Placet
1514 4438 1585 4493 enim
1598 4450 1705 4492 summo
1720 4441 1749 4491 et

100 4528 236 4596 dentiam,
260 4527 441 4599 twswltlum
466 4524 502 4580 ad
522 4525 724 4596 Dtaedicllliffltis
745 4527 893 4581 auctorita·
949 4531 1022 4587 bono
1036 4528 1135 4586 Deoin
1160 4531 1261 4584 bonum
1290 4536 1409 4584 nostrum
1432 4525 1459 4580 in
1475 4525 1553 4580 donis
1566 4524 1625 4579 suia
1649 4537 1748 4578 sensus

101 4627 165 4686 lem·
180 4616 297 4691 galiam
317 4615 344 4670 ¹¹¹
367 4612 608 4686 persuadendoea
627 4629 689 4685 quae
704 4612 896 4684 persuadenda
950 4618 1106 4690 accipientis
1128 4633 1182 4673 non
1207 4617 1337 4688 ingratus,
1352 4619 1380 4671 et
1392 4614 1501 4668 humilis
1514 4628 1546 4669 ac
1563 4613 1624 4683 pius
1639 4610 1747 4666 intolle-

100 4715 174 4774 sunt‚
195 4703 377 4777 apostolatum
398 4702 426 4757 in
447 4700 598 4757 coercendo
622 4701 734 4773 eosqui
750 4701 896 4758 coercendi
950 4715 1009 4764 ctus
1022 4706 1121 4763 divinae
1134 4704 1265 4760 bonitatis
1281 4702 1423 4774 ;placelei
1439 4702 1555 4756 multum
1570 4699 1604 4755 de
1619 4698 1747 4769 proiectu

99 4803 172 4852 aunt.
188 4818 199 4843 ι
217 4792 257 4848 bd
271 4789 455 4847 obediendum
470 4787 533 4844 lidei
548 4789 575 4844 in
588 4789 714 4844 omnibus
725 4789 864 4862 gentibus.
880 4814 892 4841 ι
950 4793 1069 4851 fraterno
1083 4794 1117 4850 ad
1131 4794 1218 4849 Deum
1234 4791 1259 4848 in
1274 4789 1371 4847 affectu
1385 4789 1601 4863 congratulantis
1617 4788 1747 4843 iraternae

97 4884 211 4940 'lautam
225 4880 324 4937 etenim
343 4878 457 4951 gratiam
471 4878 499 4932 in
517 4877 673 4948 hujusmodi
689 4879 805 4948 apostoli
827 4878 895 4936 ade-

99 4971 221 5048 ptisunt,
237 4977 267 5025 ut
281 4975 377 5040 gentes
391 4982 451 5039 quae
470 4971 548 5020 erant
576 4964 672 5022 alienae
693 4980 709 5020 a
733 4973 897 5023 testamento

100 5061 150 5119 Dei
161 5053 508 5123 etconversatinnelsrael,
526 5069 580 5109 non
595 5053 685 5108 solum
700 5054 730 5109 in
744 5054 896 5125 suscipien-

101 5150 137 5207 do
160 5149 242 5205 iidem
263 5142 485 5217 praedicatoribus
508 5141 661 5210 crederent,
676 5142 724 5197 sed
743 5143 823 5197 etiarn
843 5157 896 5200 no-

54 5250 58 5257 '
99 5254 165 5296 uum
187 5239 248 5292 uita
263 5233 372 5288 modum
388 5237 415 5285 et
437 5229 573 5302 religiosae
589 5231 803 5286 conversationis
821 5231 896 5288 urdi-

100 5351 164 5391 nem
187 5348 236 5405 pro
249 5329 369 5387 nominis
389 5327 490 5384 Christi
503 5328 656 5386 reuerentia
667 5328 811 5401 suscipere
827 5332 896 5388 obe·

102 5430 205 5486 dirent.

136 5529 221 5589 litas.
232 5530 258 5584 l.
268 5545 324 5583 -ι
335 5524 469 5585 Omnibus
481 5523 525 5599 qul
534 5532 597 5585 sunt
606 5525 709 5598 nome,
717 5525 822 5586 dilectis
834 5527 896 5604 Dei,

950 4884 1115 4940 sacritieium
1143 4879 1291 4938 charitatis.
1307 4880 1342 4934 Et
1366 4879 1436 4936 sicut
1462 4877 1537 4950 apud
1564 4892 1627 4933 eum
1642 4875 1746 4930 nullum

950 4979 1089 5044 peccatum
1118 4971 1204 5039 majus
1229 4969 1372 5040 deputatur
1399 4983 1479 5040 quarn
1493 4966 1590 5040 gratiae
1613 4965 1672 5033 ejus
1686 4978 1748 5019 esse

950 5060 1095 5134 ingratum,
1111 5059 1151 5115 sic
1164 5058 1255 5114 animo
1271 5057 1354 5123 tldali,
1375 5065 1402 5112 et
1411 5056 1563 5111 divinarum
1577 5052 1692 5109 fideliter
1705 5068 1749 5106 as·

951 5156 1029 5204 sueto
1054 5144 1263 5220 gratiarnm,nil
1292 5144 1410 5214 dulcius,
1424 5144 1463 5199 nil
1485 5142 1636 5215 jucundius
1664 5140 1747 5196 estin

950 5236 1072 5309 proiectu
1094 5235 1145 5302 sni,
1161 5236 1218 5293 sive
1231 5231 1360 5307 proximi,
1376 5232 1497 5303 ipsarum
1517 5232 1627 5289 actione
1642 5229 1747 5303 gratia-

951 5351 1021 5391 rum.
1037 5335 1151 5407 Agimus
1164 5338 1252 5388 autem
1267 5329 1369 5404 gratias
1384 5343 1434 5403 pro
1448 5328 1536 5398 uobis,
1552 5343 1614 5386 cum
1629 5315 1749 5402 gratiam

951 5432 1039 5506 ipsam
1066 5447 1151 5504 quarn
1178 5430 1336 5502 accipimus,
1365 5445 1444 5501 quam
1467 5429 1551 5501 gratis
1578 5426 1748 5499 accipiamus

951 5545 969 5588 a
982 5529 1041 5588 Deo
1054 5526 1172 5588 fideliter
1184 5527 1345 5606 cogitamus,
1358 5534 1386 5587 at
1410 5525 1556 5600 capiunda
1581 5524 1610 5582 in
1623 5536 1748 5585 amorem
