3728 6000
101 187 149 241 ts'i

494 176 619 235 mutto
638 174 842 232 CHRONlCON
860 173 1160 233 utuntuttcttusti.
1178 207 1215 220 -
1234 178 1301 234 tta.
1319 178 1356 235 tt.

1701 177 1853 233 tas.

99 308 242 365 nimietate
266 304 348 362 lamis
364 310 419 360 tota
443 301 532 360 Gallia
552 300 706 367 laborabat,
729 300 823 371 sicque
849 314 898 370 per
911 299 940 363 Α
954 303 982 354 et
1005 300 1098 356 vineas
1118 309 1187 368 erat,
1212 309 1240 358 ei
1261 302 1393 359 honestati
1418 300 1566 376 prouidens
1586 309 1614 357 ei
1631 299 1751 371 utilitati,

100 406 205 468 septem
220 397 369 453 continuos
383 407 470 449 annos
490 406 584 447 eorum
601 388 724 445 omnium
744 405 805 459 quar
818 387 901 443 victui

100 489 255 543 messeana
271 493 333 541 sunt
358 483 449 554 inopia
463 487 588 555 grassata
605 488 656 544 esi,
671 487 701 533 ut
715 479 814 533 multos
833 493 902 532 ene·

101 585 186 643 caret,
201 571 421 630 innumerabiles
436 572 520 626 etiam
542 568 689 640 locupletes
709 566 855 623 deduceret
868 564 902 620 ad

102 666 279 738 pauperiem.
296 661 357 732 Qua
370 660 404 718 de
415 675 496 717 causa
510 659 638 721 omnibus
653 655 769 728 propriis
784 655 903 712 necessi·

102 755 205 811 tatibus
247 751 369 818 intentis,
397 746 530 805 beneficia
568 746 778 818 stampensium,
805 742 904 816 quibus

102 841 232 900 Ecclesia
278 839 338 896 baec
377 853 395 895 s
441 836 621 892 fundamento
661 841 810 891 sustentata
851 839 902 901 esi,

101 932 213 1005 penitus
241 928 412 994 defecerunt,
442 925 615 983 conturbatis
650 931 678 980 et
703 921 815 978 nimium
850 937 903 976 en·

102 1021 156 1078 siis
190 1019 319 1077 omnibus
348 1015 430 1087 hujus
466 1014 518 1070 loci
556 1012 762 1082 habitatoribus,
791 1018 818 1068 ei
852 1010 904 1066 ab·

100 1109 174 1166 batis
203 1108 330 1165 absetriia
358 1113 384 1162 et
412 1104 534 1160 omnium
562 1118 654 1158 rerum
682 1101 812 1174 munna.
845 1099 902 1156 De·

99 1200 184 1271 nique
210 1214 271 1254 curn
295 1212 331 1252 ex
345 1193 408 1251 aliis
427 1191 601 1249 monasteriis
628 1206 761 1263 personas
789 1199 902 1262 expete-

99 1296 170 1355 rent,
199 1302 269 1359 quas
295 1299 352 1340 noo
382 1281 537 1354 potuissent
564 1279 686 1350 adipisci,
698 1278 732 1335 ad
760 1278 903 1335 ecclesiam

101 1375 330 1441 columbensen,
345 1388 406 1428 cum
422 1385 478 1444 qus
493 1369 639 1426 maximam
654 1367 794 1425 societatis
818 1366 902 1422 fami·

97 1465 248 1520 ilaritatem
270 1461 420 1527 habebant,
437 1467 588 1525 recurrunt,
609 1467 635 1513 et
657 1457 789 1513 Tbnmam
815 1456 901 1523 illum,

99 1555 134 1610 de
150 1553 362 1627 quosuperiore
381 1549 449 1605 libro
464 1547 567 1604 mentio
592 1546 664 1602 lacta
678 1555 718 1603 ast
740 1554 820 1602 aetate
838 1545 902 1617 qui-

102 1645 167 1701 dem
180 1644 324 1714 juvenem,
340 1638 390 1696 sed
402 1636 497 1694 litteris
511 1635 664 1708 preditum,
680 1634 765 1692 veluti
782 1634 902 1706 quodem
916 1659 944 1723 B

96 1733 163 1805 jure
191 1736 349 1804 reposcunt.
365 1729 435 1784 Nam
457 1726 508 1782 sub
531 1725 630 1781 abbate
653 1724 776 1790 liberto,
800 1723 902 1779 scholis

104 1817 287 1875 secularibus
313 1814 467 1885 abnegetis,
482 1811 512 1867 in
537 1808 651 1865 ecclesie
666 1808 721 1863 hac
738 1811 903 1865 monachum

103 1906 246 1979 professus
270 1903 368 1969 fuerat,
384 1909 410 1957 ei
429 1899 569 1956 Columbis
591 1914 640 1970 per
657 1897 820 1953 decennium
843 1897 905 1953 vitae

105 1992 280 2061 claustrensi,
295 1999 323 2046 et
347 1990 495 2046 litterarum
511 1986 603 2043 studio
617 1987 736 2052 deditus,
751 1984 906 2042 demoratus

106 2096 159 2143 est.
189 2079 384 2138 benedictione
411 2078 493 2150 paulo
521 2081 582 2148 post
601 2074 817 2147 Epiphaniorum
845 2073 905 2130 dies

106 2171 270 2247 regulariter
290 2177 427 2241 percepta,
444 2165 552 2236 magnis
576 2173 602 2219 et
620 2163 735 2219 fratrum
756 2179 864 2219 suorum
879 2171 907 2219 et

105 2264 190 2318 totius
212 2258 305 2330 populi
329 2255 468 2311 favoribus
487 2253 634 2324 excipitur.
652 2253 722 2309 Satis
746 2269 865 2322 namque
880 2261 907 2307 et

105 2349 235 2406 amabitis
249 2356 276 2402 et
290 2344 405 2401 affabiiis
427 2351 495 2407 erat,
512 2351 539 2398 ei
561 2341 719 2412 omnesqui
741 2357 801 2397 eurn
818 2356 905 2397 noee-

108 2448 174 2496 rant
188 2436 318 2494 monebat
338 2432 373 2488 ad
388 2433 525 2505 pietatem,
542 2430 614 2502 quod
638 2431 667 2485 in
690 2438 797 2485 tantam
808 2430 907 2487 renie-

106 2529 168 2596 bat,
184 2533 388 2599 paupertatem.
404 2522 449 2578 Sic
459 2521 532 2576 enim
542 2529 567 2576 et
578 2518 708 2590 temporis
719 2518 908 2591 importunita-

106 2621 146 2683 te,
157 2620 184 2668 et
197 2611 302 2665 abbatis
311 2606 497 2670 abscessione,
507 2603 599 2661 omnia
613 2603 772 2674 temporalia
780 2602 851 2658 bona
860 2603 906 2659 de-

105 2701 259 2775 perierant,
270 2705 301 2754 ut
312 2695 382 2751 nibil
392 2711 483 2751 eorum
499 2709 550 2749 seu
562 2692 707 2764 pauis,seu
720 2692 788 2757 uini,
797 2709 844 2748 seu
859 2708 907 2764 pe-

106 2788 218 2849 nudum,
227 2786 397 2842 senaiiarum
414 2782 627 2838 necessariarum
637 2796 728 2836 rerum
739 2781 847 2852 penitus
856 2782 906 2836 ba·

107 2878 234 2934 beretur.
248 2875 350 2947 llagno
360 2889 404 2927 res
418 2879 476 2926 erat
490 2871 519 2925 in
535 2868 768 2941 periculollirare
783 2869 908 2943 quilegie

108 2969 180 3030 baec,
197 2973 226 3020 et
241 2966 417 3035 antiquorum
432 2968 587 3015 nostrorum
612 2957 693 3014 lauda
716 2958 906 3021 constantiam,

109 3055 160 3130 qni
174 3071 224 3126 per
238 3061 276 3108 tot
300 3050 437 3122 penurias,
467 3064 516 3120 per
539 3056 577 3102 tot
599 3046 790 3102 tribulationes
812 3046 906 3103 hocin

109 3144 173 3200 loco
199 3144 455 3215 perseveraverunt,
476 3146 503 3192 et
517 3134 632 3192 aedilicia
655 3136 748 3191 ornnia
775 3137 909 3209 hecquae

108 3232 200 3290 cernis
214 3247 248 3287 es
262 3243 412 3302 pauperum
424 3219 607 3297 eleemosynis
621 3231 838 3280 construxemni.
847 3224 909 3280 Nou

108 3339 170 3388 res,
186 3335 242 3376 non
266 3332 369 3383 comes,
386 3332 440 3372 non
462 3314 561 3384 aliquis
576 3321 733 3386 magnatum
749 3314 842 3369 borum
857 3313 910 3369 ali·

106 3411 175 3485 quid
203 3406 331 3464 instituit.
349 3406 470 3461 Thomas
497 3411 597 3468 autem,
616 3402 779 3457 intolerabili
796 3418 909 3475 pauper-

106 3509 167 3556 iste
180 3502 335 3567 comperta,
344 3493 460 3565 primum
476 3491 585 3562 quidem
600 3491 775 3546 vehementer
788 3491 906 3560 expavit,

104 3604 141 3646 ac
155 3585 256 3642 deinde
266 3584 351 3641 solius
366 3583 442 3655 ingre
453 3580 603 3636 remedium
614 3578 908 3644 conitensabscedere

106 3677 238 3734 tentarit.
255 3674 308 3728 Sed
324 3689 354 3729 se
369 3672 421 3727 ioci
432 3672 509 3739 buius
522 3671 684 3730 monachum
699 3684 907 3742 recognoscens,

106 3766 245 3823 bonorum
271 3764 390 3816 virorum
413 3761 532 3816 consilio
551 3757 716 3815 refecillaius
743 3767 798 3813 esi.
819 3757 908 3813 Primo

106 3856 193 3931 igitur
213 3849 430 3909 consecrationis
453 3865 510 3904 suae
533 3863 615 3912 auno,
635 3847 662 3902 iu
677 3847 794 3903 ecclesia
820 3849 909 3903 Beato

91 3934 201 4002 'liamae
215 3940 350 4012 Stampis,
369 3937 490 3994 divinum
506 3952 661 3994 sermonem
679 3936 757 4007 cujus
772 3936 811 3991 rei
826 3950 908 3992 mart·

106 4034 192 4091 imam
219 4031 335 4105 gratiam
354 4028 482 4094 babebat,
499 4025 563 4082 fecit
582 4026 617 4081 ad
640 4027 779 4097 populum.
796 4026 844 4081 Cui
868 4025 910 4080 nir

107 4120 278 4192 magnificus
304 4117 442 4183 ansellus,
459 4115 565 4188 dapifer
586 4123 613 4172 et
631 4114 806 4172 consiliarius
823 4114 908 4188 regis,

107 4227 172 4270 cnm
188 4208 283 4266 multis
296 4206 434 4263 nobilibus
448 4213 474 4262 ei
489 4204 568 4261 castri
582 4202 755 4276 proceribus,
769 4203 904 4260 interfuit.

107 4300 169 4371 Qua
191 4297 347 4362 occasione,
364 4293 549 4350 familiaritate
563 4293 635 4349 iilius
658 4302 796 4366 percepta,
813 4294 842 4349 in
857 4308 909 4350 ne·

955 388 1046 443 multis
1060 390 1110 445 sibi
1134 391 1392 461 contradicentibus,
1408 400 1435 447 et
1446 392 1507 446 inde
1532 390 1567 446 ad
1579 391 1670 445 odium
1686 406 1752 461 pro·

956 479 1070 543 uocatis,
1087 479 1229 535 obstrusit.
1247 481 1344 536 Divina
1368 480 1559 551 praedicatione
1580 479 1680 550 populo
1700 478 1754 534 sibi

956 565 1112 637 conciliato,
1138 568 1387 625 confraternitatem
1412 569 1536 635 instituit,
1559 586 1609 641 per
1630 584 1710 641 quam
1725 571 1754 623 ei

956 671 1022 725 pars
1036 656 1161 713 ecclesie
1175 667 1315 728 cooperta,
1333 667 1359 714 et
1373 658 1462 715 vitrea
1476 659 1523 713 iila
1537 673 1635 731 magna
1652 673 1712 729 quse
1727 656 1755 711 in

957 743 1046 801 fronte
1070 746 1149 801 nauis
1176 747 1300 804 ecclesie
1329 748 1453 816 babetur,
1468 749 1538 803 inter
1556 755 1656 803 caetera
1684 746 1757 802 facts

958 833 1017 890 fuit.
1034 834 1158 890 lionaebi
1173 836 1209 891 de
1225 837 1327 893 Sancto
1341 835 1429 893 lutrio
1456 853 1565 892 censum
1583 850 1620 891 vtt
1647 834 1754 891 solido·

957 939 1015 978 mm
1031 923 1076 978 diu
1091 924 1171 978 nobis
1185 923 1360 982 abstulerant.
1376 926 1415 983 De
1431 941 1484 998 quo
1499 925 1658 993 llainaidus,
1672 923 1757 979 abbas

957 1019 1019 1068 anie
1035 1013 1145 1070 leonem
1164 1014 1335 1086 episcopum,
1352 1015 1550 1072 cartonensem
1567 1014 1692 1085 placitum
1708 1029 1757 1070 ec·

957 1110 1067 1171 ceperat
1078 1119 1085 1164 ;
1101 1111 1128 1158 et
1138 1103 1202 1176 quia
1212 1120 1263 1160 nec
1273 1104 1502 1171 interfuerat,nec
1512 1105 1634 1179 legitime
1643 1114 1755 1161 contra·

956 1191 1143 1258 mandaverat,
1158 1192 1294 1248 decideret
1314 1208 1331 1250 ι
1352 1209 1445 1251 causa.
1466 1195 1521 1251 Sed
1540 1195 1642 1250 Tboma
1673 1195 1755 1250 anni·

957 1286 1040 1344 iente,
1057 1295 1148 1335 rursus
1164 1279 1197 1335 ad
1220 1282 1407 1338 rectitudinem
1427 1283 1553 1339 monachi
1577 1288 1754 1349 reuocentur,

956 1372 983 1419 et
1007 1363 1079 1436 qnod
1107 1363 1244 1435 aliquibus
1257 1382 1359 1422 nouum
1376 1366 1435 1435 luit,
1451 1376 1586 1439 quatenus
1612 1367 1647 1422 ad
1674 1372 1754 1440 caput

956 1467 1048 1508 causae
1074 1452 1207 1508 rediretur
1217 1453 1366 1524 judicatum
1392 1464 1443 1512 esi.
1466 1457 1561 1527 Neque
1586 1455 1664 1513 enirn
1686 1472 1754 1527 per-

956 1556 1033 1597 sonae
1051 1541 1218 1615 negligentia
1232 1544 1368 1615 proprium
1382 1545 1428 1615 jus
1443 1545 1556 1601 ecclesie
1574 1545 1657 1602 debet
1670 1545 1754 1601 amit·

959 1637 1025 1698 tere,
1042 1629 1094 1686 sed
1122 1640 1239 1698 mortua,
1254 1632 1298 1688 vel
1326 1641 1429 1689 mutata
1455 1650 1582 1707 persone.
1599 1642 1688 1706 potest
1706 1633 1755 1707 qui

957 1718 1077 1776 succedit
1092 1718 1163 1775 infra
1177 1722 1338 1778 canonicum
1354 1724 1500 1778 terminum
1512 1724 1645 1793 justitiam
1661 1723 1754 1794 requi·

956 1824 1026 1864 rere.
1043 1808 1083 1863 lbi
1095 1810 1235 1866 monacbis
1249 1809 1447 1877 deficientibus,
1463 1829 1513 1884 per
1529 1814 1669 1886 Pagarum
1684 1813 1756 1870 San·

956 1891 993 1948 cti
1017 1891 1094 1947 lonii
1118 1892 1268 1960 dominum,
1284 1902 1311 1950 ei
1336 1895 1491 1963 ilenricum,
1507 1898 1693 1954 venerabilem
1721 1897 1755 1954 de

958 1980 1137 2053 Longuponte
1160 1982 1291 2051 priorem,
1307 1982 1430 2054 pluribus
1453 2000 1544 2040 coram
1566 1986 1661 2056 positis
1676 1987 1755 2042 testi·

959 2067 1073 2135 bus,res
1088 2069 1122 2123 ad
1135 2069 1211 2125 bunc
1220 2069 1302 2126 lloem
1313 2071 1429 2127 deducta
1444 2081 1532 2133 estut
1541 2075 1614 2144 quod
1624 2074 1756 2131 amissum

958 2165 1015 2214 erat
1030 2160 1244 2226 condonaretur,
1259 2166 1287 2215 et
1300 2174 1399 2216 census
1413 2178 1467 2218 uno
1481 2179 1589 2236 quoque
1604 2180 1674 2220 anno
1689 2164 1756 2221 red-

959 2246 1076 2314 deretur,
1093 2249 1162 2304 sicut
1176 2249 1203 2303 in
1225 2249 1324 2305 litteris
1339 2267 1399 2320 quae
1414 2251 1448 2307 de
1462 2253 1514 2308 boc
1529 2253 1608 2310 iaciae
1620 2263 1679 2309 sunt
1695 2255 1757 2327 ple-

959 2336 1021 2390 nius
1045 2337 1214 2393 ceuiinetur.
1233 2338 1289 2394 Sed
1304 2339 1339 2395 de
1352 2339 1395 2396 bis
1419 2342 1558 2397 hactenus.
1577 2343 1676 2399 Eorum
1693 2358 1759 2401 tero

961 2440 1021 2495 quae
1030 2439 1130 2497 magna
1146 2442 1211 2482 cura
1225 2427 1390 2500 magnisque
1404 2429 1557 2501 sumptibus
1572 2432 1757 2506 indiguerunt,

960 2514 1086 2583 quaedam
1101 2514 1217 2570 dicenda
1231 2525 1303 2572 suni.
1319 2519 1387 2574 Ante
1403 2519 1475 2574 iilius
1489 2520 1634 2577 adventum
1650 2522 1761 2594 amplis·

960 2602 1056 2656 simam
1075 2611 1185 2668 terram,
1200 2621 1261 2677 quae
1283 2607 1437 2662 Berntiviila
1460 2608 1569 2675 dieitur,
1588 2610 1668 2666 miles
1691 2609 1759 2680 qui·

960 2691 1033 2756 dam,
1050 2692 1201 2748 Herberius
1224 2695 1343 2761 nomine,
1360 2697 1471 2752 veniens
1494 2697 1528 2753 ad
1554 2707 1675 2755 extrema
1697 2702 1762 2756 buio

961 2780 1085 2837 ecclesias
1108 2781 1234 2839 dederat.
1254 2783 1309 2840 Sed
1330 2785 1464 2842 renitente
1485 2785 1616 2844 Goffredo
1632 2789 1761 2859 quodam,

961 2870 1007 2942 qui
1031 2886 1155 2927 sororem
1179 2872 1305 2928 lierberti
1324 2873 1351 2928 in
1375 2875 1505 2948 conjugio
1528 2877 1656 2944 babebat,
1673 2877 1763 2936 adbuc
1825 2933 1826 2936 ,

961 2958 1061 3014 inculta
1079 2969 1148 3016 erat.
1177 2960 1256 3015 Datis
1271 2963 1354 3034 igitur
1368 2964 1426 3020 viro
1440 2965 1612 3022 denariorum
1628 2966 1763 3047 librisde·
1849 2958 1852 2962 ¹

964 3063 1034 3115 cem,
1051 3049 1127 3104 uxori
1148 3049 1216 3119 ejus,
1233 3053 1366 3106 etutoris
1388 3056 1485 3122 sorori,
1502 3071 1563 3125 qum
1585 3056 1658 3112 domi
1682 3054 1764 3111 habe·
1801 3066 1803 3071 ’

962 3136 1051 3203 batur,
1072 3138 1167 3194 solidis
1190 3139 1385 3213 quadraginta,
1402 3141 1561 3214 iluigrinum
1583 3144 1762 3216 illumcujus

963 3232 1002 3280 iot
1027 3233 1154 3299 tantaque
1168 3228 1307 3285 beneficia
1334 3229 1404 3286 libro
1428 3232 1567 3300 superiore
1592 3247 1762 3290 commemo·

963 3323 1059 3370 rantur
1081 3316 1343 3373 excellentissimum
1366 3319 1419 3375 loci
1447 3320 1523 3374 istius
1551 3321 1760 3386 benefactorem,

964 3404 1008 3473 qui
1023 3404 1220 3475 aliquantulum
1235 3421 1252 3460 a
1266 3407 1412 3464 dilectione
1426 3414 1522 3464 nostra
1536 3418 1667 3481 tepuerat,
1679 3412 1760 3466 blan-

962 3487 1005 3542 dis
1024 3489 1195 3543 sermonibus
1212 3490 1350 3548 exciiauit.
1368 3501 1394 3548 ei
1409 3493 1444 3547 ad
1465 3494 1642 3550 excolendum
1658 3502 1760 3553 terram

962 3578 1040 3639 ultra,
1055 3579 1076 3632 si
1090 3579 1143 3633 dici
1165 3586 1264 3648 potest,
1282 3595 1362 3649 quam
1382 3582 1433 3638 ioci
1448 3582 1529 3652 hujus
1553 3583 1667 3640 facultas
1681 3594 1761 3657 pate·

963 3674 1052 3732 retur,
1075 3666 1125 3721 sibi
1140 3667 1258 3739 plurima
1281 3669 1501 3727 subministravit.
1526 3673 1671 3744 Vulgrinus
1696 3691 1761 3733 tero

963 3757 1026 3811 iotis
1041 3756 1146 3810 nisibus
1163 3772 1218 3812 rem
1235 3759 1392 3830 aggreditur
1411 3770 1437 3814 et
1453 3777 1552 3835 magno
1566 3774 1676 3834 sumptu
1690 3764 1759 3820 edi-

962 3841 1023 3899 ficia
1039 3843 1199 3908 fabricauit,
1214 3862 1346 3902 carrucas
1361 3849 1620 3920 instituit,peculium
1631 3869 1764 3926 aggrega·

962 3934 1010 3988 uit.
1028 3933 1081 3988 llas
1095 3941 1154 3989 erat
1169 3934 1196 3988 in
1211 3945 1359 4009 augmento
1374 3938 1438 3993 dum
1455 3940 1641 3996 scriberemus
1656 3943 1719 4007 ista,
1734 3949 1761 3999 et

963 4021 1335 4095 magnisexistimationibus,
1345 4034 1374 4082 ut
1384 4042 1400 4082 a
1411 4028 1489 4098 panis
1497 4030 1619 4100 penuria,
1630 4046 1713 4104 quam
1725 4031 1760 4089 ab

961 4109 1039 4166 initio
1058 4111 1184 4167 omnibus
1198 4129 1270 4184 pene
1291 4115 1369 4170 annis
1383 4117 1562 4187 patiebamur,
1578 4131 1685 4178 erueret
1698 4136 1759 4191 uos,

962 4200 1089 4273 pascebat
1112 4202 1218 4258 animos
1249 4212 1364 4260 nostros.
1388 4206 1488 4262 lisdem
1511 4206 1568 4264 fere
1596 4210 1761 4282 temporibus

962 4289 1051 4346 abbas
1064 4292 1244 4347 commonitus
1263 4292 1434 4361 afratribus,
1450 4304 1580 4367 quatenus
1603 4297 1630 4354 in
1654 4300 1758 4356 solem-

107 4387 282 4448 cessiiatibus
296 4385 376 4453 buius
388 4383 510 4440 ecclesie
523 4390 550 4438 et
563 4381 708 4453 providum
720 4382 907 4440 consiliarium
921 4371 947 4432 D
962 4379 1044 4434 nitate
1060 4379 1129 4434 beati
1145 4380 1252 4435 llartini
1267 4399 1328 4453 quae
1342 4383 1466 4441 hiemalis
1480 4385 1587 4454 dicitur,
1608 4386 1642 4442 ad
1665 4389 1759 4445 eccle-

108 4487 136 4536 si
150 4476 282 4550 optimum
298 4472 486 4529 auxiliatorem
502 4470 637 4527 multoties
650 4470 754 4527 babuit.
769 4473 839 4526 Num
854 4472 907 4528 iio·
960 4467 1029 4522 siem
1045 4468 1168 4523 Veterum
1184 4469 1356 4542 stamparum
1380 4473 1407 4526 ln
1427 4474 1531 4529 bonore
1551 4474 1673 4544 erue-dem
1688 4492 1758 4533 con-

108 4568 218 4624 berium
234 4559 753 4636 quoquedoOcunvissa‚melignumet
769 4570 906 4630 raptorem
961 4556 1073 4612 fessoris
1098 4556 1259 4622 dedicatam,
1280 4577 1362 4632 quarn
1392 4562 1533 4634 l’ltilippus
1557 4580 1605 4618 rex
1634 4563 1756 4636 dedemi,

107 4658 262 4716 hominem,
279 4652 323 4724 qui
348 4651 493 4706 maximam
517 4655 621 4721 partem
645 4656 725 4704 ierrae
745 4647 779 4705 de
799 4649 908 4704 blesens
960 4655 1154 4717 praeceptoque
1169 4646 1336 4714 firmaverat,
1353 4660 1490 4723 pergeret,
1506 4652 1676 4722 missamque
1689 4670 1757 4710 cao-

108 4739 429 4807 calumniabatur,he1'us
443 4736 713 4807 auxilindepulsarit.
722 4737 752 4792 iu
764 4753 818 4808 quo
828 4738 908 4794 sedu-
963 4745 1019 4790 tare
1034 4734 1156 4798 deberet,
1172 4738 1316 4805 acquievit.
1325 4739 1378 4795 Sed
1392 4740 1531 4794 canonicis
1545 4741 1758 4800 reclamantibus

108 4835 214 4891 litaset
238 4828 368 4886 instantia
383 4826 492 4882 abbatis
506 4824 642 4881 laudantia
658 4835 699 4881 est
718 4827 906 4894 vehementer,
961 4831 1041 4893 atque
1069 4823 1276 4892 rebellantibus,
1306 4843 1380 4900 segre
1403 4829 1527 4898 repulsus
1556 4837 1606 4885 esi.
1632 4831 1758 4902 Sapienti

111 4923 158 4994 qui
178 4937 232 4977 nec
254 4918 376 4974 novitate
394 4929 453 4976 sua.
469 4930 520 4971 nec
542 4923 699 4986 paupertate
718 4915 842 4971 detentus
856 4924 907 4972 esi.
962 4938 1027 4977 usus
1040 4921 1154 4978 consitio
1175 4925 1317 4979 tumultum
1333 4924 1469 4989 devitavit,
1489 4935 1515 4981 et
1529 4943 1609 4996 quam
1626 4930 1759 4986 testinan-

111 5011 166 5069 50d
179 5023 244 5068 0⁰¹⁰
258 5023 310 5063 ¹¹⁶⁰
323 5007 405 5062 ellam
419 5005 557 5076 limi)lium
573 5017 673 5075 equum
690 5005 802 5060 liberii
825 5022 909 5077 ⁵⁰9⁹?
962 5027 1005 5074 ier
1017 5017 1052 5073 ed
1069 5035 1162 5091 regem
1179 5037 1208 5076 sc
1223 5023 1345 5079 contulit.
1363 5024 1458 5078 Pandit
1476 5023 1617 5097 injuriam,
1637 5028 1760 5086 modeste

110 5116 192 5173 quem
218 5096 386 5162 wudeselr
414 5107 468 5149 ¹¹⁰⁰
497 5093 572 5165 Ι)Γίιιε
596 5108 612 5148 ⁸
641 5093 781 5164 Ps⁰ll⁰³ll⁰
809 5093 910 5152 desslllll
962 5117 1151 5190 conqueritur,
1168 5119 1285 5177 libenter
1304 5122 1457 5178 exauditur.
1475 5123 1604 5193 impetret
1627 5125 1757 5197 denique,

110 5211 207 5274 qum·
219 5189 378 5266 mmm
392 5190 471 5258 hujus
485 5190 567 5245 ⁰³⁸²'i
581 5192 681 5261 wilm
696 5189 824 5247 ³³¹¹⁰⁸¹i⁵
834 5199 861 5247 ⁶²
875 5192 909 5248 “d
963 5214 1064 5270 Anselli
1078 5215 1195 5287 dapiferi
1211 5217 1294 5273 fretus
1314 5219 1423 5283 auxilio,
1440 5231 1467 5275 ut
1481 5222 1572 5277 clerici
1594 5223 1712 5294 Stampis
1732 5224 1762 5280 in

111 5297 214 5370 pisaits
239 5289 382 5350 condutlis
396 5288 621 5346 eutumniatoram
654 5303 671 5344 Β
703 5286 778 5344 saliis
810 5293 910 5362 ⁵P⁰b¹¹⁵
963 5313 1062 5384 palatio
1078 5314 1105 5368 iu
1122 5330 1207 5370 uuum
1222 5327 1463 5391 congregarentur,
1480 5319 1604 5391 donoque
1619 5325 1761 5381 consenti·

111 5396 222 5472 penitus
236 5402 362 5453 exuerat.
963 5421 1033 5471 reni.
1050 5414 1110 5487 ipse
1124 5431 1231 5487 quoque
1246 5433 1304 5485 rex,
1316 5419 1389 5488 quod
1404 5428 1483 5476 antea
1497 5437 1552 5479 non
1566 5419 1678 5490 fecerat,
1696 5423 1764 5482 scri·

144 5510 229 5572 tran
242 5509 335 5571 uitam
348 5516 429 5584 atque
450 5505 574 5581 regalem
598 5521 658 5583 quaa
673 5506 744 5567 inter
766 5507 910 5566 ecclesiam
964 5517 1011 5584 pto
1035 5509 1200 5584 proprioque
1226 5511 1318 5588 sigilio
1344 5513 1448 5572 donum
1472 5516 1654 5577 confirmarit.
1679 5518 1765 5592 Cetius

276 5606 411 5675 Parnes.
425 5602 584 5671 CLXXX.
1623 5619 1645 5683 b
