3728 6000
527 254 713 315 expositio
732 258 770 314 ln
788 254 902 315 sntsr.
923 255 968 311 bl)
988 257 1072 315 noll,
1091 289 1125 300 —
1144 258 1211 317 LIB.
1235 259 1285 316 vt.

1678 258 1730 316 bii

84 383 164 437 sterii
178 380 414 455 ejusgloritieatio
431 401 438 438 :
454 382 568 438 alterum
592 398 641 455 per
665 382 817 454 proiectum
839 382 880 437 al·
895 381 924 443 Α
940 382 1049 451 (satit.
1079 385 1147 453 νιιι).
1170 408 1181 434 a
1204 384 1331 442 Centurio
1357 383 1509 454 alienigena
1533 381 1591 451 init,
1614 383 1658 453 qui
1682 385 1734 442 buc

81 470 168 527 terius
177 471 308 528 suscitare
322 471 356 527 ad
371 471 534 542 proiectum.

120 560 209 616 Vens.
230 564 275 616 lb.
293 592 329 602 -
345 585 357 610 ι
372 562 399 618 Si
416 561 488 616 enirn
513 561 623 617 amissio
644 578 740 618 eorum
765 561 885 619 reconci-

82 648 159 703 liatio
174 657 215 703 est
231 649 328 703 mundi
346 667 352 712 ;
368 666 430 720 quaa
449 651 610 720 assumptio,
627 651 678 705 nisi
696 652 749 706 vita
762 667 794 706 ex
809 666 884 705 ntoru

81 738 136 791 tuis
151 738 166 790 ‘l
184 737 459 810 »Siabjectiogentis
475 738 884 795 illiusiaconeiliationemmun·

80 825 118 880 do
133 826 269 897 praesunt,
286 827 309 881 si
325 836 398 881 tanta
414 828 440 880 in
456 828 498 881 eis
526 827 578 881 init
592 829 689 899 gratia,
706 844 766 900 quse
793 828 883 882 ablate

79 914 116 969 ab
130 915 180 978 eis,
197 923 224 970 et
237 915 301 969 data
329 915 464 985 gentibus,
495 920 579 970 totum
595 917 725 971 mundum
751 915 881 987 implevit.

79 1004 283 1059 astinenum
309 1013 397 1074 potest
411 1003 473 1073 utritl
489 1005 524 1058 sit
552 1005 615 1059 illud
634 1005 708 1076 quod
724 1022 758 1059 ex
784 1021 883 1060 recon-

80 1092 221 1148 ciliatione
250 1093 309 1163 ejus
336 1093 454 1146 mundus
481 1104 640 1161 accepturus
655 1094 702 1148 sit.
724 1116 735 1142 ι
753 1093 819 1163 Qtrae
832 1093 885 1149 erit

83 1181 234 1253 assumptio
248 1196 355 1246 eorum,
372 1181 422 1235 nisi
433 1181 487 1235 vita
506 1198 536 1234 ex
549 1183 682 1236 mortnis‘.>
695 1206 705 1229 a
721 1183 799 1238 Nunc
811 1182 882 1237 enim

80 1269 192 1325 iuterim
222 1270 256 1325 ad
281 1271 541 1324 vilamexmnrtuis
571 1269 787 1340 proireiculibus,
816 1271 883 1326 rarii

81 1359 276 1414 annuntiantur
299 1360 436 1430 proiectus
463 1373 469 1423 ;
495 1367 558 1414 tunc
581 1369 670 1414 autem
696 1361 753 1429 ipsa
780 1360 883 1431 perne·

85 1447 151 1503 ctio.
179 1447 256 1504 Tunc
279 1448 362 1513 enim,
384 1447 410 1501 in
427 1445 480 1502 line
495 1447 597 1503 scilicet
620 1449 722 1513 mnndi,
748 1449 883 1521 generalis

83 1551 181 1592 corum
196 1536 287 1591 lutura
301 1545 340 1590 est
350 1536 512 1605 assumptio,
541 1552 602 1592 curn
618 1536 644 1590 in
661 1538 787 1592 omnibus
812 1537 882 1594 inle-

82 1622 156 1678 libus
171 1624 287 1680 celebris
302 1624 348 1678 illu
364 1623 527 1678 resurrectio
556 1621 609 1691 liet,
627 1640 680 1694 qua
695 1626 808 1680 mortale
837 1627 882 1678 in-

938 470 1014 540 dixit,
1030 473 1065 528 de
1080 489 1133 545 quo
1144 482 1171 529 et
1185 475 1315 530 Dominus
1330 474 1418 528 dixit:
1436 496 1447 522 ι
1462 475 1525 529 Non
1555 473 1646 528 intem
1672 479 1733 527 tsn-

938 569 992 615 tam
1014 560 1094 616 fidem
1122 562 1149 617 in
1178 563 1262 618 lsrael
1278 562 1370 631 (ibid.)
1388 585 1398 610 a
1417 564 1447 616 ln
1473 560 1545 616 oliva
1569 576 1622 616 non
1643 560 1734 616 inveni

938 648 1010 718 quud
1035 651 1129 705 inveni
1149 651 1177 706 in
1199 653 1328 706 oleastro.
1346 652 1419 723 Ergo
1430 650 1500 705 oliva
1515 650 1631 719 superba
1647 649 1733 705 succi·

938 739 1028 802 datur,
1044 739 1226 794 etoleastrnm
1240 740 1341 794 humile
1368 741 1518 794 inseratur.
1552 738 1657 793 Deinde
1672 738 1733 793 vide

937 826 1128 896 procidentem
1156 836 1183 882 et
1210 828 1372 883 inserentem
1398 845 1404 882 :
1437 850 1448 876 ι
1479 826 1556 882 blulti
1574 826 1733 882 venientab

937 915 1047 971 Oriente
1062 924 1088 970 et
1102 915 1263 980 Occidente.
1280 925 1307 972 et
1323 917 1480 972 recumbent
1501 931 1563 971 eum
1584 915 1731 983 Abraham,

936 1005 1014 1059 lsaac
1029 1012 1054 1059 et
1068 1005 1162 1071 Jacob,
1175 1007 1201 1060 in
1218 1021 1303 1077 regno
1317 1004 1448 1060 eoelcrum
1458 1005 1561 1073 (ibid).
1572 1024 1583 1054 ι
1596 1005 1655 1058 Νοιι
1665 1018 1732 1076 ergo

937 1093 1054 1159 superbe
1068 1094 1218 1165 gloriemur
1232 1095 1361 1149 adversus
1376 1094 1476 1147 fractos
1487 1106 1576 1147 ramos
1592 1107 1599 1159 ;
1616 1092 1664 1147 sed
1681 1106 1733 1162 po-

937 1181 990 1235 tins
1005 1182 1163 1251 cogitemus,
1179 1183 1260 1252 cujus
1273 1183 1362 1254 gratia
1376 1191 1400 1236 et
1417 1189 1515 1251 quatita
1534 1179 1731 1249 misericordia,

937 1279 963 1325 et
978 1271 1006 1324 in
1022 1286 1075 1341 qna
1089 1272 1279 1327 radiceinserti
1289 1287 1393 1334 sumus,
1409 1282 1437 1325 ut
1452 1270 1731 1341 aonaltasapiamus,

936 1359 983 1415 sed
1001 1359 1462 1416 linmilibusconscntientessimus.

974 1451 1058 1505 l'nns.
1074 1451 1120 1504 ts.
1139 1480 1174 1490 -
1192 1472 1203 1498 ι
1221 1449 1299 1517 Quod
1316 1448 1483 1519 Ιςιιξιοιιιιιιε,
1499 1462 1555 1502 non
1570 1454 1597 1501 tu
1611 1447 1733 1503 radicem

937 1548 1040 1611 portes,
1056 1540 1102 1593 sed
1121 1540 1201 1593 radix
1216 1546 1252 1592 ta.
1272 1558 1282 1588 ι
1298 1538 1372 1592 Nihil
1388 1537 1459 1590 enirn
1478 1536 1575 1600 babes,
1592 1536 1664 1605 quod
1680 1550 1735 1592 non
1791 1586 1794 1591 .

937 1628 1079 1699 accepisti.
1097 1629 1164 1682 Etsi
1181 1628 1296 1681 insultas
1312 1626 1436 1682 fractioni
1467 1640 1613 1691 ramorum,
1629 1638 1683 1678 non
1708 1629 1736 1679 tu

81 1712 149 1767 duat
187 1712 427 1776 immortalitatem.
469 1719 496 1766 et
524 1712 660 1783 corruptio
700 1713 1055 1798 incorruptio-Bradieem
1076 1713 1594 1787 ponesanoradixte,euiinsultas.
1623 1712 1736 1769 Talibus

80 1818 155 1856 nem.

118 1890 207 1946 Vana.
225 1894 269 1946 lb.
283 1922 320 1932 —
336 1915 347 1938 α
365 1889 442 1959 Quod
458 1891 481 1946 si
489 1890 621 1947 delibatio
631 1894 737 1956 sancta,
747 1894 773 1945 el
783 1905 881 1945 massa.

80 1978 117 2033 Et
132 1980 155 2033 si
169 1980 247 2034 radix
262 1990 356 2036 saneta
371 1989 397 2034 et
421 1981 497 2035 ranri.
519 2005 529 2028 ι
546 1980 654 2037 Olivam
681 1979 783 2034 creavit
809 1980 883 2034 Deus

80 2069 253 2138 patriarchas
274 2077 393 2136 sanctus,
424 2070 538 2124 undeet
566 2068 654 2122 iloruit
679 2069 794 2139 populus
812 2068 882 2131 Dei:

935 1806 1006 1860 anina
1020 1805 1211 1859 insultantibus
1225 1803 1307 1865 tlicit;

971 1896 1056 1949 l'sns.
1071 1897 1157 1957 tneo
1176 1924 1210 1933 -
1223 1916 1234 1941 e
1246 1893 1319 1948 Dicis
1328 1907 1394 1965 ergo
1412 1909 1418 1946 :
1435 1891 1522 1946 Fraeti
1539 1899 1600 1945 sunt
1615 1891 1736 1959 rami‚ut

936 1997 989 2054 ego
1017 1982 1131 2036 inserar.
1162 1982 1243 2044 nene,
1273 1988 1385 2051 propter
1405 1979 1618 2035 incredulitatem
1656 1979 1735 2033 tracti

938 2079 1010 2133 sum,
1022 2078 1049 2124 tn
1064 2079 1153 2124 antem
1170 2068 1222 2124 satie
1238 2074 1290 2123 sta.
1308 2090 1319 2117 u
1337 2067 1486 2138 amputatis
1520 2076 1631 2138 propter
1653 2066 1737 2123 infida

80 2157 141 2212 haec
155 2158 237 2212 arbor
253 2165 345 2226 putata
360 2165 411 2213 est.
426 2157 570 2212 Naminde
586 2157 702 2227 superbi
725 2157 789 2210 rami
807 2155 883 2211 iracti
937 2158 1021 2213 litatis
1039 2159 1190 2229 superbiam
1220 2156 1389 2211 naturalibus
1404 2156 1497 2219 earnis,
1512 2163 1540 2210 tu
1557 2153 1609 2211 sade
1626 2164 1676 2223 sta,
1707 2162 1737 2210 ut

80 2254 153 2309 saint,
180 2245 355 2314 blasphemus
385 2246 502 2317 populus
525 2246 691 2300 Jtrdteornm.
725 2247 883 2299 llanserunt
937 2249 1081 2318 deputetur
1096 2247 1144 2301 tibi
1160 2245 1228 2301 fides
1243 2246 1428 2316 adjustitiam,
1450 2253 1476 2300 et
1501 2244 1734 2314 impleaturints‚

81 2335 300 2389 tamenibiranni
330 2335 541 2402 bunictntites,
565 2333 790 2403 sanctinpostnli.
821 2334 883 2402 lpsa
937 2332 1737 2408 nonquodpostulatmeritnmtuum,sethuodalbomino

80 2432 122 2478 est
136 2421 279 2488 delibatio,
295 2439 376 2492 parva
391 2424 425 2478 ile
448 2424 544 2495 qtraris
560 2439 589 2478 re
606 2424 753 2493 assumptio
782 2423 815 2476 ud
832 2439 883 2476 ex·
937 2426 1098 2496 promissum
1110 2433 1151 2479 est
1165 2422 1340 2478 beneficium.
1359 2445 1370 2470 e
1387 2422 1450 2477 Noli
1465 2422 1548 2476 altum
1566 2437 1672 2490 sapere,
1686 2420 1736 2477 sed

79 2512 260 2583 perimentum
286 2513 367 2567 totins
394 2528 499 2567 massae.
526 2514 593 2567 labe
609 2510 734 2582 estquod
749 2511 833 2565 dicit:
852 2510 882 2566 Si
937 2514 1013 2569 tinne.
1036 2538 1046 2562 a
1064 2515 1137 2569 lnest
1152 2513 1223 2567 enim
1239 2513 1336 2584 gratiae
1360 2510 1440 2566 timor
1468 2526 1542 2566 suns.
1568 2510 1662 2565 Timor
1684 2509 1737 2566 ista

79 2599 210 2656 delibatio
230 2601 515 2666 sanctainrontaest‚
532 2610 558 2654 et
587 2615 679 2654 ntassa
705 2608 792 2669 potest
818 2615 882 2653 san·
936 2600 1243 2675 praecipitur,etiantiis
1263 2600 1308 2671 qtri
1337 2617 1370 2655 ex
1384 2598 1437 2654 fide
1464 2599 1587 2655 viventes
1609 2598 1735 2655 lroeredes
1831 2592 1835 2597 ’

78 2687 207 2744 cltfifflri·
228 2689 303 2744 Sicut
318 2689 396 2743 radix
413 2706 420 2752 t
437 2690 476 2744 Sic
499 2696 524 2742 el
540 2689 618 2742 ιθιιιί·
639 2688 786 2742 Baulorum
810 2687 882 2741 enim
936 2701 998 2746 snat
1024 2691 1094 2746 Novi
1109 2690 1282 2753 Testamenti,
1308 2697 1389 2758 atque
1404 2688 1433 2742 in
1462 2687 1612 2743 libertatem
1629 2686 1730 2743 vocati.

79 2786 188 2846 natura,
218 2778 497 2833 sicuteoletinomni
520 2778 630 2847 arbore,
647 2775 747 2830 radicis
767 2790 882 2845 respon·
936 2782 1025 2835 Attum
1055 2779 1127 2834 enim
1155 2793 1249 2850 sapere
1277 2777 1418 2847 superbire
1433 2784 1483 2832 est.
1511 2777 1648 2831 Timorem
1664 2777 1737 2831 laune

78 2866 124 2922 det
139 2867 321 2929 sanctitatem.
337 2875 366 2921 et
380 2866 515 2922 fructuum
540 2867 634 2936 aliqua
656 2864 785 2919 delibatio
801 2864 883 2918 totius
936 2886 991 2924 non
1006 2868 1124 2924 delectat
1138 2867 1275 2936 iniquitas,
1292 2866 1396 2921 etiamsi
1417 2873 1585 2936 proponatur
1613 2863 1735 2936 impuni-

76 2971 177 3012 masaae
198 2956 365 3025 qualitatem.
394 2955 422 3008 ln
451 2954 617 3009 delibatione
646 2967 714 3024 ergo
740 2960 767 3008 et
789 2953 880 3019 ramis.
935 2968 987 3013 tas.
1005 2958 1061 3012 lloc
1075 2957 1262 3011 enimtantum
1288 2956 1376 3019 timet,
1392 2969 1427 3009 ne
1443 2955 1547 3008 amittat
1562 2946 1649 3023 ipsam
1664 2969 1735 3025 gra·

76 3043 213 3100 naturalis
242 3051 281 3098 est
306 3044 437 3098 sanctitas
457 3044 566 3098 radicis.
597 3043 636 3096 Tu
664 3049 754 3096 antem
784 3049 879 3096 contra
936 3047 1010 3111 tiam,
1036 3061 1086 3116 per
1113 3042 1276 3116 quaminea
1304 3042 1468 3108 factumest,
1485 3050 1587 3097 utearn
1604 3058 1657 3098 non
1681 3042 1733 3098 de·

77 3142 202 3189 naturam
217 3132 328 3187 aliunde
343 3132 470 3194 insertus,
496 3130 630 3203 quidquid
646 3131 731 3185 babes
749 3130 881 3185 sanctita-
895 3089 919 3152 G
935 3137 1014 3191 tentet
1029 3149 1154 3205 peceare.
1171 3133 1222 3202 Qui
1238 3131 1310 3186 enirn
1329 3131 1413 3186 altum
1439 3131 1519 3202 sapit.
1548 3139 1574 3185 et
1593 3131 1655 3186 ideo
1677 3146 1732 3186 non

77 3221 122 3284 tis.
136 3238 171 3277 ex
188 3219 321 3276 beneficio
334 3221 420 3275 habes
435 3221 590 3288 inserentis,
608 3227 634 3274 et
649 3218 817 3291 pinguedine
831 3234 875 3273 rn-
933 3224 1008 3279 timet
1025 3239 1031 3278 :
1045 3224 1139 3294 utique
1148 3221 1303 3293 perniciose
1317 3235 1371 3276 non
1383 3221 1470 3275 timet.
1490 3219 1560 3288 Quid
1576 3220 1648 3275 enim
1663 3218 1731 3275 boni

77 3309 156 3367 dieis.
169 3308 247 3367 Unde
257 3314 284 3365 et
294 3310 431 3380 sequntur:
931 3320 1013 3376 amnt,
1025 3311 1069 3382 qui
1086 3311 1154 3365 sorte
1168 3310 1220 3364 ltoc
1232 3309 1321 3379 ipsum
1352 3315 1465 3379 propter
1487 3308 1537 3361 boc
1553 3306 1640 3377 ipsum
1656 3312 1735 3361 amat

111 3400 197 3455 vans.
213 3399 256 3453 tt.
275 3429 309 3439 -
323 3421 334 3446 e
348 3397 425 3467 Quod
441 3397 463 3450 si
478 3396 602 3467 aliquiax
613 3397 694 3451 narnis
707 3396 852 3451 lraetisnnt
869 3411 877 3466 ;
931 3417 985 3456 non
1000 3401 1096 3455 timere
1109 3398 1123 3453 i
1140 3400 1227 3452 Potest
1243 3397 1373 3451 eninthoc
1393 3395 1553 3465 persuadere
1564 3395 1615 3448 sibi
1627 3394 1727 3464 aliquis

76 3496 208 3543 tuautem
220 3503 280 3542 curn
297 3503 370 3541 esses
393 3488 510 3541 oleaster
525 3487 647 3540 insertus
660 3503 690 3540 es
716 3485 821 3552 inillis,
851 3495 878 3540 et
932 3483 1724 3554 nonsanitate,sedimmanitate.Nampropterhncipsum
1805 3482 1809 3490 ’

75 3577 168 3633 socius
183 3575 285 3630 radicis
300 3586 327 3630 et
342 3576 516 3647 pinguedinis
529 3575 607 3629 olinae
638 3575 725 3629 iactus
754 3591 792 3641 es,
820 3573 876 3628 noli
931 3578 994 3647 quin
1009 3585 1081 3631 amnt
1095 3591 1149 3628 nnn
1164 3574 1268 3633 timere,
1285 3580 1312 3625 ut
1335 3573 1407 3644 qnod
1430 3580 1503 3626 amat
1524 3579 1657 3631 exerceat.
1683 3571 1729 3624 in-

75 3666 192 3738 gloriari
206 3664 338 3719 adversus
351 3681 452 3718 ramos.
473 3665 537 3718 »De
553 3663 645 3718 radice
662 3663 876 3732 patriarcharum
929 3667 1022 3739 gentin
1038 3666 1156 3720 lacinora
1182 3662 1302 3717 molitur.
1325 3662 1386 3716 Non
1397 3677 1463 3732 ergo
1479 3662 1530 3715 hoc
1545 3676 1595 3730 pro
1625 3675 1728 3732 magno

75 3754 143 3809 dicit
158 3754 258 3808 fractos
270 3752 402 3823 quosdam
414 3768 503 3806 ramos
525 3760 636 3822 propter
648 3750 874 3819 incredulitatem,
929 3757 1001 3811 bono
1017 3755 1170 3809 habendum
1187 3751 1313 3820 estquod
1329 3752 1357 3805 in
1387 3750 1497 3805 bomine
1513 3750 1630 3820 pessimo
1645 3749 1726 3805 inre-

75 3850 100 3897 et
114 3844 242 3897 insertum
256 3841 414 3907 oleastrum,
431 3850 459 3895 nt
470 3848 542 3895 esset
552 3840 687 3911 particeps
701 3839 875 3911 pinguedinis
928 3843 980 3898 niri
1017 3841 1145 3913 possibile
1160 3848 1214 3897 ost,
1240 3838 1413 3909 Quapropter
1427 3838 1518 3893 timeat
1542 3838 1723 3908 Christianus,

74 3930 195 3997 olirae,i·l
206 3938 247 3985 est
260 3929 409 3985 Ecclesiam
421 3946 451 3983 ex
462 3929 589 4001 gentibus
600 3928 762 3983 venientem.
773 3927 874 3997 thuis
927 3943 1071 4003 antequam
1087 3929 1208 3998 perlecta
1223 3928 1346 3984 charitas
1360 3927 1433 3982 iores
1458 3927 1546 3980 mittat
1562 3926 1684 3980 timorem
1700 3927 1727 3995 (l

74 4019 167 4075 inserit
176 4018 204 4073 in
219 4018 318 4074 olivam
335 4017 688 4084 oleastrum'iOlirapotins
706 4015 790 4070 iirseri
804 4016 873 4073 solet
926 4023 1006 4077 boun.
1023 4021 1072 4091 ιι).
1089 4018 1192 4073 Deinde
1207 4015 1373 4087 prolicienda
1388 4023 1462 4070 tanto
1491 4015 1579 4069 minor
1593 4014 1723 4071 etliciatnr

74 4108 104 4163 in
130 4109 260 4169 oleastro.
277 4107 424 4162 oleastrum
442 4106 468 4159 in
499 4105 720 4176 uliranunquam
744 4104 870 4160 vidimus.
926 4111 1016 4177 timor,
1041 4119 1144 4179 quanto
1171 4105 1267 4176 patriae
1285 4119 1338 4176 quo
1367 4103 1500 4169 tenditur,
1529 4104 1716 4175 propinquior.

72 4197 141 4252 Nam
159 4195 283 4266 quisquis
298 4194 403 4261 iecerit,
420 4193 601 4248 noninneniet
614 4195 710 4248 baccas
724 4192 812 4261 alirn,
823 4192 871 4248 sed
925 4199 1011 4267 Major
1025 4197 1098 4252 enirn
1114 4197 1195 4249 timor
1209 4195 1289 4248 debet
1304 4209 1363 4247 usse
1378 4192 1620 4264 peregrinantium,
1632 4193 1721 4248 minor

72 4284 194 4340 oleastri.
208 4283 287 4352 Quod
308 4283 378 4337 enim
395 4283 504 4348 inseiis,
535 4284 585 4337 ltoc
616 4283 725 4356 crescit,
755 4288 780 4336 et
808 4283 871 4350 ejus
923 4282 1274 4357 propinquantiumnultus
1289 4280 1513 4353 pervenientium.
1535 4279 1591 4334 Sed
1601 4289 1628 4335 et
1642 4281 1721 4337 timor

73 4373 175 4429 inimus
202 4381 253 4427 est.
280 4374 340 4427 Nun
364 4372 436 4426 enim
452 4372 545 4425 crescit
560 4371 658 4425 indicis
682 4373 794 4435 tructus,
819 4371 866 4425 sel
925 4374 1045 4445 perducit
1059 4373 1092 4427 ad
1107 4373 1263 4426 charitatem
1281 4387 1287 4434 ;
1305 4369 1500 4441 periectanero
1515 4368 1630 4423 ebaritas
1647 4367 1718 4423 ioras

71 4462 187 4518 surculi.
205 4460 420 4516 llocostendens
434 4460 588 4528 Apostolus,
612 4460 806 4529 omnipotentia
819 4475 867 4513 sua
882 4430 910 4492 D
924 4463 1003 4517 mittit
1017 4462 1153 4518 timorem.

72 4549 160 4606 Deam
175 4549 282 4613 iecisse,
299 4556 328 4603 ut
342 4547 460 4603 oleaster
475 4548 500 4600 in
522 4547 613 4602 radice
627 4548 708 4602 olinae
730 4547 868 4602 inserere·
959 4552 1043 4607 l'sns.
1058 4553 1105 4613 bt),
1120 4551 1164 4603 bl.
1181 4580 1217 4590 -
1233 4570 1244 4597 ι
1259 4547 1323 4603 Noli
1333 4569 1342 4595 ι
1352 4561 1440 4618 ergo«
1450 4544 1533 4599 altum
1545 4559 1654 4616 sapere,
1667 4544 1716 4601 sed

72 4646 126 4707 tur,
144 4646 246 4693 utnon
263 4636 527 4701 baccassiltnstres,
555 4636 601 4688 sed
617 4635 718 4690 olivam
732 4635 867 4701 redderet,
924 4639 998 4694 time.
1015 4638 1043 4694 si
1058 4639 1129 4692 enim
1146 4638 1217 4692 Deus
1231 4634 1398 4689 naturalibus
1414 4635 1496 4688 ramis
1512 4648 1565 4687 non
1582 4632 1716 4703 pepercit,

72 4728 104 4783 ad
121 4725 346 4799 omnipotentiam
363 4725 410 4779 Dei
426 4740 556 4780 revocans
570 4724 605 4778 ait
622 4742 628 4778 :
646 4745 657 4774 ι
675 4724 752 4792 Quod
777 4724 800 4778 si
815 4724 868 4780 ali·
923 4746 957 4783 ne
973 4729 1040 4782 sorte
1050 4742 1098 4781 nee
1106 4725 1153 4780 tibi
1169 4733 1271 4794 pareat.
1294 4744 1304 4772 ι
1323 4720 1453 4789 Superbia
1468 4721 1716 4786 enimresistit,hu·

73 4815 265 4888 qniexramis
295 4813 372 4868 tracti
399 4819 530 4879 sunt;tu
555 4821 643 4866 autent
672 4828 733 4868 cnm
752 4813 869 4868 oleaster
923 4811 1413 4883 milibnsautemdatgratiamtboc.
1432 4814 1484 4879 tv).

72 4920 158 4970 esses,
175 4904 294 4960 insertus
307 4908 334 4958 et
346 4902 373 4956 in
388 4900 449 4966 iltis,
465 4908 492 4956 ct
507 4899 703 4955 sociusratlieis
715 4909 741 4955 et
751 4901 868 4971 pingue·
958 4904 1043 4957 Vens.
1059 4903 1102 4965 ιι,
1120 4902 1165 4956 ιι.
1181 4924 1239 4948 -ι
1257 4900 1324 4956 Vide
1339 4915 1405 4972 ergo
1419 4898 1566 4953 bonitatem
1590 4907 1617 4953 et
1631 4915 1715 4957 seva·

72 4992 143 5048 dinis
158 4992 239 5048 olivae
254 4990 342 5046 lactus
352 5005 391 5054 es,
402 4987 580 5061 noligloriari
595 4989 726 5042 adversus
739 5004 865 5043 ramos.»
921 4989 1025 5045 ritatem
1037 4991 1085 5045 Dei
1102 5005 1109 5058 3
1126 4989 1155 5043 in
1171 5006 1219 5045 eos
1234 4990 1342 5059 quidem
1359 4988 1404 5060 qni
1413 4987 1571 5043 ceciderunt
1586 4991 1718 5043 severita-

72 5080 134 5135 Noli
148 5078 260 5153 gloriari
276 5079 339 5150 quia
354 5076 473 5132 insertus
488 5092 527 5142 es,
544 5075 592 5130 scd
620 5077 695 5146 time,
712 5075 868 5145 neperin-
922 5079 1341 5143 tem;inteautombonitatem
1359 5079 1418 5143 Dei,
1435 5077 1458 5132 si
1481 5078 1663 5146 permanseris
1691 5077 1719 5132 in

72 5175 230 5233 fidelitatem
242 5173 386 5245 frangaris,
404 5174 473 5228 sicut
490 5173 527 5226 illi
543 5171 619 5227 fracti
635 5181 706 5226 sunt.
728 5171 805 5226 Olina
819 5189 868 5227 sn·
923 5178 1052 5232 bonitate.
1071 5177 1250 5232 »salubriter
1265 5175 1405 5246 Scriptura
1433 5190 1487 5229 non
1501 5175 1587 5229 solum
1612 5175 1721 5229 bonita-

72 5275 153 5346 perba
168 5274 252 5347 digna
264 5271 607 5344 irangiluit,qnaetlixit:‹
624 5270 723 5326 Nostle
736 5270 869 5326 servitute
924 5282 977 5330 tent
1002 5272 1065 5339 Dei,
1082 5274 1172 5330 sedet
1195 5274 1369 5329 seueritatem
1383 5272 1567 5337 commendat,
1584 5272 1718 5344 qnoniam

73 5386 231 5427 noceamus
246 5370 423 5433 nati;uuum
449 5375 553 5439 patrem
578 5368 712 5422 habemns
733 5368 868 5422 Abraham
923 5380 950 5428 et
971 5381 1075 5426 amatur
1090 5372 1163 5426 Deus
1178 5371 1287 5433 utiliter,
1302 5378 1329 5425 et
1357 5370 1479 5426 timetur.
1496 5371 1592 5441 ltaque
1621 5371 1721 5427 sanctis

74 5470 168 5535 (boos.
185 5469 260 5537 snt.)
278 5490 289 5514 ι
318 5464 391 5521 nudi
404 5473 432 5521 et
454 5465 602 5520 oleastrum
626 5465 739 5536 dignum
764 5464 867 5519 inseri:
924 5466 1087 5540 patriarchis
1102 5469 1130 5521 ιιι
1146 5468 1299 5523 radicesue
1315 5467 1475 5533 viventibus,
1492 5466 1610 5522 inlidelis
1629 5484 1721 5538 anper·

75 5569 232 5625 ollonium
242 5566 351 5640 dianus,
365 5587 377 5616 ι
391 5564 439 5633 ait¹
457 5586 469 5613 «
486 5565 769 5621 utintressubtectum
777 5578 869 5620 meum
924 5563 970 5623 bia
984 5565 1150 5623 naturalium
1177 5580 1318 5624 ramomm
1330 5564 1403 5635 justa
1422 5563 1471 5620 llei
1481 5565 1627 5622 severitate
1651 5580 1720 5621 eon-
