3728 6000
56 285 111 344 uti

469 276 526 335 ttu.
548 276 594 332 DE
606 272 858 331 ltlsultttjttlthtt
874 269 917 327 ET
931 273 1086 330 tt'ssstl'stn
1114 307 1147 316 —
1163 277 1247 333 tatus
1261 280 1280 335 l.

1663 291 1713 342 878

58 416 141 483 dens,
156 415 220 471 dum
233 413 295 469 loco
309 410 461 466 delectatur
475 407 580 481 gloriae,
604 406 649 461 liat
673 403 790 462 subditis
812 419 863 458 au·
878 402 907 463 A
924 409 1003 457 tatem
1019 419 1122 459 eornm.
1139 405 1298 462 sicutenim
1324 408 1365 463 sol
1390 408 1417 462 in
1448 425 1477 465 sc
1505 409 1617 482 <puidam
1645 411 1715 468 laeua

57 514 118 562 ctor
131 505 252 561 ruinae·
271 503 337 557 ltem
355 500 407 555 leo
423 499 449 552 in
463 498 581 553 decretis
604 496 668 562 suis,
689 510 749 565 cap.
775 496 808 547 l8
822 493 860 546 Da

58 596 142 652 malis
155 593 297 665 praelatis;
323 590 412 644 ·Non
433 596 483 642 —cst
512 585 654 642 consulere
680 582 797 655 populis,
813 580 861 636 sed

57 699 163 742 nocere
178 701 186 749 3
203 697 253 737 nec
267 688 388 751 prestare
404 678 539 749 regimen,
555 675 603 729 scd
628 690 728 745 angere
757 672 860 726 discri-

54 791 131 829 rnen.
150 796 161 821 u
179 772 322 843 Integritas
337 769 409 824 enirn
424 765 628 837 praesidentium
643 763 716 817 salus
735 769 776 815 est
791 761 859 814 sub-

55 863 193 918 ditorum.
210 860 307 914 Nonne
322 856 394 912 eninr
416 853 598 926 periculosum
628 860 668 905 cst
683 850 722 904 eis
736 851 857 915 subesse,

54 950 428 1023 relqaaelibetsacramenta
452 959 469 997 a
497 942 599 996 talibus
629 939 786 995 consecrari
816 938 859 994 rel

55 1041 204 1111 suscipere,
235 1037 299 1108 qnia
334 1034 484 1089 secundum
521 1032 571 1085 has
604 1029 777 1086 auctoritates
804 1043 860 1082 non

55 1129 146 1184 solum
158 1127 298 1199 prodesse,
313 1124 364 1178 sed
379 1123 461 1176 etiarn
477 1121 618 1174 videantur
632 1134 733 1174 nocere
749 1118 764 1170 ‘t
779 1116 859 1185 Quod

56 1234 120 1272 eum
136 1216 256 1272 maxima
272 1211 417 1269 concordia
433 1217 646 1278 caeterorumque
669 1208 775 1261 Petrum
792 1222 858 1259 saa-

52 1315 163 1363 ctorum
177 1300 428 1372 estaccipiendam,
448 1307 474 1353 ct
488 1297 531 1367 pie
560 1296 747 1365 catholiceque
778 1293 859 1349 resol-

55 1394 186 1451 vendum.
204 1392 342 1461 Quantum
359 1388 431 1443 enirn
456 1387 489 1441 ad
518 1387 658 1441 raritatem
687 1382 856 1447 sacramenti,

56 1479 349 1544 necabonomelins,
369 1493 420 1531 nec
450 1493 464 1529 a
495 1476 568 1529 malo
598 1473 687 1545 pejuS,
718 1471 860 1528 carrheitnr

57 1572 213 1628 sacerdote.
231 1568 366 1638 Quantum
383 1580 448 1621 roro
465 1565 497 1619 ad
513 1565 640 1618 virtutem
655 1563 818 1616 sacramenti
833 1567 859 1615 ct

57 1660 186 1717 ellectum
202 1674 252 1730 pro
268 1656 320 1710 lide
331 1664 357 1710 et
373 1654 477 1709 tneritis
502 1653 664 1708 sumentium
690 1651 770 1705 datur
798 1649 859 1703 aliis

915 493 962 548 sed
992 502 1080 548 tamen
1103 511 1153 548 sna
1182 496 1318 565 presentie
1345 512 1447 553 caecum
1477 498 1632 555 illuminare
1658 517 1714 556 uon

914 582 984 638 valet
999 602 1006 644 ;
1023 584 1062 637 sic
1076 600 1126 654 pro
1150 585 1229 637 malis
1251 586 1306 639 suis
1336 588 1436 641 meritis
1463 605 1516 643 uon
1546 597 1651 659 poterat
1675 590 1714 645 eis

914 669 1012 726 Christi
1029 672 1106 743 signa
1121 673 1217 727 salotis
1232 675 1312 730 dare.
1331 676 1408 730 l'nde
1432 685 1459 731 et
1478 676 1550 731 idem
1581 678 1713 749 Hierony-

914 777 974 814 mus
995 760 1191 830 subsequenter
1218 762 1318 831 adjecit
1344 765 1378 818 de
1407 765 1485 820 malis
1514 768 1710 836 sacerdotibus,

914 849 1006 903 dicens
1023 864 1029 903 ε
1043 870 1054 900 ι
1073 850 1111 904 De
1123 850 1219 919 quihus
1230 852 1344 907 dicitur:
1363 853 1396 906 Et
1407 855 1535 909 sacerdos
1551 856 1578 909 in
1592 873 1712 927 quacun·

914 955 966 1008 que
983 938 1062 992 luerit
1080 940 1194 1007 macula,
1225 957 1280 995 non
1310 942 1419 997 accedet
1446 943 1545 998 ollerre
1560 944 1712 1000 oblationes

913 1028 1041 1082 Domino.
1059 1028 1125 1081 Cum
1142 1029 1193 1084 hoo
1217 1029 1315 1083 iaciant
1342 1031 1509 1098 sucerdoteS,
1538 1033 1712 1088 nihilominus

913 1117 1033 1171 clemens
1047 1117 1175 1185 etjustus
1196 1122 1237 1172 est
1264 1120 1418 1174 Dominus:
1448 1121 1666 1194 clernens,quor‚l
1696 1139 1713 1179 a

914 1222 962 1259 sna
976 1205 1099 1260 Ecclesia
1115 1222 1168 1261 non
1184 1205 1295 1272 recedit,
1313 1224 1360 1278 per
1375 1209 1475 1264 scilicet
1494 1211 1561 1266 tales
1575 1212 1712 1268 ministres

913 1295 1086 1365 praesentiam
1116 1305 1142 1348 et
1170 1295 1311 1349 veritatem
1339 1307 1573 1353 sacramentorum
1601 1317 1712 1356 suornm

913 1382 1066 1438 exlribendo
1081 1384 1114 1437 ad
1130 1383 1244 1437 salutern
1256 1385 1421 1440 credentium
1433 1388 1532 1456 justus,
1549 1389 1576 1442 in
1591 1405 1623 1444 eo
1639 1391 1713 1461 qarod

913 1471 1000 1525 reddit
1012 1471 1156 1541 uuicuique.
1172 1473 1242 1541 qttod
1259 1482 1385 1538 atteretur,
1411 1485 1438 1528 ut
1461 1476 1562 1531 scilicet
1586 1478 1618 1530 sil
1643 1495 1712 1547 ptru-

914 1561 955 1614 ris
971 1561 1004 1613 ed
1017 1559 1149 1630 judicium
1165 1562 1192 1614 in
1208 1562 1263 1615 suis
1282 1565 1474 1618 succurrentis.
1503 1566 1585 1634 Cujus
1611 1567 1709 1636 jaalicii

915 1648 1079 1704 evidentiam
1098 1665 1150 1703 non
1162 1650 1188 1703 iu
1199 1652 1335 1720 praesenti,
1346 1653 1393 1706 sed
1409 1653 1435 1705 iu
1446 1653 1533 1707 luturo
1542 1654 1713 1711 rotelandam

58 1751 96 1806 ad
111 1748 227 1804 salutem
243 1745 304 1800 aliis
319 1743 507 1814 adjudicium.
531 1740 610 1810 Quod
628 1740 685 1811 ipse
701 1739 784 1794 etiarn
795 1739 857 1792 bea·
876 1737 1030 1821 Barljecit.
1056 1738 1200 1809 Postquam
1230 1739 1303 1793 enim
1330 1741 1473 1795 advenerit
1501 1759 1590 1809 titane,
1618 1753 1714 1799 ctnox

59 1848 105 1894 lus
120 1837 309 1906 Hieronymus,
326 1833 389 1887 licet
404 1832 477 1886 aliud
490 1831 720 1885 rideatnrsonare
733 1829 758 1881 in
770 1826 863 1882 verbis
918 1827 997 1895 huius
1013 1828 1105 1882 saeculi
1119 1827 1316 1897 pertransierit,
1339 1829 1413 1883 dabit
1442 1830 1468 1883 iu
1496 1830 1556 1886 luce
1581 1831 1715 1900 jediciurn

59 1925 207 2000 qrribusad
230 1922 393 1978 munditiam
424 1919 484 1975 ritae
509 1919 664 1974 sacerdotes
694 1916 861 1981 hortabatur,
917 1931 1005 1981 suunt,
1023 1920 1051 1969 et
1076 1916 1208 1986 superbos
1224 1917 1373 1988 principes,
1390 1919 1488 1990 qrdbus
1516 1920 1616 1976 resistit
1630 1923 1714 1992 Deus,

60 2013 271 2072 tamena-isdem
289 2011 345 2066 suis
374 2010 467 2064 rerhis
495 2017 520 2063 et
549 2007 693 2063 ueritatem
723 2012 863 2060 attestatur
917 2004 980 2074 quia
1003 2004 1097 2058 nolunt
1119 2004 1145 2060 ci
1174 2006 1295 2070 subesse,
1325 2008 1358 2061 de
1386 2008 1518 2064 cathedtis
1546 2010 1604 2065 suis
1629 2019 1656 2066 et
1681 2013 1716 2068 de
1802 2008 1805 2013 ’

58 2103 225 2162 sacramenti
237 2099 426 2156 sacerdotibus
447 2098 536 2161 malis,
554 2105 579 2151 et
595 2096 746 2151 secundum
765 2093 863 2148 merita
918 2091 1035 2147 culmine
1051 2094 1123 2163 quod
1138 2095 1267 2148 tenebant
1283 2095 1350 2165 tut).

59 2209 166 2256 eorum,
183 2191 330 2245 malaesse
348 2188 387 2242 eis
416 2187 450 2242 ad
473 2186 606 2255 judicium
633 2185 763 2238 minatur.
792 2182 864 2236 Dixit
955 2182 1368 2255 laquonotendumestquod
1385 2185 1491 2241 scilicet
1517 2187 1579 2241 mali
1610 2189 1717 2260 praelati

60 2283 136 2338 enim
151 2295 197 2335 cos
212 2277 382 2334 eucharistia
399 2275 501 2330 sarrire
530 2291 563 2328 ex
592 2271 754 2329 sacerdotali
782 2270 864 2324 mini·
919 2270 1064 2325 cathedras
1079 2277 1105 2324 et
1121 2271 1228 2326 culmen
1244 2281 1480 2328 sacramentorum
1496 2282 1588 2332 tenere
1603 2279 1718 2334 creden-

61 2371 164 2426 sterio:
180 2384 243 2439 quae
255 2368 278 2422 si
295 2366 336 2421 rel
352 2365 413 2428 sihi,
430 2364 472 2420 rel
484 2364 528 2418 alii
540 2362 704 2417 eucharistia
715 2376 767 2415 non
781 2367 863 2427 essct,
920 2359 948 2411 di
963 2367 1034 2424 sunt,
1050 2359 1115 2413 dum
1132 2360 1233 2426 vivunt,
1252 2363 1423 2430 quemviseis
1435 2364 1507 2418 Deus
1520 2365 1624 2421 resistat
1634 2384 1720 2440 quan·

62 2453 470 2516 serrirceosnondiceretilli
499 2451 537 2507 rei
564 2468 624 2521 qum
651 2451 765 2506 omnino
793 2449 865 2504 nulla
919 2451 977 2501 turn
993 2447 1027 2501 nd
1043 2448 1115 2502 mala
1131 2465 1178 2502 saa
1194 2449 1281 2504 verita
1296 2451 1324 2504 in
1337 2450 1414 2520 ipsis,
1431 2452 1517 2508 donec
1528 2455 1636 2510 tandem
1648 2458 1721 2511 Deus

63 2555 147 2607 esset.
175 2545 245 2601 Dicit
272 2543 351 2598 etiam
381 2542 453 2612 quod
480 2543 640 2612 sauguinem
679 2538 787 2594 Domini
815 2554 865 2608 po·
921 2551 969 2590 eos
987 2534 1109 2590 detrahat
1126 2537 1159 2591 de
1171 2538 1307 2592 cathedris
1323 2555 1391 2608 ques
1406 2539 1515 2594 interim
1541 2548 1643 2612 tenent,
1669 2545 1722 2601 nisi

63 2631 376 2707 pulisejusdiridunt:
408 2630 434 2683 in
459 2645 512 2698 quo
541 2628 592 2683 nisi
621 2628 763 2682 veritatem
778 2634 867 2680 atten-
922 2624 998 2695 prius
1014 2626 1200 2697 corrigantur,
1218 2636 1263 2682 aut
1278 2627 1394 2698 depositi
1419 2630 1585 2699 puniantur:
1616 2641 1643 2688 ct
1670 2635 1722 2691 hoc

63 2724 144 2780 deret
171 2720 347 2786 sacramenti,
378 2735 428 2774 nec
456 2718 524 2772 illud
562 2717 724 2788 sanguinem
759 2715 867 2771 Domini
922 2712 1031 2784 quidem
1047 2714 1199 2768 tenendum
1216 2723 1256 2769 est
1271 2716 1304 2771 de
1320 2716 1362 2770 his
1378 2717 1423 2788 qui
1439 2718 1474 2771 ed
1495 2719 1626 2785 judicium
1642 2712 1727 2778 snum'

63 2811 181 2877 diceret,
195 2808 268 2881 quod
281 2812 392 2878 sanguis
407 2822 460 2859 nou
476 2814 532 2872 est;
546 2821 596 2859 uec
611 2802 727 2874 populos
742 2805 810 2871 ejus,
821 2802 868 2856 sed
923 2801 1113 2854 eucharistiam
1131 2801 1330 2857 administrant.
1348 2803 1401 2858 Sed
1424 2805 1496 2874 t1uod
1513 2806 1663 2880 Gregorius
1678 2810 1722 2864 di·

65 2917 101 2955 ex
117 2899 163 2954 ills
178 2896 370 2953 communione
391 2894 481 2965 legem
497 2892 597 2948 Christi
612 2902 737 2962 putantes
763 2892 869 2946 eucha-
923 2890 958 2945 oit
975 2908 981 2944 :
1001 2913 1011 2937 ·
1030 2889 1109 2958 Quia,
1127 2907 1188 2946 curn
1215 2891 1341 2960 displicet
1366 2895 1409 2965 qni
1433 2895 1467 2950 ad
1495 2896 1725 2955 intercedendum

66 2988 175 3045 ristiem
191 2984 366 3056 imprecantis
382 2983 464 3039 rerba
495 2980 581 3036 lacere
609 2998 665 3036 uon
694 2980 784 3037 ritum.
808 2981 869 3035 Non
922 2978 1046 3046 mittitur,
1064 2980 1124 3033 irati
1147 2981 1253 3034 anianus
1282 2983 1316 3037 ad
1345 2983 1477 3039 deteriora
1507 2997 1678 3056 provocatur,
1696 2998 1724 3046 ct

65 3076 133 3131 dicit
146 3090 195 3130 eos
210 3073 277 3127 laiso
291 3088 376 3144 agere
391 3078 592 3125 sacramentum
607 3069 707 3123 Christi
737 3068 786 3122 scd
814 3067 867 3121 im·
893 3112 907 3138 Ἰ
924 3070 975 3123 hoc
990 3068 1071 3122 modo
1085 3069 1146 3123 talis
1162 3069 1329 3126 intercessor
1344 3071 1372 3125 fit
1383 3074 1495 3129 subditis
1507 3080 1722 3136 auclorruina.»

64 3165 154 3236 pieet
176 3163 330 3234 irreligiose
357 3176 440 3232 agere
469 3159 496 3212 in
523 3159 612 3230 legem
641 3157 744 3212 Christi
762 3175 769 3219 ;
789 3156 866 3227 quia,
925 3157 964 3211 Dc
979 3157 1031 3210 illis
1046 3157 1161 3211 subditis
1176 3159 1252 3226 dicit,
1270 3160 1315 3231 qtti
1331 3176 1364 3215 ex
1392 3162 1523 3217 industria
1549 3167 1724 3241 malosprce-

65 3254 133 3309 dum
149 3252 176 3306 in
192 3266 246 3307 uno
260 3248 411 3316 offendunt,
426 3247 548 3302 omnium
570 3254 632 3300 surrt
660 3245 709 3313 rei,
737 3245 869 3300 sumendo
924 3246 1143 3318 lutoseligendo,
1161 3248 1288 3302 velmale
1307 3250 1555 3309 eisconsentieudo
1572 3258 1614 3311 rel
1643 3261 1724 3316 ctiam

65 3339 257 3412 adjudicium,
273 3338 337 3392 dum
352 3345 461 3392 sutnuut
477 3337 548 3391 ntale
572 3335 644 3405 «ruod
674 3342 716 3389 est
741 3333 867 3393 honum
925 3343 1055 3398 imitando
1079 3360 1126 3398 aas
1149 3345 1250 3399 hahent
1270 3355 1395 3401 auctores
1410 3347 1504 3415 ruina,
1529 3369 1597 3422 qnos
1619 3355 1724 3414 hahere

66 3437 190 3487 errantes
206 3436 231 3484 et
254 3435 379 3498 putantes
401 3425 490 3495 ipsum
515 3431 716 3480 sacramentum
744 3422 869 3492 corporis
924 3431 1070 3486 debueram
1086 3441 1204 3488 rectores
1218 3434 1289 3503 ritca,
1308 3435 1371 3489 datm
1388 3436 1426 3490 eis
1444 3436 1564 3505 jtalioern
1588 3459 1643 3497 uon
1664 3446 1723 3516 pla-

67 3525 95 3576 εἰ
110 3518 252 3590 sanguinis
268 3514 377 3571 Domini
394 3515 487 3569 sflssffl'e
501 3513 553 3567 Sibi
573 3512 776 3578 eucharistiam,
791 3511 818 3566 id
829 3518 869 3566 ⁰⁸²
924 3526 996 3589 caat,
1013 3521 1110 3591 quihus
1125 3522 1208 3576 etiarn
1224 3532 1390 3594 peceatasna
1410 3528 1628 3585 communicant:
1652 3535 1724 3602 quod

68 3624 123 3664 ¹10ss
136 3605 281 3676 judicimus
298 3605 345 3660 Sed
360 3604 462 3658 bimam
484 3601 600 3674 gilliam
616 3610 642 3656 01
669 3601 786 3655 salutem
815 3600 868 3654 im·
924 3610 1129 3664 etiatunotatur
1148 3612 1342 3667 curndicitur:
1368 3612 1419 3681 Qui
1443 3615 1477 3668 ad
1500 3615 1722 3679 intercedendum

65 3695 203 3768 precantis
219 3701 325 3748 tautum
342 3691 426 3746 rerba
441 3707 497 3747 nou
512 3692 607 3753 ritarn,
631 3707 693 3745 curn
715 3691 869 3759 imprecatu·
923 3696 1049 3752 udaiaus,
1069 3699 1176 3754 Revera
1190 3700 1263 3755 enim
1277 3703 1299 3755 si
1314 3718 1366 3772 pro
1384 3718 1450 3772 pace
1474 3704 1604 3762 Ecclesiae
1614 3727 1722 3779 praesu.

66 3786 100 3840 tis
114 3784 199 3842 rerba
213 3781 347 3837 solemnia
362 3779 526 3836 sacramenti
548 3778 688 3850 perficiunt
712 3779 866 3845 ceritatem,
923 3802 993 3852 mus,
1012 3786 1149 3841 vitandum
1166 3790 1337 3844 0510022123
1360 3792 1393 3844 ad
1414 3793 1635 3852 intercedendum
1658 3801 1722 3856 mit·

67 3890 123 3929 uon
156 3872 295 3938 salutem;
325 3869 419 3924 rnerita
448 3885 513 3924 vero
540 3868 700 3922 sacramenti
728 3867 868 3922 obtineant
922 3876 1721 3958 ramus,UnituaitAposrotus:Erunttencporapm'cp.

65 3961 194 4019 effectum
209 3960 297 4014 solum
314 3968 339 4013 ⁰1
354 3958 514 4023 Ssslsslesshel
531 3956 691 4012 ¹¹0⁰t'01'ht·
710 3956 778 4010 Cum
793 3955 866 4010 essim
922 3964 988 4033 losa,
1005 3982 1069 4020 curn
1080 3982 1137 4019 raon
1152 3967 1335 4022 sustinebant
1359 3985 1458 4024 situram
1479 3972 1652 4037 (lectricum,
1674 3979 1722 4034 scd

65 4051 131 4107 illud
147 4051 183 4105 Sil
198 4057 401 4105 Sacramentum
414 4047 442 4101 in
457 4046 566 4101 t'ssfllale
586 4061 636 4100 sua
664 4045 773 4099 omnim
803 4044 866 4098 uni·
920 4054 1361 4126 couceruodunlaihimrtpistros,
1384 4062 1674 4129 prurientesauribus
1687 4068 1725 4133 (ll

63 4139 186 4206 modurn,
202 4138 238 4193 ad
253 4137 391 4206 duplicem
414 4144 505 4191 tamen
532 4135 653 4189 variatur
681 4131 804 4188 effectura
834 4136 867 4187 ut
923 4142 1092 4210 muratel).
1107 4142 1184 4209 erod
1196 4144 1218 4197 si
1234 4145 1342 4215 (parando
1357 4163 1406 4216 pro
1423 4150 1592 4217 necessitate,
1614 4155 1656 4210 vel
1672 4173 1720 4227 pro

63 4229 147 4285 bonis
162 4228 196 4283 sit
211 4225 373 4282 eucharistia
387 4225 493 4290 salutis,
511 4223 589 4277 malis
613 4239 682 4279 vero
710 4221 865 4276 damnatio·
921 4230 1062 4284 tolerantia
1086 4230 1112 4284 id
1133 4231 1255 4297 lucinam,
1278 4250 1332 4287 non
1356 4252 1494 4290 consensu
1517 4241 1626 4296 malitiae
1648 4244 1709 4313 ejus

64 4318 107 4372 nis
119 4316 267 4386 judicium.
287 4315 361 4370 Unde
381 4313 468 4368 etiam
484 4312 575 4366 subdit
592 4327 641 4367 eos
668 4311 749 4380 impie
768 4325 864 4381 agere,
919 4318 968 4374 sed
988 4335 1020 4373 ea
1038 4318 1091 4373 fide
1116 4320 1265 4376 saeitnnus:
1290 4330 1317 4375 ut
1339 4338 1401 4378 curn
1431 4325 1548 4381 sciamus
1567 4330 1648 4383 etiaim
1669 4301 1721 4402 pert

63 4412 191 4477 putantes
205 4405 240 4459 ad
255 4403 407 4459 faciendam
422 4410 448 4456 ct
471 4401 644 4455 obtinendam
668 4398 862 4454 castrans-tiam
922 4407 1010 4462 malos
1023 4408 1206 4463 administrari
1222 4426 1271 4481 per
1285 4427 1316 4465 se
1330 4411 1475 4480 cujuslibet
1490 4420 1653 4474 sacr-amenti
1674 4440 1720 4477 rc-

62 4501 167 4550 tautnm
179 4509 242 4550 esse
269 4491 453 4548 necessariam
478 4491 628 4544 solemnem
658 4489 745 4544 oratio
758 4488 904 4581 oratio-D
921 4496 1038 4563 ritatem,
1055 4497 1201 4552 apellamus
1217 4514 1271 4553 noa
1292 4516 1342 4569 per
1356 4517 1396 4567 ea,
1411 4501 1460 4555 sed
1485 4519 1534 4572 per
1558 4505 1647 4576 ipsum
1671 4527 1719 4565 sa.

62 4600 139 4654 uem,
151 4591 179 4638 et
191 4598 246 4638 non
259 4581 432 4637 sacerdotum
448 4578 555 4634 merite.
575 4577 710 4634 Solemnis
721 4576 792 4633 enim
803 4591 863 4632 ora·
918 4593 1088 4639 crementum
1102 4585 1128 4639 in
1144 4586 1230 4656 gratia
1248 4587 1335 4643 sancti
1356 4588 1474 4659 Spiritus
1498 4592 1604 4650 dcrotis
1629 4605 1654 4652 ct
1673 4599 1718 4654 di-

63 4673 102 4728 tio
115 4670 248 4727 sacerdoti
258 4669 418 4726 sacramenti
432 4667 512 4723 edicit
529 4667 670 4723 veritatem
687 4682 693 4736 ;
711 4667 806 4722 merita
818 4681 864 4721 ve·
917 4674 979 4744 gnis
993 4673 1136 4745 provenire
1152 4675 1279 4730 salutem,

62 4759 206 4817 resolutis
220 4761 278 4830 ejus
292 4758 416 4814 obtinent
430 4756 557 4813 etl'ectum
579 4764 605 4812 et
620 4756 771 4811 virtutamt.
786 4755 864 4811 Unde

61 4848 212 4921 Gregorius
226 4848 254 4902 in
271 4846 324 4902 line
339 4846 517 4918 Dialogorum
537 4844 596 4916 (lib.
626 4860 665 4912 rr,
693 4861 757 4916 cap.
791 4844 861 4913 60);

65 4959 76 4986 ι
93 4938 168 4994 Tunc
183 4937 255 4991 euim
266 4937 323 4990 Deo
338 4949 387 5006 pro
401 4935 482 4989 uobis
501 4934 619 4989 hostiam
647 4949 741 4989 reram
770 4931 864 4988 oileri-

61 5041 134 5094 mus,
149 5024 172 5080 si
195 5040 247 5080 nos
273 5025 350 5094 ipsos
377 5023 402 5078 ei
431 5021 548 5078 hostiam
576 5021 765 5077 fecerimus.»
795 5022 865 5090 Quia

62 5122 128 5170 tuno
139 5113 244 5170 scilicet
259 5113 355 5167 salutis
371 5109 506 5177 effectum,
531 5126 612 5182 quern
641 5110 785 5180 promittit,
801 5127 865 5181 per-

919 4799 981 4853 Car.
995 4798 1024 4851 L.
1044 4798 1119 4864 Quod
1135 4799 1165 4853 in
1189 4803 1289 4855 carecta
1307 4800 1432 4857 Ecclesia
1452 4802 1576 4873 Spiritus
1597 4817 1717 4871 sanctas

952 4884 1003 4939 per
1017 4870 1158 4926 enatorum
1172 4872 1365 4926 ricinisterium
1379 4873 1477 4943 probas
1487 4878 1605 4948 collipit,
1618 4888 1646 4937 et
1658 4903 1716 4942 reon

955 4940 1717 5066 {ieelimEcclesiumediscanteccetnmunicaticthiere·

956 5109 1033 5165 Unde
1047 5112 1216 5183 liugnstinus
1232 5113 1265 5168 de
1291 5113 1460 5186 blasphemia
1484 5119 1600 5190 Spiritus
1615 5126 1713 5195 (serm.

62 5203 143 5260 ficies,
160 5203 237 5259 Unde
250 5207 278 5258 et
292 5201 423 5264 Christus,
441 5216 505 5256 cum
517 5201 543 5253 in
554 5200 640 5269 patria
651 5215 701 5253 sua
715 5201 865 5269 praesentiae
920 5201 964 5266 il,
985 5216 1012 5253 n.
1029 5199 1115 5263 illim
1134 5201 1248 5271 Spiritus
1259 5203 1287 5256 in
1311 5213 1404 5259 sancta
1422 5207 1547 5264 Ecclesia
1569 5215 1650 5268 etiarn
1667 5217 1718 5272 isto

64 5310 123 5349 suae
149 5291 295 5348 exhiheret
322 5290 471 5356 veritatem,
501 5288 605 5343 nullum
639 5296 729 5342 tamen
759 5295 866 5357 poterat
920 5297 1123 5360 temporaque
1146 5291 1218 5345 velut
1239 5308 1301 5347 area
1326 5309 1390 5348 oum
1411 5296 1489 5364 palea
1509 5301 1655 5372 trituratur,
1680 5305 1719 5362 sic

65 5396 167 5441 exerce
186 5380 324 5448 virtutem,
348 5387 375 5435 ct
401 5378 551 5434 mirabatur
578 5385 689 5448 propter
715 5377 866 5432 increduli·
921 5387 1057 5450 operatur,
1074 5386 1103 5434 ut
1116 5379 1215 5434 nullius
1227 5396 1319 5437 iterum
1335 5382 1533 5442 contessionem
1548 5402 1717 5464 aeternetur,

96 5615 155 5686 (ot)
176 5611 291 5672 Videtur
301 5611 399 5670 deesse
413 5611 562 5681 subvertet,
578 5613 631 5667 aut
643 5610 738 5668 simile
752 5610 833 5667 atiud
848 5612 970 5669 uerbum.
