3728 6000
374 244 424 303 btt
440 241 741 303 nastauuartorte
758 242 916 302 ABBATIAE
934 247 963 303 S.
984 244 1132 303 MAthNi
1149 246 1303 306 TORMC.

1587 248 1641 309 130

82 370 288 427 interveniente
306 370 435 443 religioso
462 370 522 426 viro
550 370 646 426 Alviso
672 372 791 427 Atreba-
810 380 833 431 Α
852 386 917 426 nuos
929 386 1051 442 quosque
1062 373 1324 446 hominesquatenns
1337 372 1487 428 Jerusalem
1497 373 1531 427 ad
1541 382 1640 431 terram

82 462 227 532 episcopo,
243 459 336 530 paucis
357 459 521 529 interpositis
536 458 632 515 diebus
654 477 731 532 papae
744 476 796 515 arr-

82 547 219 621 petitioni.
240 548 338 618 Sicque
361 563 465 602 novum
493 547 652 619 episcopum
678 550 704 603 in
730 548 796 604 sede

84 636 143 692 cali
158 636 322 708 recepimus.
339 634 416 691 atius
437 634 519 691 etiam
543 636 645 692 litteras
667 637 796 706 episcopo

82 724 176 780 mensi
191 723 303 796 legarit,
320 723 348 777 in
376 722 473 793 quibus
486 739 548 778 eum
559 722 753 778 exhortabatur
767 733 798 778 ut

84 820 128 868 ter
142 813 232 868 ferret
253 812 442 867 Tornaoenses
456 813 596 882 proprium
619 813 718 867 hahere
733 811 794 881 epi-

82 917 117 969 ιι,
132 910 163 956 et
186 917 221 956 no
242 900 284 955 uel
309 916 357 970 per
374 914 413 964 se,
433 900 475 954 vel
496 915 548 970 per
568 899 718 969 subjectam
743 899 795 955 sibi

82 1003 142 1044 earn
158 989 183 1044 ei
198 988 316 1060 aliquam
329 987 480 1043 molestiam
491 986 594 1043 inferre
605 995 792 1059 praesumeret.

82 1077 205 1149 politano
224 1092 332 1149 qunque
356 1076 481 1131 Remensi
508 1084 534 1130 et
555 1075 794 1145 comprovinciali-

83 1164 208 1237 piscopis
230 1164 370 1219 mandarit
393 1171 525 1233 quatenus
546 1179 609 1219 eum
631 1172 793 1219 manutene-

82 1261 108 1309 ιι
127 1254 157 1308 in
179 1253 307 1308 omnibus
319 1253 455 1323 jurarent,
472 1259 553 1322 atque
575 1251 609 1306 ab
632 1250 705 1307 omni
720 1268 793 1323 prae·

82 1341 152 1397 ‚ione
167 1342 323 1413 episcopum
331 1341 544 1396 Noviomensem
554 1339 684 1395 desistere
699 1356 794 1396 mone·

82 1439 106 1487 et
126 1445 189 1486 cum
205 1445 239 1485 eo
257 1430 291 1484 ad
314 1444 408 1499 pacem
422 1429 633 1484 concordarent.
653 1427 706 1482 Sed
721 1428 793 1483 idem

851 471 929 524 quarn
945 454 1066 511 Christus
1078 474 1129 512 sua
1137 459 1280 529 praesentia
1294 455 1478 521 serrctificavit,
1488 468 1642 529 pergerent,

850 551 875 597 et
892 542 960 597 iiues
975 542 1037 597 illos
1052 545 1128 614 quia
1147 546 1277 617 gentibus
1292 545 1522 601 conculcabantur
1543 546 1641 602 delen·

848 629 956 695 dorent,
980 639 1008 685 et
1030 629 1123 687 ditioni
1146 632 1360 687 Christianorum
1383 631 1541 690 subderent.
1559 634 1642 704 Cujus

849 717 1039 772 exhortatione
1061 719 1173 774 animati
1199 719 1353 776 hadericus
1368 736 1415 774 rex
1437 721 1601 778 Francorum
1615 730 1642 777 et

849 804 902 860 dur
930 806 1134 876 Aquitanorum,
1164 807 1429 878 Conradusquoque
1458 808 1642 865 homanorum

848 895 1002 963 imperator,
1022 901 1049 949 et
1068 911 1117 950 rex
1141 896 1358 960 Teutonicornm,
1372 896 1472 966 junctis
1494 897 1545 951 sibi
1569 913 1641 953 non-

848 981 929 1036 nullis
939 981 1120 1053 principibus,
1137 998 1199 1039 cnm
1210 983 1300 1038 multis
1311 984 1463 1056 legionibus
1471 983 1642 1042 Christiano·

848 1085 909 1123 rum
920 1069 983 1124 illuc
997 1078 1219 1140 properaverunt.
1230 1072 1351 1126 Domnus
1361 1072 1443 1126 etiarn
1457 1072 1642 1129 llerimannus

848 1156 984 1227 quondam
998 1157 1086 1212 abbas
1100 1166 1195 1213 noster
1209 1175 1268 1214 oum
1284 1159 1388 1214 eisdem
1405 1159 1571 1231 principibus
1584 1162 1642 1234 glo·

847 1245 949 1299 riosum
964 1244 1071 1300 Domini
1082 1246 1146 1300 lesu
1157 1247 1256 1301 Christi
1271 1247 1423 1317 sepulemm
1432 1247 1549 1303 invisere
1557 1249 1641 1306 multo

847 1332 946 1388 ardore
974 1333 1079 1402 sitiens,
1107 1349 1179 1390 anno
1210 1334 1356 1390 [lominica
1388 1336 1593 1404 iucarnationis,
1613 1337 1642 1392 ni

848 1420 927 1475 tator
954 1422 1032 1487 1117,
1052 1422 1249 1494 lerosolymam
1264 1422 1394 1494 religioso
1422 1438 1483 1478 curn
1510 1433 1642 1495 apparatu

82 1536 90 1573 ι
118 1519 279 1572 mitissimus
306 1519 388 1571 homo
415 1527 483 1581 erar,
514 1524 541 1572 et
568 1516 793 1572 malefactoribus
843 1514 883 1563 tre
898 1511 1028 1579 perrexit.
1039 1511 1068 1563 ln
1084 1510 1177 1565 itinere
1189 1510 1253 1581 qnid
1264 1512 1360 1582 egerit,
1380 1519 1471 1565 actum
1485 1511 1548 1581 qnid
1562 1512 1596 1567 de
1608 1528 1641 1568 eo

82 1608 232 1663 retribuere
246 1605 395 1660 nesciebat.
420 1606 497 1662 Unde
517 1604 618 1660 tactum
635 1614 675 1659 est
689 1612 717 1659 ut
742 1622 793 1660 ne.
847 1597 882 1649 ait
897 1597 962 1650 nibil
978 1597 1046 1651 certi
1062 1597 1213 1663 lrabemua;
1230 1597 1273 1652 alii
1289 1599 1359 1651 anim
1375 1613 1427 1667 pro
1443 1598 1542 1653 Christi
1556 1600 1642 1654 nomi·

82 1695 165 1763 erbo,
187 1695 230 1750 uel
248 1694 321 1749 iacto
345 1696 440 1748 eontra
465 1701 630 1762 praereptum
652 1708 730 1762 papae
749 1691 793 1745 la·
847 1699 881 1738 ne
906 1694 932 1738 et
953 1685 1072 1752 proximi
1092 1685 1237 1741 dilectione
1262 1686 1468 1755 martyrizatum,
1486 1687 1531 1741 alii
1553 1689 1642 1758 capti·

82 1792 213 1846 tentaret;
242 1782 409 1851 quodetiam
438 1781 657 1836 adnubilitatem
687 1780 795 1851 generis
847 1789 909 1827 vum
924 1773 1068 1827 abductum
1084 1773 1214 1827 referunt.

82 1871 213 1927 minabat.
236 1871 281 1926 Sic
297 1886 365 1941 ergo
380 1871 452 1925 Deus
473 1869 608 1924 ordinarit
629 1877 658 1923 ut
672 1869 793 1923 llerber-

81 1969 91 2014 t
116 1960 240 2015 Absalon
264 1958 380 2014 Tornaoi
409 1959 576 2029 eligerentur
591 1964 618 2011 et
644 1955 792 2011 hoselmus

82 2055 313 2104 rmnsecraretur.
336 2046 381 2101 Sic
397 2047 468 2100 Deus
487 2045 606 2116 permisit
621 2052 650 2099 ιιι
674 2044 794 2099 Pascha·

85 2133 258 2187 innocentius
273 2129 389 2185 Tornaoi
402 2130 529 2197 juberent
550 2129 607 2183 tiori
623 2128 793 2193 electionem,

82 2217 186 2289 ugonius
224 2216 318 2272 Romae
346 2214 446 2269 laceret
471 2212 719 2269 consecrationem.
751 2210 796 2265 Sic

90 2299 224 2370 disposuit
238 2306 268 2353 nt
289 2299 425 2354 Gunterus
440 2306 466 2353 et
481 2296 664 2352 Theodericus
684 2310 795 2365 praepo-

82 2388 219 2444 rborarent
237 2388 267 2441 in
290 2386 429 2453 electione,
447 2394 475 2441 et
498 2385 641 2440 Letbertns
665 2383 796 2455 gauderet

83 2480 126 2530 cta
144 2473 360 2530 consecratione.
379 2470 433 2526 atii
453 2486 520 2543 ergo
544 2470 692 2525 secundum
709 2484 794 2523 eran·

82 2576 111 2617 rn
134 2560 297 2617 sententiam
322 2559 528 2623 laboraverunt,
544 2562 571 2612 et
596 2558 738 2613 Letbertns
767 2557 795 2610 in

82 2664 105 2704 ss
121 2662 217 2704 eorum
242 2646 373 2701 introivit.
386 2645 436 2700 lilii
452 2645 663 2710 seminaveruut,
681 2643 795 2698 Letber-

82 2737 188 2793 ressuit.
208 2734 372 2790 benedictus
386 2734 459 2789 Deus
483 2734 528 2805 qni
549 2747 707 2803 prosperum
732 2730 795 2788 iecit

82 2826 133 2891 lua.
150 2828 219 2879 Acta
237 2830 279 2879 est
293 2823 462 2879 consecratio
476 2821 568 2877 domni
592 2820 717 2875 anselmi
734 2820 794 2891 epi-

95 2910 189 2967 Romae
203 2923 276 2965 anno
303 2908 433 2962 iocamati
459 2907 540 2961 Verbi
568 2906 618 2961 Dei
645 2906 723 2968 tlte,
740 2917 795 2975 quo

82 2998 133 3054 luit
149 2999 236 3053 fames
257 2997 431 3070 gravissima,
447 2996 485 3049 ita
507 3003 536 3049 ut
557 2993 672 3049 Tornaci
688 2992 792 3047 vende·

88 3086 228 3143 sextarius
251 3084 397 3141 triticiam
423 3083 531 3139 solidis.
560 3081 634 3138 Sicut
649 3095 714 3153 ergo
742 3096 792 3150 per
807 3078 832 3142 C
847 3085 942 3139 loanni
963 3088 1093 3141 successit
1116 3085 1232 3141 domnus
1256 3086 1321 3142 hlilo
1335 3086 1421 3143 abbas
1444 3088 1641 3158 llarciniensis,

82 3190 119 3230 rm
159 3173 318 3229 bledardum
354 3171 513 3245 dignitatern
542 3168 644 3241 proprii
672 3166 793 3239 episcopi

82 3262 180 3329 lituus,
196 3261 262 3316 dum
277 3262 338 3332 ipse
362 3274 454 3316 curam
473 3258 595 3329 episcopi
616 3256 793 3313 Tomacensis

82 3350 248 3419 niuuctama
271 3346 344 3403 clero
359 3354 386 3403 et
407 3346 619 3416 metropolitano
643 3343 740 3412 tenuit,
754 3342 793 3398 ita

91 3452 142 3509 per
164 3435 293 3493 eumdem
308 3436 462 3492 libertatern
483 3443 608 3490 nostram
630 3433 792 3503 recepimus,

82 3527 156 3582 Deus
176 3525 315 3597 proprium
331 3525 410 3580 uobis
424 3533 559 3594 pastorem
574 3521 717 3578 restituens
731 3536 793 3576 mo-

82 3630 112 3669 rm
128 3614 221 3669 Sancti
236 3614 357 3669 iledardi
380 3613 408 3667 in
422 3612 578 3685 episcopum
603 3610 686 3665 dedit.
704 3611 792 3665 Bene-

82 3704 173 3759 inens
188 3703 234 3775 qni
244 3702 312 3757 tales
328 3701 400 3758 lilios
416 3709 509 3756 sancto
523 3699 651 3755 bladardo
666 3698 793 3754 imbuen-

82 3790 191 3849 radidit.
206 3807 257 3861 per
283 3806 398 3862 quorum
420 3789 598 3845 ministerium
623 3787 748 3842 Christus
767 3786 794 3840 in

99 3879 251 3950 adoptionis
277 3877 371 3933 diuina
393 3878 552 3934 charismata
581 3873 743 3940 ostenderet,
768 3882 795 3929 et

82 3967 151 4022 uiam
175 3983 254 4023 suam
277 3967 337 4022 sine
356 3982 423 4040 ruga
437 3968 465 4022 et
493 3963 601 4020 macula
628 3978 794 4020 conseruere

82 4062 95 4112 l.

82 4146 106 4201 1.
120 4145 221 4203 Eodem
244 4153 369 4218 tempore
385 4143 523 4216 Eugenins
538 4156 608 4213 papa
619 4140 727 4197 litteras
742 4153 793 4194 ex-

82 4232 162 4289 ttorias
175 4234 203 4289 in
213 4231 334 4288 Galliam
348 4229 501 4299 direxit,ad
510 4227 706 4286 exhortandum
722 4231 794 4282 atre·

884 1875 944 1930 118.
962 1875 1067 1928 Donrno
1091 1875 1219 1929 hnselmo
1235 1875 1361 1932 defuncto
1374 1885 1458 1946 atque
1479 1876 1505 1931 in
1528 1876 1644 1935 ecclesie

848 1962 953 2017 Sanctae
966 1962 1059 2016 blnriae
1074 1971 1134 2016 ante
1159 1964 1245 2030 maius
1266 1964 1350 2018 altare
1373 1966 1487 2034 sepulto,
1504 1965 1642 2021 Gerarclus

847 2049 934 2103 abbas
954 2049 1120 2104 villariensis
1144 2051 1168 2104 ei
1184 2052 1315 2105 successit
1338 2067 1409 2106 anno
1432 2052 1580 2108 Dominicae
1595 2054 1641 2108 ln-

848 2137 1014 2192 carnationia
1030 2140 1108 2204 1119,
1124 2138 1201 2207 enjus
1227 2138 1394 2208 temporibus
1418 2138 1518 2194 domno
1533 2140 1642 2196 Valtero

848 2225 949 2280 abbata
974 2232 1067 2280 nostro
1096 2225 1233 2290 defuncto,
1248 2235 1327 2296 atque
1351 2243 1367 2281 a
1392 2233 1445 2281 tota
1468 2228 1642 2296 processione

848 2322 949 2368 sancte
964 2312 1058 2368 blariae
1069 2321 1096 2368 et
1107 2314 1214 2368 duobus
1229 2314 1374 2384 episcopis,
1390 2315 1554 2370 Tornacensi
1569 2316 1642 2372 scili·

848 2409 893 2458 oet
907 2410 934 2457 et
944 2402 1122 2469 Landunensi,
1139 2401 1287 2458 honorilice
1297 2404 1450 2459 antealtare
1462 2405 1548 2459 sancti
1558 2405 1642 2459 loan-

849 2490 890 2543 nis
905 2490 1032 2561 Baptistae
1056 2490 1172 2559 sepulto,
1187 2491 1304 2545 domnus
1319 2493 1366 2546 lvo
1381 2493 1405 2545 ei
1429 2492 1557 2547 successit
1571 2506 1643 2548 anno

849 2576 998 2633 Dominicae
1019 2577 1214 2633 incarnationis
1236 2580 1313 2644 1160,
1330 2578 1475 2635 indictione
1490 2594 1548 2647 rur,
1572 2594 1641 2635 con·

849 2681 909 2720 cur.
926 2682 953 2734 v,
967 2674 1062 2736 epacta
1078 2682 1115 2720 ar.

1039 2788 1152 2844 additio
1166 2789 1226 2845 alia
1240 2790 1449 2861 manuscripta.

884 2910 946 2965 119.
963 2909 1039 2965 lvoni
1059 2910 1188 2965 successit
1210 2912 1326 2966 domnus
1349 2913 1480 2979 loannes,
1497 2910 1585 2968 dictus
1609 2912 1644 2968 de

848 2996 947 3065 Ncein,
963 2997 1008 3067 qni
1023 3013 1131 3070 magnae
1146 2998 1287 3071 religionis
1310 2999 1393 3053 luisse
1414 2999 1580 3071 perhibetur.
1596 3001 1643 3056 lsti

846 3172 984 3244 quondam
1010 3175 1159 3230 monachus
1178 3174 1392 3240 Suessionensis,
1417 3183 1445 3230 et
1470 3185 1533 3247 post
1558 3178 1643 3232 abbas

847 3261 969 3330 ejusdem
995 3262 1153 3317 monasterii
1175 3262 1227 3317 sui.
1250 3263 1340 3318 Miloni
1369 3264 1500 3319 successit
1527 3264 1643 3320 domnus

846 3350 975 3417 loannes,
994 3349 1083 3405 dictus
1109 3349 1143 3405 de
1167 3350 1356 3423 Sobrengien;
1383 3350 1478 3405 loanni
1505 3352 1637 3407 successit

846 3437 1123 3501 domuushmandns;
1141 3438 1264 3493 rimando
1275 3438 1406 3493 successit
1421 3438 1572 3505 hadulfus3
1587 3439 1642 3495 ite·

848 3524 924 3580 dolio
948 3524 1079 3581 successit
1094 3524 1210 3581 domnus
1228 3524 1361 3597 AEgidius,
1382 3525 1470 3581 dictus
1486 3526 1521 3581 de
1544 3526 1639 3597 Gella;

847 3613 954 3684 AEgidio
969 3613 1097 3668 successit
1108 3613 1212 3681 Simon,
1228 3613 1315 3668 dictus
1330 3613 1436 3675 Baras:
1460 3613 1563 3669 Simoni
1578 3631 1644 3671 suc-

846 3702 926 3758 cessit
944 3700 977 3756 1).
1002 3702 1121 3756 loannes
1148 3701 1367 3771 Carpentarias3
1395 3702 1492 3757 loanni
1515 3702 1645 3758 successit

848 3791 880 3844 tt.
897 3789 1013 3844 lacobus
1027 3789 1062 3843 de
1078 3790 1185 3858 lusula3
1202 3789 1246 3844 hic
1261 3805 1309 3860 per
1328 3805 1450 3845 mensem
1463 3791 1644 3861 rexit,potens

848 3878 974 3933 Christus
1002 3876 1054 3930 sibi
1078 3876 1136 3932 Rex
1165 3880 1219 3941 ait;
1244 3877 1344 3932 lacobo
1370 3879 1498 3932 successit
1525 3876 1645 3933 domnus

847 3965 970 4036 AEgidius
997 3964 1031 4020 de
1056 3966 1218 4027 Wamaria;
1235 3964 1342 4036 AEgidio
1371 3965 1503 4021 successit
1530 3964 1645 4021 domnus

847 4047 1030 4103 Theodericus
1053 4045 1088 4102 de
1111 4048 1211 4116 Paroo;
1227 4046 1397 4103 Theoderico
1418 4048 1547 4102 successit
1562 4048 1644 4104 dom-

848 4148 898 4187 nus
912 4132 1033 4204 AEgidrns
1044 4146 1074 4196 ιι,
1090 4130 1182 4186 lduisis
1197 4132 1282 4204 prior,
1309 4131 1411 4189 electus
1423 4132 1508 4188 abbas
1522 4133 1644 4191 decimus

847 4218 977 4289 septimus
990 4230 1064 4272 anno
1078 4215 1160 4271 1331.
