3728 6000
98 182 151 265 scr

668 175 716 230 DE
736 173 978 231 SACRAllENTO.
995 207 1028 217 -
1045 178 1106 234 llll.
1128 179 1177 235 ttt.

1699 192 1752 249 ιιι

100 309 249 379 sacrantis,
264 305 314 364 scd
329 305 358 360 iu
373 303 460 361 uerbo
475 300 590 358 efficitur
602 299 747 367 Creatoris,
765 307 791 354 et
805 299 832 353 in
848 299 899 355 tir·
913 299 943 361 Α
957 301 1101 376 corrigere
1123 308 1264 374 volumus,
1287 310 1342 367 illis
1365 313 1500 387 mysteriis
1530 331 1590 388 qua
1610 314 1639 370 iu
1663 324 1754 372 vestra

104 407 164 455 tute
179 397 298 469 Spiritus
319 393 417 450 sancti.
438 391 466 447 Si
489 390 562 446 enim
586 389 613 443 in
633 389 729 443 merito
744 386 902 454 sucerdotis,

102 502 279 560 nequaquam
307 484 342 539 ad
372 480 512 537 Christum
539 480 697 549 pertineret.
717 477 795 531 Nunc
814 484 903 530 autern

102 577 250 647 sicutipse
266 581 307 629 est
321 570 367 644 qui
381 570 511 640 baptizat,
524 567 561 621 itu
578 568 638 636 ipse
653 565 698 636 qui
715 564 903 636 perspiritum

103 672 230 722 sanctum
253 665 323 717 hanc
348 667 504 715 creaturam
527 670 604 710 suam
626 653 707 709 efficit
729 668 852 721 carnem,
877 657 904 706 et

103 751 270 809 transfundit
286 750 313 805 in
328 748 502 820 sanguinem.
513 743 683 800 Credendum
694 749 734 797 est
744 742 816 796 enim
832 742 903 811 quod

104 843 132 896 in
162 840 255 897 verbis
275 837 375 895 Christi
402 840 569 890 sacramenta
596 830 784 887 conficiantur.
822 829 903 898 Cujus

101 931 178 987 enirn
192 927 313 1001 potentia
327 933 455 982 creantur
472 923 559 993 prius,
574 920 635 990 ejus
650 919 741 988 utiquc
764 918 848 974 verbo
869 917 903 971 ud

102 1019 207 1075 melius
230 1025 393 1073 recreantur.
414 1038 425 1061 ι
448 1013 514 1067 Cum
529 1026 597 1080 ergo
613 1008 781 1079 Augustinus
796 1023 828 1062 ea
843 1023 904 1078 quaa

103 1108 183 1180 prius
197 1114 287 1163 creata
302 1111 374 1175 suut,
386 1102 459 1157 dicat
473 1101 571 1155 iterum
583 1100 609 1152 in
621 1107 790 1152 sacramento
805 1094 901 1160 creari,

103 1199 128 1252 si
151 1197 206 1253 hoc
230 1193 353 1250 horariues
379 1197 491 1262 possent
515 1189 615 1255 tacere,
632 1191 768 1242 constaret
782 1201 828 1240 eus
842 1199 904 1239 esse

108 1287 226 1342 factores
242 1282 368 1354 corporis
382 1279 493 1346 Christi,
509 1286 535 1332 et
550 1279 584 1331 ita
600 1276 673 1345 quasi
694 1282 830 1330 creatores
845 1288 905 1328 esse

105 1373 244 1432 Creatoris
258 1370 312 1439 sui,
329 1370 402 1442 quod
424 1376 466 1424 est
489 1365 671 1437 impossibile.
695 1364 739 1417 Ait
762 1362 832 1418 enim
847 1363 906 1416 Eu-

104 1463 201 1520 sebius
223 1461 383 1516 Emissonus
404 1475 409 1510 :
434 1454 610 1509 ulnrisibilis
634 1452 762 1508 sacerdos
785 1450 907 1506 risibiles

107 1560 248 1611 creaturas
268 1550 296 1604 in
320 1545 499 1602 substantium
515 1542 637 1614 corporis
660 1551 686 1596 et
711 1539 852 1611 sanguinis
866 1538 906 1592 sui

959 394 1090 460 pravitate
1104 396 1254 468 depravata
1272 416 1326 455 non
1351 410 1422 467 sunt,
1445 404 1603 473 sacrilegam
1619 403 1754 459 iaciamus

958 481 1121 550 injuriam.»
1147 487 1212 541 ltem
1237 490 1409 560 Augustinus
1431 492 1459 546 in
1480 491 1549 549 libro
1564 493 1603 547 De
1618 492 1754 563 baptismo

959 570 1017 634 (lib.
1035 588 1054 636 r,
1069 589 1094 628 c.
1111 578 1136 636 ⁸.
1153 583 1172 629 t.
1189 576 1237 643 lX,
1252 592 1280 632 c.
1301 578 1367 647 85):
1388 603 1399 628 ι
1416 580 1470 650 Qui
1490 581 1599 651 seipsos
1622 596 1638 635 a
1664 581 1754 636 socie-

958 666 1013 715 tate
1035 671 1197 718 caetcrorum
1221 676 1389 736 separantes
1416 670 1546 724 charitate
1561 668 1671 735 violata,
1687 669 1753 723 uni-

959 749 1021 804 tatis
1034 751 1170 806 vinculum
1185 764 1321 824 rumpunt,
1338 756 1359 811 si
1376 757 1442 811 nihil
1464 758 1568 814 iaciunt
1582 773 1677 812 eorum
1693 774 1755 828 quae

957 839 984 892 in
1000 840 1102 894 unitate
1116 851 1291 913 acceperunt,
1305 844 1330 897 in
1347 845 1474 901 omnihus
1495 846 1615 915 separati
1640 853 1712 910 sunt,
1728 854 1755 901 et

958 927 1019 982 ideo
1035 945 1114 997 quem
1130 929 1182 982 sihi
1195 932 1307 997 sociant,
1322 933 1344 987 si
1359 933 1393 988 ad
1409 933 1562 991 Ecclesiam
1577 933 1687 989 redierit
1702 933 1754 989 de-

959 1017 1002 1070 het
1016 1017 1105 1071 omnia
1120 1035 1181 1089 qum
1195 1036 1248 1074 non
1264 1021 1377 1091 accepit,
1394 1024 1529 1094 accipere.
1550 1023 1577 1078 Si
1594 1039 1657 1079 vero
1684 1038 1756 1077 uon-

957 1102 1031 1156 nulla
1046 1102 1141 1157 eadem
1158 1104 1266 1167 iaciunt,
1284 1122 1379 1161 nense
1394 1107 1421 1160 iu
1444 1108 1484 1162 eis
1506 1114 1712 1178 separaverunt,
1728 1113 1757 1162 et

958 1205 993 1246 cx
1013 1208 1045 1246 ea
1070 1200 1147 1262 parte
1168 1193 1297 1249 Ecclesiae
1318 1204 1523 1251 connectuntur.
1546 1197 1574 1249 lu
1591 1194 1756 1251 sacramenti

959 1280 1111 1345 sanctitate,
1129 1297 1181 1350 qua
1195 1291 1290 1337 contra
1306 1299 1356 1338 uos
1373 1300 1426 1338 non
1441 1293 1511 1349 sunt,
1528 1300 1577 1355 pro
1593 1284 1675 1339 nobis
1691 1289 1757 1337 suut

959 1369 987 1423 iu
1007 1369 1161 1423 schismatis
1182 1370 1304 1436 vulnere,
1322 1388 1374 1440 quo
1390 1388 1452 1427 cum
1467 1372 1573 1427 Christo
1596 1389 1651 1428 non
1676 1371 1756 1426 colli-

959 1466 1036 1528 gunt,
1053 1464 1194 1530 spargunt.
1214 1484 1225 1506 ι
1246 1459 1313 1514 Cum
1338 1461 1421 1531 igitur
1436 1478 1470 1515 ex
1485 1460 1618 1516 catholiea
1633 1460 1758 1515 Ecclesia

960 1547 1013 1600 sint
1036 1549 1127 1602 omnia
1151 1557 1319 1603 sacramenta
1339 1550 1502 1616 Dominica,
1529 1549 1603 1605 nullo
1629 1557 1756 1619 excepto,

107 1641 194 1698 Vt'l‘bo
221 1655 270 1696 SUO
297 1645 404 1692 SCCl'Cist
430 1642 562 1706 pOICSldAC
591 1630 733 1687 convertit.
751 1651 762 1677 h
786 1630 853 1683 liCm
870 1628 902 1682 Β.
923 1652 950 1712 B
966 1637 1044 1692 eliam
1061 1638 1132 1707 apud
1147 1638 1289 1692 hael'ellCOS
1305 1638 1350 1709 qui
1366 1638 1446 1693 etiam
1461 1656 1494 1693 ex
1511 1654 1544 1694 ga
1560 1646 1636 1708 paple
1661 1637 1760 1692 Eccle-

108 1729 272 1786 Ambrosius
288 1746 294 1784 :
313 1750 323 1776 ι
341 1726 392 1782 Ubi
407 1723 553 1779 accesserit
568 1720 748 1782 consecratio,
776 1717 810 1772 dc
837 1732 908 1789 pane

108 1820 141 1874 tit
153 1834 254 1890 corpus
270 1816 376 1872 Christi.
404 1812 579 1869 Consecrutio
603 1810 686 1881 igitur
701 1806 800 1878 quibus
816 1806 910 1860 verbis

109 1917 170 1975 est,
200 1916 227 1963 et
255 1905 333 1974 cujus
368 1899 563 1957 sermonibus?
591 1897 700 1953 Domini
734 1897 812 1950 lesu.
836 1896 909 1966 Ergo

109 2012 203 2054 sermo
214 1994 310 2051 Christi
327 1995 379 2048 hoc
394 1988 502 2047 conticit
516 2004 622 2058 corpus.
638 2010 648 2033 ι
664 1987 731 2039 ltem
743 1984 912 2052 Augustinus

110 2088 139 2142 in
154 2085 291 2141 homiliis:
306 2108 316 2130 ι
331 2085 400 2138 Ante
414 2078 496 2133 verba
508 2075 615 2146 quando
630 2073 745 2129 otientur
756 2071 912 2144 panisdici·

110 2185 164 2242 tur,
180 2173 225 2229 ubi
241 2172 325 2228 rerba
340 2169 439 2226 Christi
453 2168 614 2237 deprompta
629 2171 702 2234 sunt,
717 2178 771 2218 nou
786 2161 843 2230 jam
860 2176 912 2231 pa·

111 2265 165 2331 nis,
179 2263 225 2318 sed
241 2257 454 2332 corpusChristi
470 2254 630 2326 appellatur.
648 2252 676 2307 Si
691 2267 756 2322 ergo
772 2249 915 2305 invisibilis

113 2351 243 2408 sacerdos
266 2364 369 2420 corpus
392 2361 471 2400 suum
488 2343 572 2399 rerba
594 2339 711 2403 conticit,
729 2339 865 2408 quomodo
880 2337 916 2391 sit

115 2439 160 2497 rel
176 2440 202 2494 in
218 2437 313 2504 rer-ho,
331 2437 376 2491 rel
401 2434 427 2489 in
452 2431 550 2488 merito
566 2429 680 2498 alicujus
694 2427 809 2484 risibilis
823 2442 916 2482 sacer·

115 2528 212 2586 dotis?
227 2528 293 2583 Cum
309 2540 375 2580 vero
389 2522 456 2578 nihil
481 2522 515 2575 ad
541 2519 675 2575 visibilem
690 2517 804 2571 attineat
821 2531 916 2570 sacer·-

116 2618 221 2681 dotem,
250 2613 387 2686 quomodo
412 2611 439 2665 id
464 2624 480 2664 a
505 2609 577 2663 lieno
600 2606 713 2675 melius,
733 2620 749 2659 a
771 2604 843 2659 malo
866 2619 917 2675 pe-

114 2708 165 2779 jus
188 2703 344 2761 conficiatur
365 2698 547 2766 sacerdotes
564 2711 617 2766 quo
632 2691 812 2749 nullatenus?
840 2690 920 2761 Quod

119 2795 234 2851 cumita
257 2792 301 2857 sit,
324 2789 382 2863 jam
412 2804 466 2842 non
496 2785 645 2841 secundum
674 2783 782 2838 diversa
809 2781 919 2846 merita,

117 2883 229 2939 diversa
254 2878 350 2936 Christi
377 2891 505 2947 corpora,
530 2874 579 2928 sed
607 2888 715 2943 semper
742 2887 812 2925 unus
838 2867 919 2924 Chri-

962 1727 1008 1783 site
1023 1735 1227 1791 connectuutur,
1243 1727 1306 1798 quia
1321 1743 1353 1782 ea
1367 1731 1417 1782 rito
1432 1727 1582 1795 celebrant,
1601 1727 1661 1798 quis
1676 1725 1759 1780 dubi·

963 1825 1000 1873 tct
1015 1824 1216 1871 sacramentnm
1233 1815 1359 1871 sacrificii
1374 1816 1459 1870 divini
1475 1816 1631 1886 ubicunque
1646 1813 1703 1876 liat.
1719 1814 1760 1869 iu-

964 1913 1004 1960 tra
1020 1904 1169 1960 Ecclesiam
1184 1919 1253 1969 esse,
1270 1921 1330 1958 cum
1346 1905 1381 1958 sit
1393 1905 1426 1960 de
1441 1903 1584 1960 Ecclesia?
1598 1903 1653 1959 Sed
1667 1910 1761 1958 tamen

965 1994 1105 2049 sciendum
1121 2001 1162 2048 est
1177 1993 1248 2062 quia,
1265 2008 1326 2046 cum
1341 1994 1413 2064 apud
1434 2009 1481 2048 eos
1503 1993 1585 2048 etism
1601 1990 1763 2048 sacrificium

966 2083 1068 2137 Christi
1093 2081 1126 2136 sit
1149 2082 1183 2136 de
1198 2081 1322 2137 Ecclesia
1337 2089 1467 2153 quantum
1491 2081 1526 2136 ad
1548 2081 1589 2136 sni
1611 2081 1761 2148 veritatem,
1815 2126 1817 2131 .

967 2175 1042 2229 locus
1059 2178 1148 2226 tamen
1164 2171 1252 2240 ipsius
1266 2186 1320 2224 uon
1341 2175 1384 2225 est
1406 2170 1449 2224 his
1473 2170 1519 2241 qui
1542 2179 1604 2225 sunt
1618 2176 1693 2224 extra
1706 2169 1764 2225 Ec·

968 2263 1091 2327 clesiam,
1120 2267 1254 2333 quantum
1276 2257 1309 2312 ad
1332 2274 1427 2313 eorum
1452 2258 1609 2324 utilitatem,
1625 2256 1765 2328 quiscum

970 2350 1054 2406 Filius
1069 2347 1188 2405 hominis
1203 2347 1273 2418 apud
1284 2363 1332 2403 eos
1343 2363 1398 2402 non
1408 2347 1527 2402 inueniat
1537 2346 1583 2401 uhi
1596 2352 1677 2417 caput
1687 2360 1767 2401 suum

969 2438 1090 2505 reclinet,
1102 2453 1153 2493 nec
1168 2437 1227 2508 ipse
1237 2435 1371 2501 Christus,
1382 2451 1432 2491 uec
1450 2435 1565 2506 Spiritus
1574 2443 1683 2490 sanctus
1696 2431 1769 2505 apud

971 2539 1018 2580 eos
1035 2530 1076 2578 est
1091 2538 1138 2592 per
1153 2520 1283 2593 gratiam,
1298 2519 1342 2591 qui
1357 2527 1447 2575 tamen
1462 2519 1534 2590 apud
1557 2535 1652 2575 omnes
1675 2524 1727 2589 est,
1742 2523 1772 2574 et

972 2626 1111 2683 nusquam
1128 2611 1204 2666 deest
1220 2625 1270 2681 per·
1284 2609 1432 2678 majestatis
1447 2625 1504 2664 suae
1518 2606 1701 2680 praeentiam.

1289 2717 1399 2772 CAPUT
1417 2717 1453 2771 tt.

977 2819 1053 2888 Quod
1067 2819 1248 2872 sacramento
1263 2819 1347 2870 tenus
1363 2813 1552 2871 sacerdotium
1575 2812 1652 2884 apud
1677 2810 1778 2871 hart-i

1123 2890 1192 2944 ticos
1209 2890 1324 2941 mancat
1339 2887 1455 2942 oraretur
1471 2887 1626 2957 integrum.

117 2981 176 3028 stus
204 2978 259 3036 est,
284 2969 332 3040 qui
353 2966 558 3063 quibuscunque
582 2960 713 3015 ministris
741 2956 918 3013 sacriticanti-
934 3001 958 3064 c
1010 2986 1170 3041 &ducrum
1186 2991 1337 3056 opponunt,
1354 2982 1616 3054 quiasacerdotium
1633 2981 1769 3037 nonsub,

60 3123 65 3129 ,
119 3062 183 3128 bus,
199 3059 273 3115 solus
285 3065 325 3113 est
341 3071 389 3127 pro
405 3056 485 3109 nohis
499 3050 616 3107 ollereus
632 3058 657 3105 et
673 3050 788 3104 oblatus.
808 3071 818 3097 ι
838 3046 918 3102 Unde
974 3076 1043 3131 sisu,
1059 3074 1129 3145 apud
1143 3089 1203 3128 eos·
1221 3074 1254 3127 Ε,
1270 3073 1333 3144 quid
1349 3080 1436 3143 potes,
1461 3088 1512 3142 pe,
1536 3088 1582 3127 θος
1606 3069 1772 3138 consecrari,

121 3148 294 3222 Augustinus
318 3146 345 3199 in
371 3143 438 3197 libro
460 3142 499 3196 De
521 3139 652 3194 Trinitate
676 3138 734 3207 (lib.
756 3152 793 3193 rr.
810 3144 830 3191 t.
847 3135 919 3200 t'ttt,

119 3238 176 3295 col.
208 3236 293 3305 823):
320 3257 330 3280 ι
358 3231 429 3300 Quid
458 3239 511 3284 tam
541 3237 618 3300 grate
646 3224 739 3281 offerri
765 3232 792 3281 et
820 3224 922 3294 suscipi

121 3335 227 3400 posset,
247 3339 328 3396 quarn
344 3337 409 3378 caro
425 3317 549 3375 sacrificii
565 3315 659 3383 nostri,
675 3330 776 3384 corpus
799 3311 923 3369 effectum

123 3413 275 3472 sacerdotis
298 3410 393 3478 nostri,
410 3416 438 3462 ut
454 3408 525 3461 idem
540 3422 609 3460 unus
624 3404 683 3475 ipse
697 3417 835 3474 rer-usque
863 3416 923 3456 rne-

124 3505 223 3570 diator,
240 3517 310 3557 unus
326 3504 400 3554 esset
414 3497 459 3567 qui
474 3494 614 3560 offerebat,
625 3501 650 3547 et
660 3491 733 3564 qnod
743 3489 920 3546 offerebatis

123 3596 193 3649 ltem
217 3591 290 3646 idem
314 3588 348 3642 ad
373 3584 582 3641 Pannoniarum
609 3582 669 3651 (lib.
699 3596 728 3645 ιι,
748 3594 774 3635 e.
792 3583 818 3644 c,
837 3587 856 3633 t.
872 3579 921 3645 lll,

122 3682 177 3738 col.
193 3682 238 3750 ιι)
256 3696 262 3732 :
278 3702 288 3725 ι
308 3673 456 3741 Sacrificia,
481 3672 577 3743 inquit,
603 3670 746 3740 impiorum
769 3666 923 3723 exsecratio

120 3769 249 3834 Domino,
261 3766 360 3822 etenim
377 3762 471 3832 iniquo
483 3759 599 3815 otlerunt
609 3758 667 3812 illa.
680 3781 691 3806 ι
702 3757 761 3812 lam
772 3772 853 3826 supra
869 3771 923 3810 res·

122 3873 241 3932 pousunr
252 3861 303 3920 cst,
314 3853 380 3926 quia
397 3867 450 3906 nou
467 3858 507 3904 est
525 3848 635 3920 iniquus
647 3846 779 3911 Christus,
789 3845 836 3916 qui
849 3845 922 3914 seip-

123 3965 183 4004 sum
194 3961 245 4019 pro
255 3943 336 3999 nobis
346 3940 454 4008 obtulit,
465 3947 491 3993 et
504 3947 596 3992 noster
607 3936 634 3990 in
645 3936 714 3991 coelo
724 3934 856 3988 mediator
871 3941 921 4000 est,

123 4050 270 4111 quosnam
296 4029 446 4086 Ecclesiam
470 4027 650 4099 gubernante,
676 4025 756 4079 bonis
780 4021 844 4077 mali
869 4036 922 4076 uon

122 4125 252 4194 oberunt,
264 4119 363 4194 quiret
378 4118 546 4190 ignorantur,
561 4114 603 4170 vel
619 4129 667 4184 pro
685 4129 749 4184 pace
766 4112 921 4167 tolerantur.

437 4264 549 4322 CAPUT
573 4264 622 4318 IX.

975 3164 1021 3234 qui
1040 3180 1128 3234 neque
1150 3178 1200 3234 pro
1225 3162 1329 3226 merito,
1358 3177 1447 3232 neque
1472 3176 1522 3228 pro
1551 3159 1643 3216 officio
1670 3156 1774 3230 aliquid
1851 3194 1857 3205 ι

977 3254 1084 3324 agunt?
1102 3253 1133 3307 Ut
1149 3251 1221 3306 enim
1241 3250 1278 3304 ait
1292 3249 1452 3305 Ambrosius
1476 3250 1504 3302 in
1530 3248 1600 3302 libro
1615 3248 1655 3302 lle
1670 3254 1773 3316 myste-

977 3343 1025 3396 riis
1046 3340 1185 3395 initiandis
1210 3340 1282 3408 (cap.
1302 3340 1329 3404 5,
1345 3339 1396 3392 col.
1413 3337 1476 3407 332)
1494 3352 1500 3390 :
1520 3361 1531 3385 ι
1550 3337 1617 3392 Cum
1632 3334 1773 3406 Scriptura

978 3436 1098 3493 testetur,
1109 3426 1180 3498 quod
1196 3426 1231 3480 ab
1245 3425 1373 3480 Jerohoal
1390 3439 1488 3495 preces
1502 3423 1573 3496 ignis
1582 3421 1725 3478 descendit
1738 3419 1773 3478 de

977 3517 1065 3582 cralo,
1091 3524 1118 3571 et
1141 3530 1235 3568 rursus
1259 3520 1389 3584 precante
1411 3512 1488 3566 llelia
1510 3511 1584 3582 ignis
1606 3510 1703 3565 missus
1732 3515 1775 3564 est

977 3606 1078 3676 (ludio.
1094 3620 1132 3675 rr,
1148 3605 1205 3672 ιι),
1222 3602 1266 3672 qui
1281 3599 1442 3656 sacriticiunr
1465 3599 1635 3670 consumpsit
1648 3613 1704 3653 non
1718 3613 1774 3653 me-
1846 3640 1849 3645 .

977 3696 1029 3749 rita
1040 3707 1213 3766 personarum
1222 3689 1391 3758 consideres,
1402 3693 1449 3743 sed
1460 3688 1549 3744 officia
1559 3686 1746 3744 sacerdotum.
1759 3709 1772 3734 ι

976 3785 1055 3856 Apud
1071 3782 1210 3839 lraereticos
1225 3789 1313 3835 autem
1329 3794 1379 3833 nec
1393 3779 1490 3833 merita
1510 3785 1582 3843 sunt,
1598 3792 1649 3832 nec
1663 3774 1770 3832 officia.

977 3874 1021 3929 Ait
1035 3883 1125 3928 autem
1140 3871 1175 3925 Ι).
1192 3869 1360 3941 Augustinus
1382 3867 1409 3920 in
1431 3866 1500 3920 libro
1515 3865 1701 3935 Quaestionum
1717 3865 1774 3920 lic-

977 3963 1041 4018 teris
1061 3959 1226 4017 Testamenti
1249 3957 1304 4028 (tlt
1326 3958 1388 4027 [ιιι.
1414 3971 1493 4022 artu,
1509 3955 1552 4024 38)
1571 3972 1577 4008 :
1596 3979 1605 4001 ι
1623 3954 1674 4008 l'cr
1699 3953 1774 4024 quod

977 4051 1129 4108 ostenditur·
1143 4048 1273 4118 Spiritum
1293 4053 1417 4101 sanctum
1432 4044 1591 4117 gratiarum,
1607 4059 1660 4098 nou
1675 4057 1775 4113 perso-

978 4157 1041 4196 nam
1062 4138 1138 4210 sequi
1153 4137 1229 4209 digni
1244 4145 1288 4191 aut
1304 4134 1418 4206 indigni,
1436 4135 1485 4188 sed
1500 4133 1624 4189 ordinem
1648 4131 1776 4186 traditio·

978 4230 1033 4295 nis,
1049 4236 1078 4283 ut
1092 4227 1215 4297 quamvis
1238 4224 1337 4296 aliquis
1361 4223 1424 4278 honi
1449 4221 1537 4277 meriti
1552 4221 1596 4286 sit,
1614 4228 1775 4275 nontamen

936 4320 1066 4412 Dpossit
1085 4315 1247 4372 benedicere
1269 4313 1320 4367 uisi
1341 4312 1423 4368 suerit
1444 4311 1597 4376 ordinatus,
1612 4307 1774 4364 mollicium

147 4398 223 4471 ΟΜ
238 4396 419 4453 'wamma
435 4386 904 4451 hffir⁶²5⁶⁰²²¹⁴md⁰E⁶⁶²⁶⁸5⁶⁸⁸¹m²=
980 4405 1126 4463 ministerii
1140 4404 1278 4460 exhibeat.
1301 4425 1312 4448 ·
1334 4401 1401 4457 Cum
1426 4400 1509 4472 igitur
1532 4414 1586 4452 nou
1607 4396 1703 4451 merita
1720 4398 1776 4451 sint

367 4469 394 4521 et
410 4465 442 4519 iu
459 4461 582 4516 Ecclesia
596 4460 681 4529 fiunt.

161 4596 216 4654 Sed
229 4598 380 4665 opponunt,
397 4588 460 4659 qnia
475 4595 556 4642 extra
571 4582 721 4640 Ecclesium
738 4599 792 4639 non
817 4591 859 4639 est
881 4583 925 4640 lo-

125 4701 175 4741 cus
189 4681 327 4745 sacrificii,
347 4694 398 4734 nec
415 4685 456 4732 est
473 4673 605 4740 Christus,
617 4688 666 4727 nec
683 4672 801 4742 Spiritus
814 4679 925 4728 sanctus

127 4773 200 4847 apud
215 4769 370 4827 hereticos.
385 4766 506 4821 Eeoutra
521 4760 690 4834 Augustinus
706 4761 740 4815 ad
755 4761 924 4816 Vincentium

126 4861 295 4919 Donatistam
311 4856 368 4930 qua,
385 4871 413 4909 n.
430 4855 474 4919 ιδ,
491 4860 510 4905 ι.
526 4852 561 4917 ιι,
577 4850 628 4905 col.
642 4851 705 4918 249)
724 4868 730 4903 :
749 4870 760 4896 ι
779 4849 818 4903 Ex
833 4851 925 4905 catho-

128 4951 179 5007 lica
207 4946 332 5004 Ecclesia
358 4950 421 4999 sunt
449 4941 540 4998 omnia
572 4944 741 4994 sacramenta
770 4937 924 5007 Dominica,

128 5055 189 5110 quae
210 5038 251 5093 sic
271 5034 376 5091 habetis
400 5039 426 5086 ct
449 5031 531 5094 datis,
555 5026 693 5098 quomodo
717 5025 928 5083 habebanturct

128 5126 264 5181 dabantur
277 5122 356 5178 etiarn
372 5119 530 5191 priusquam
548 5114 611 5169 iude
629 5112 748 5180 exiretis,
773 5130 822 5170 nec
838 5124 927 5171 tamen

129 5215 191 5271 ideo
207 5228 263 5267 non
278 5211 392 5273 hahetis,
409 5207 470 5279 quia
490 5221 544 5260 non
559 5203 624 5259 estis
639 5202 677 5256 ihi
693 5201 763 5257 unde
778 5203 895 5258 dabatis.
914 5225 925 5252 ι

130 5305 198 5360 ltem
213 5301 248 5358 ad
263 5298 411 5355 Emeritam
424 5299 479 5367 (tt,
490 5311 517 5348 ιι.
534 5295 561 5360 a,
576 5299 598 5346 t.
618 5291 653 5356 ιι,
670 5289 725 5345 cul.
745 5291 807 5361 ιιι)
825 5308 832 5344 :
851 5293 928 5348 «Sa.

131 5401 270 5448 cramenta
285 5402 346 5459 qua
367 5402 420 5442 non
444 5381 583 5449 mutastis,
609 5379 677 5435 sicut
702 5376 805 5432 hahetis
827 5395 929 5452 appro-

130 5481 230 5537 bantur
254 5495 271 5534 a
291 5476 381 5543 nohis,
397 5490 431 5530 ne
447 5473 517 5528 lortc
543 5485 606 5526 cum
629 5475 746 5526 vestram
767 5469 930 5541 pravitatem

238 5629 359 5685 Purser„
379 5622 519 5682 CLXXX.

977 4495 1181 4557 consideranda,
1197 4493 1245 4546 sed
1260 4488 1360 4546 saltem
1377 4487 1477 4554 atheia,
1496 4485 1559 4557 quia
1584 4501 1664 4540 nemo
1686 4490 1777 4554 potest

979 4584 1142 4642 benedicere
1165 4581 1217 4636 uisi
1237 4580 1376 4635 ordinatus
1390 4577 1433 4644 sit,
1450 4585 1478 4630 ut
1493 4574 1613 4630 osticium
1634 4571 1776 4628 ministerii

979 4675 1116 4737 exhibeat,
1134 4670 1271 4743 quomodo
1286 4667 1450 4722 benedicere
1466 4671 1582 4735 possunt
1597 4663 1713 4718 haeretici
1728 4661 1777 4716 uhi

979 4781 1034 4819 non
1049 4761 1171 4817 subsistit
1187 4756 1330 4813 ministerii
1346 4754 1477 4818 osticium,
1488 4752 1559 4824 quod
1576 4750 1731 4807 recedendo
1742 4750 1777 4805 ab

979 4852 1101 4910 Ecclesia
1116 4851 1144 4903 in
1160 4847 1246 4902 oculis
1271 4844 1380 4900 Dourini
1404 4842 1573 4897 amiseruntt
1598 4841 1651 4895 Sed
1667 4848 1779 4895 econtra

980 4943 1017 4997 ait
1031 4938 1199 5010 Augustinus
1213 4936 1240 4989 iu
1256 4933 1356 4990 Genesi
1372 4933 1405 4986 ad
1421 4932 1538 4984 litteram
1555 4933 1641 4998 (torno
1663 4928 1753 4997 tertie)
1769 4945 1776 4984 ι

984 5054 994 5079 ι
1013 5029 1070 5083 Etsi
1085 5027 1176 5097 aliqua
1192 5025 1272 5095 culpa
1287 5024 1348 5092 qum
1372 5022 1406 5077 ab
1431 5018 1520 5075 osticio
1534 5025 1716 5081 removeatur,
1731 5031 1778 5070 sa·

982 5124 1119 5174 eramento
1131 5113 1238 5170 Domini
1253 5111 1337 5167 semel
1353 5109 1479 5181 imposito
1494 5124 1546 5162 non
1563 5107 1676 5174 carebit,
1687 5119 1780 5176 quarn-

983 5209 1024 5264 ris
1039 5207 1071 5260 ad
1086 5204 1214 5275 judicium
1240 5205 1430 5272 permanente.
1448 5221 1459 5245 a
1480 5200 1546 5252 Item
1563 5196 1596 5250 ad
1620 5193 1780 5249 Parmenis-

985 5312 1049 5351 num
1065 5294 1122 5365 (lib.
1139 5308 1168 5358 ιι,
1183 5307 1243 5361 cap.
1261 5291 1303 5356 ta,
1320 5297 1336 5343 t.
1354 5289 1403 5353 lx,
1416 5286 1469 5342 col.
1479 5285 1541 5356 lh):
1556 5306 1567 5332 ι
1582 5283 1661 5352 Quod
1671 5284 1782 5354 qnidam

985 5385 1076 5440 dicunt
1096 5382 1258 5450 baptismum
1289 5392 1370 5449 quem
1404 5375 1507 5445 accepit
1531 5389 1585 5428 nou
1609 5372 1707 5428 amittit
1734 5369 1784 5446 qui

987 5472 1091 5530 recedit
1104 5470 1138 5526 ab
1154 5466 1286 5539 Ecclesia,
1299 5465 1350 5522 sed
1359 5466 1405 5537 jus
1422 5472 1510 5522 tamen
1531 5462 1614 5519 dandi
1637 5461 1711 5535 quod
1733 5476 1784 5518 ac-

1643 5618 1680 5674 27
