3728 6000
94 232 147 290 799

583 233 618 287 D.
638 227 768 287 ALGlllll
787 226 1019 285 schottsrlot
1038 225 1249 285 tuobtsttsls

1683 214 1742 281 'seo

95 356 232 413 Christus.
246 356 317 411 Nam
332 355 377 426 qui
391 354 554 411 discordeta
569 354 688 422 Christo,
703 369 755 410 uec
774 368 887 411 carnem
900 352 929 413 A
944 349 1125 422 spiritualiter
1146 359 1176 406 ut
1198 351 1339 424 iudignum
1361 349 1494 423 abluisse,
1525 351 1551 409 ai
1578 349 1744 407 munusue

96 444 193 500 Christi
204 446 359 512 manducat,
369 461 419 501 nec
433 444 594 516 sanguinem
611 443 687 511 bibit,
705 443 811 500 etiamsi
826 451 888 498 tou-

94 540 130 588 tae
147 533 186 589 rei
197 541 394 588 sacramentum
410 533 444 587 ad
463 532 595 601 judicium
611 549 667 589 suae
695 533 889 604 praesumptio-

94 621 138 677 nis
160 622 281 693 quotidie
302 620 486 677 indifferenter
513 622 643 691 accipiat.
675 643 685 671 ι
704 623 776 677 Ecce
803 622 891 677 mulos

94 725 203 766 carnem
218 710 318 765 Christi
346 717 449 765 tantum
478 710 505 764 in
534 717 702 766 sacramento
731 710 808 782 quasi
837 726 892 767 non

96 815 171 867 vere,
214 798 263 853 sed
306 806 408 853 tuntum
449 798 566 871 figurate
603 815 710 854 sumere
736 817 744 865 3
773 799 892 869 itemque

97 903 156 955 eos,
172 887 276 942 etiamsi
292 896 491 943 sacramentum
507 889 653 957 accipiant,
670 904 782 944 carnem
809 889 891 944 Chri·

95 976 130 1030 sti
146 992 202 1030 non
216 976 393 1039 munducare,
403 985 525 1032 astruere
535 977 672 1032 videbitur
689 992 696 1046 ;
713 978 785 1049 quod
801 986 892 1033 tamen

95 1080 150 1120 non
164 1064 230 1120 dicit
245 1073 375 1134 quantum
387 1065 420 1120 ad
439 1065 644 1120 substantialem
670 1067 791 1137 corporis
811 1066 890 1122 Chri·

95 1153 130 1208 ati
145 1153 296 1217 veritatem,
313 1169 395 1223 quam
412 1153 476 1209 licet
491 1154 595 1227 indigni
611 1154 787 1224 adjudicium
803 1172 891 1226 suum,

96 1257 162 1297 vere
177 1249 266 1296 tamen
282 1249 404 1308 sumunt,
419 1243 466 1297 secl
478 1249 609 1314 quantum
635 1244 670 1299 ad
680 1243 776 1316 gratiae
800 1260 892 1301 sacra·

97 1330 181 1385 menti
197 1329 322 1385 virtutem
338 1346 420 1399 quam
437 1331 592 1404 negligunt.
613 1332 667 1387 Sed
682 1332 780 1388 iterum
797 1333 892 1388 1).Ηί-

97 1417 196 1474 larium
213 1419 411 1474 pictaviensem
426 1419 453 1473 iu
469 1421 639 1491 expositione
653 1437 735 1492 super
743 1423 893 1478 llatthaeunr

98 1509 176 1579 (cap.
195 1510 239 1570 30,
257 1515 278 1562 t.
298 1509 319 1573 1,
335 1507 387 1564 col.
405 1510 477 1579 799),
494 1510 569 1579 quasi
591 1517 688 1567 testem
704 1512 784 1581 hujus
800 1511 840 1568 rei
851 1513 893 1567 ia-

96 1596 180 1663 ciunt,
197 1595 241 1665 qui
256 1596 399 1651 manifeste
416 1597 523 1653 videtur
536 1613 673 1669 asserere,
690 1600 835 1656 aDomine
848 1603 894 1657 lu·

945 441 1007 496 aliis
1018 441 1118 496 sanctis
1131 441 1310 512 corporaliter
1324 440 1449 508 adiuerit,
1479 448 1507 497 et
1523 441 1616 512 ipsum
1645 454 1743 496 uera-

945 537 1065 586 mentum
1081 529 1115 584 ab
1131 529 1190 601 ipso
1204 531 1321 586 Domino
1332 529 1488 600 sumpserit,
1499 530 1658 587 viaermus.

981 618 1024 673 Ait
1052 619 1107 674 Leo
1131 634 1203 691 papa
1222 619 1250 673 in
1273 633 1397 675 sermone
1421 620 1461 675 De
1482 619 1609 691 passione
1635 616 1745 675 Domini

947 706 1016 778 [cap.
1032 711 1058 776 3,
1071 706 1125 764 col.
1136 708 1286 778 220)cujus
1300 707 1406 763 initium
1421 715 1485 764 est:
1505 731 1517 758 ι
1533 709 1597 766 Seis
1620 707 1745 780 quidem,

946 795 1115 853 dilectissimi
1140 796 1403 852 :Discumbentibus
1418 796 1569 868 discipulis,
1596 797 1630 853 ad
1657 797 1745 854 eden·

946 885 1010 940 dam
1030 887 1172 956 mysticam
1196 900 1314 952 coeuam,
1337 901 1398 942 cum
1427 885 1455 939 iu
1480 885 1590 957 Caiphae
1604 887 1676 942 strio
1693 892 1745 941 tra·

946 981 1063 1030 staretur
1084 974 1222 1045 quomedo
1243 974 1367 1030 Christus
1389 974 1477 1030 cecidi
1490 979 1604 1046 posset;
1619 973 1668 1029 ille
1682 989 1746 1030 cur-

946 1063 1019 1136 poris
1033 1063 1210 1136 etssnguiois
1221 1063 1262 1119 sui
1273 1063 1403 1119 ordinans
1421 1070 1631 1133 sacramentum,
1656 1063 1744 1120 doee-

947 1152 993 1206 bst
1016 1153 1104 1224 qualis
1134 1151 1223 1207 hestia
1251 1152 1310 1207 Deo
1331 1152 1444 1207 deberet
1469 1151 1571 1220 otiern‘,
1593 1168 1628 1208 ne
1647 1152 1748 1208 abhoc

947 1240 1058 1313 quidem
1073 1240 1202 1312 mysterio
1217 1239 1349 1297 traditore
1363 1241 1500 1307 submoto,
1515 1248 1545 1296 ut
1553 1240 1748 1298 ostenderetur

946 1328 1024 1385 nulla
1039 1329 1139 1399 injuria
1149 1337 1334 1401 exasperatus,
1366 1330 1412 1400 qui
1441 1329 1594 1385 voluntaria
1618 1330 1746 1385 eratim-

947 1418 1049 1489 pietnte
1072 1419 1207 1489 praeeitus.
1226 1440 1238 1466 ιι
1255 1419 1288 1473 Et
1323 1426 1386 1489 post
1408 1434 1515 1488 pauca:
1535 1418 1626 1488 scm,
1651 1418 1747 1474 inlelir

947 1508 1029 1576 luda,
1042 1515 1116 1562 tauta
1131 1506 1298 1580 benignitate
1324 1522 1379 1562 non
1394 1506 1475 1562 uteris
1488 1507 1501 1562 i
1515 1507 1577 1562 Non
1598 1505 1744 1578 spostolici

948 1595 1054 1652 ordinis
1067 1597 1164 1664 honor,
1187 1610 1239 1650 nou
1261 1604 1494 1651 sacramentorum
1512 1595 1560 1651 tibi
1587 1597 1745 1654 commuuio

96 1685 196 1740 dama
223 1685 290 1740 tanti
321 1687 483 1742 sacramenti
519 1689 713 1745 communione
740 1685 1116 1760 exclusum,ssdenegatur.
1140 1705 1152 1732 ι
1169 1685 1236 1739 ltem
1264 1684 1431 1755 Augustinus
1444 1684 1474 1738 in
1500 1699 1582 1740 serm.
1598 1685 1633 1740 26
1660 1701 1745 1755 super

97 1772 455 1846 quiaindignum.1deoque
474 1792 536 1831 eum
564 1793 619 1831 non
647 1779 771 1849 potuisse
799 1780 893 1835 bibere

97 1861 257 1934 sanguinem
275 1862 372 1917 Christi
386 1864 413 1917 in
429 1865 566 1934 mysterio,
585 1867 647 1935 quia
673 1883 735 1922 eum
751 1884 805 1923 non
835 1874 894 1924 erat

98 1949 233 2004 bibiturus
248 1951 273 2004 in
290 1968 387 2024 regno.
404 1953 475 2009 Dicit
486 1954 560 2009 enim
577 1955 613 2011 ita
630 1971 636 2010 :
650 1979 662 2003 ι
680 1958 745 2011 Post
759 1973 818 2027 ane
846 1959 895 2013 Ju-

98 2037 149 2093 das
164 2039 448 2110 proditorindicutur,
477 2044 538 2097 sine
567 2060 623 2116 quo
651 2046 755 2102 Pascha
781 2056 896 2118 accepto

99 2127 184 2183 calice
195 2136 221 2183 ct
235 2128 323 2185 fracto
337 2146 407 2200 pone
417 2129 569 2186 conficitur.
594 2133 699 2204 Dignus
726 2135 797 2189 euim
813 2144 895 2192 reter-

43 2240 48 2249 ·
100 2232 196 2271 norum
216 2227 445 2273 sacramentorum
459 2221 713 2276 communioucnon
728 2222 898 2296 iuerat,quia

101 2313 211 2361 aeterne
225 2306 287 2360 vite
302 2305 430 2378 indignus
446 2316 512 2362 erat.
528 2309 597 2362 Nam
616 2309 776 2367 discessisse
804 2315 897 2369 statim

101 2391 166 2446 hine
180 2392 349 2464 intelligitur,
368 2394 443 2464 quod
458 2411 520 2450 cum
550 2397 636 2451 turbis
657 2414 781 2455 reversus
809 2411 898 2458 osten·

104 2478 183 2534 ditor.
200 2480 294 2551 Neque
309 2496 374 2535 sane
388 2497 448 2537 eum
458 2483 591 2539 eobibere
607 2487 747 2556 poteratin
758 2491 897 2560 mysterio,

950 1774 1082 1830 loannem
1100 1790 1107 1827 :
1126 1794 1137 1816 ι
1153 1772 1215 1828 Non
1229 1780 1360 1844 utputant
1378 1772 1490 1845 quidam
1516 1773 1692 1846 negligenter
1705 1774 1745 1829 le-

948 1871 1056 1934 gentes,
1072 1869 1139 1916 tunc
1153 1860 1235 1915 ludas
1248 1877 1349 1932 corpus
1364 1861 1470 1916 Christi
1491 1862 1612 1934 aceepit.
1638 1861 1745 1919 Intelli-

950 1950 1071 2022 gendum
1085 1957 1127 2006 est
1141 1949 1213 2005 enim
1229 1950 1365 2021 quodjam
1381 1950 1510 2006 omnibus
1523 1950 1745 2007 eisdistu'buarat

950 2040 1083 2095 Dominus
1111 2046 1312 2095 sacramentum
1331 2037 1454 2109 eorporis
1475 2046 1502 2094 et
1524 2038 1667 2111 sauguinis
1694 2039 1745 2106 sni,

951 2128 997 2184 ubi
1013 2133 1041 2182 et
1055 2129 1116 2197 ipse
1131 2127 1219 2182 ludas
1230 2134 1297 2195 erat,
1314 2127 1382 2182 siem
1397 2127 1426 2183 S.
1443 2128 1530 2183 Lucas
1543 2127 1747 2184 evidentissime

952 2225 1064 2279 narrat;
1081 2231 1114 2272 ac
1135 2215 1233 2271 deiude
1255 2216 1290 2271 ad
1318 2218 1491 2271 hoerentem
1514 2223 1565 2286 est,
1578 2216 1625 2271 ubi
1647 2231 1747 2272 secun-

952 2307 1017 2361 dum
1027 2306 1207 2360 narrationem
1220 2303 1333 2360 loannis
1355 2304 1529 2374 apertissime
1553 2305 1688 2362 Dominus
1699 2322 1749 2377 per

952 2394 1101 2450 buccellam
1118 2394 1256 2450 intinctam
1273 2401 1354 2464 atquc
1367 2402 1522 2465 porrectam
1546 2409 1626 2450 suum
1652 2395 1749 2466 expri-

954 2483 1002 2538 mit
1013 2483 1180 2538 traditorem.
1199 2505 1210 2531 ιι

104 2568 151 2639 qui
167 2583 220 2622 nou
236 2576 295 2622 erat
309 2568 445 2623 bibiturus
460 2571 486 2624 in
497 2588 594 2643 regno,
610 2590 671 2629 oum
682 2577 826 2634 universos
837 2587 900 2635 tuno
990 2570 1059 2641 Quia
1073 2571 1156 2643 igilur
1183 2573 1237 2627 Leo
1260 2571 1416 2627 1111111016111
1436 2587 1452 2626 ⁸
1470 2571 1601 2644 mysterii>
1629 2575 1752 2646 1011)οὼ

103 2655 274 2711 bibentasex
293 2656 356 2712 vitis
371 2657 447 2713 istius
463 2659 691 2720 sructubibituros
716 2676 899 2739 sccumpost·
955 2659 1057 2716 01111511
1072 2674 1125 2715 11011
1141 2676 1202 2716 1131
1217 2659 1383 2725 111111110ῑῦ11
1413 2660 1540 2732 1111151111
1567 2671 1753 2720 1111111611)

103 2758 137 2798 ea
152 2743 336 2814 polliceretur.
360 2769 369 2793 ι
955 2766 1015 2804 rum
1033 2749 1252 2805 communionem
1267 2764 1321 2803 nou
1337 2748 1363 2803 ei
1378 2747 1463 2805 luisse
1478 2758 1616 2822 negatam,
1632 2751 1753 2824 itemque

139 2832 167 2888 Si
182 2833 273 2904 itaque
289 2835 452 2906 Augustinus
467 2837 503 2893 ita
519 2847 623 2895 verset
638 2856 693 2896 non
718 2859 782 2899 vere
812 2861 828 2899 n
852 2860 900 2900 sa·
955 2837 1124 2910 Augustinus
1145 2837 1232 2909 ipsum
1260 2837 1358 2892 ludam
1379 2838 1538 2894 interfuisse
1556 2838 1603 2894 ubi
1618 2839 1753 2896 Dominus

107 2922 515 2994 eramentomalosremovisse,
540 2936 567 2982 et
592 2928 722 2985 Hilarium
751 2932 787 2986 ita
812 2933 901 3005 ipsum
956 2934 1154 2982 sacramentum
1180 2926 1304 2997 eorporis
1329 2934 1357 2981 et
1375 2926 1515 2999 sanguinis
1542 2927 1583 2982 sui
1622 2929 1753 2985 omnibns

104 3008 203 3063 ludam
231 3025 248 3064 e
276 3012 467 3069 communione
483 3016 632 3073 exclusisse
649 3019 860 3086 ostenderimus,
874 3030 940 3107 nec
957 3013 1291 3084 discipulisdistribuerat,
1308 3013 1381 3071 Luca
1395 3014 1468 3070 enim
1486 3015 1659 3089 evangelista
1683 3024 1753 3074 testa

103 3097 156 3151 sibi
172 3098 238 3168 ipsis
250 3099 293 3155 vel
306 3100 367 3155 aliis
382 3108 486 3158 sanctis
514 3121 568 3160 non
592 3107 647 3161 sint
662 3109 798 3178 contrarii,
810 3111 902 3165 mani·
955 3102 1085 3171 aihrmat,
1111 3102 1258 3158 videndum
1278 3112 1318 3158 ⁰⁵⁸
1346 3103 1484 3174 qu0ffl0d0
1507 3103 1590 3160 ludu
1614 3113 1643 3161 01
1661 3107 1753 3164 caleri

104 3183 203 3241 festum
219 3188 279 3253 erit,
297 3190 482 3260 Deovolente,
500 3194 564 3264 quis
583 3194 649 3249 mali
677 3211 778 3268 corpus
806 3199 902 3254 Christi
956 3192 1021 3248 mali
1051 3208 1150 3263 corpus
1169 3191 1267 3246 Christi
1296 3207 1405 3247 sumere
1416 3200 1442 3248 et
1459 3207 1629 3250 consumere
1649 3193 1753 3251 intelli·

105 3283 224 3344 sumunt,
237 3293 302 3333 vere
317 3287 446 3350 quantum
458 3281 493 3335 ad
511 3282 701 3350 substantiam,
731 3290 757 3341 et
772 3302 827 3342 non
838 3304 902 3345 vere
956 3291 1065 3355 guntur,
1082 3297 1117 3335 ¹¹0
1132 3280 1199 3336 1111ῑί
1215 3280 1525 3352 Ρ1111811111111111151111
1540 3298 1609 3336 1111111
1632 3283 1753 3355 spiritus.

104 3373 233 3434 quantum
245 3365 279 3419 ad
292 3368 420 3438 gratiam.
443 3369 476 3423 Et
491 3371 566 3440 prius
592 3371 704 3443 quidem
724 3375 810 3430 rerba
832 3376 903 3432 beati
956 3386 1011 3426 non
1022 3370 1209 3436 dissensionis,
1226 3369 1275 3424 sed
1291 3369 1375 3440 pacis,
1391 3385 1406 3423 a
1423 3385 1453 3425 se
1467 3369 1617 3427 dissentire
1645 3372 1755 3429 videan-

105 3451 199 3506 llilarii
217 3456 390 3510 concorditer
411 3472 470 3513 cum
501 3459 560 3513 aliis
582 3462 686 3516 sanctis
713 3471 897 3533 exponantur.
956 3457 1106 3527 tnr.Qnam
1122 3458 1303 3529 questionem
1326 3457 1385 3528 ipse
1400 3459 1567 3530 Augustinus
1585 3459 1613 3515 in
1628 3475 1755 3518 sermone

105 3540 250 3597 Sineluda
265 3544 336 3598 enim
349 3546 462 3612 Pascha,
487 3546 514 3601 id
538 3556 583 3602 est
608 3551 749 3605 transitum
764 3551 799 3606 ad
820 3552 902 3607 vitam
958 3547 1180 3616 Deblssplremia
1196 3546 1310 3617 Spiritus
1329 3547 1416 3603 sancti
1439 3555 1569 3613 tractans,
1586 3549 1626 3603 ait
1654 3555 1752 3620 (serm.

105 3629 202 3684 contisi
225 3629 300 3699 dicit,
323 3632 387 3703 qnia
405 3634 580 3704 spiritualiter
605 3638 664 3707 eJus
692 3639 827 3710 particeps
849 3656 903 3695 non
957 3637 1001 3701 rt,
1022 3653 1049 3690 n.
1066 3638 1110 3701 tr,
1126 3644 1192 3690 tom.
1222 3635 1255 3689 V.
1276 3635 1335 3691 Col.
1348 3635 1412 3707 391)
1428 3653 1435 3690 :
1454 3660 1464 3683 ·
1485 3635 1554 3691 illud
1577 3637 1660 3693 etism
1680 3638 1755 3710 qued

104 3714 163 3770 init.
177 3716 256 3772 Unde
270 3719 352 3774 etiarn
374 3721 512 3790 subjecit:
532 3747 543 3770 ι
560 3724 666 3794 Dignus
694 3728 766 3782 euim
789 3737 904 3784 aetemo·
958 3725 995 3780 ait
1018 3745 1024 3779 :
1049 3725 1102 3794 Qui
1120 3725 1275 3781 munducat
1286 3741 1377 3780 meam
1393 3740 1521 3790 curnem,
1535 3725 1645 3783 ettttnr
1657 3743 1756 3784 mecm

105 3819 165 3857 rum
181 3815 416 3862 sacramentorum
433 3812 624 3867 commuuione
641 3829 693 3869 non
716 3814 816 3884 suerat,
841 3817 905 3887 quia
957 3816 1136 3886 sosipatrem,
1146 3814 1347 3879 iamsmunet,
1359 3817 1387 3869 et
1401 3829 1449 3881 eqo
1461 3812 1633 3884 ineotloun.
1649 3832 1687 3880 vr,
1697 3816 1755 3886 at),

105 3893 419 3966 reternaevitaeindignus
440 3905 506 3951 erat.
524 3897 603 3966 Quod
630 3917 665 3955 ex
688 3901 785 3958 affectu
813 3905 903 3975 operia
959 3901 1095 3971 quomodo
1104 3900 1266 3956 intellecturi
1292 3901 1556 3972 snmusih'unquid
1580 3902 1664 3957 etiarn
1691 3902 1757 3959 illes

104 3981 248 4051 approbet,
266 3982 330 4054 quia
345 3986 432 4038 statim
448 3994 510 4056 post
530 3987 681 4043 buccellam
711 3992 746 4046 ad
774 3993 904 4063 perditio·
957 3991 1001 4046 hie
1011 3992 1158 4061 poterimus
1172 3989 1308 4059 accipere,
1324 3989 1359 4044 de
1387 3988 1486 4059 quibus
1511 3988 1579 4043 dicit
1599 3990 1756 4060 Apostolus,

105 4083 167 4121 nem
183 4068 277 4123 exivit.
298 4088 308 4120 ι
326 4068 404 4136 Quod
419 4089 448 4126 se
459 4089 513 4128 non
528 4076 676 4131 secundum
692 4080 861 4150 corporalem
877 4090 904 4136 et
958 4079 1033 4153 quod
1044 4076 1239 4146 judiciumsibi
1248 4077 1414 4132 manducent
1428 4085 1455 4132 ct
1470 4077 1571 4145 bibant,
1587 4092 1651 4133 eum
1666 4077 1757 4150 ipsam

107 4156 286 4227 temporalem
302 4161 519 4217 communionem
542 4164 656 4231 dixisse,
685 4168 734 4222 sed
755 4170 903 4225 secundum
958 4183 1066 4223 carnem
1078 4166 1251 4235 manducent,
1281 4172 1307 4220 et
1325 4167 1414 4236 ipsum
1435 4166 1597 4237 sanguinem
1625 4166 1758 4223 bibant?

107 4244 273 4314 spiritualem
285 4253 313 4302 et
327 4253 467 4319 aeternum,
486 4253 563 4323 rujns
591 4255 767 4311 tantumbuni
791 4258 903 4328 partici·
956 4255 1087 4327 Nunquid
1109 4263 1136 4310 et
1163 4254 1253 4309 ludas
1276 4253 1400 4327 magistri
1429 4253 1564 4321 venditor,
1589 4262 1617 4311 et
1643 4255 1760 4312 trediter

106 4343 231 4406 pessunt
258 4337 385 4401 ostendit,
410 4354 473 4394 eum
501 4341 664 4414 subjungit:
684 4366 695 4392 ιι
712 4345 806 4416 Neque
835 4363 902 4401 senc
959 4342 1189 4415 ipsius,quamvis
1210 4342 1300 4413 ipsum
1315 4342 1440 4397 manibus
1461 4341 1521 4411 ejus
1543 4342 1758 4400 contestamus-

107 4439 168 4480 cum
198 4440 231 4480 ee
252 4425 345 4481 bibere
370 4435 474 4498 poterat
497 4429 524 4483 in
544 4431 679 4501 mysterio,
703 4434 818 4504 quinon
847 4441 905 4490 erat
960 4441 1129 4489 crumentum
1151 4431 1240 4486 castris
1269 4438 1296 4485 et
1322 4429 1464 4503 sanguinis
1485 4429 1547 4500 ejus
1570 4446 1632 4486 eum
1649 4433 1760 4489 coiens

108 4511 242 4568 bibitums
265 4513 292 4568 in
313 4531 410 4586 regno.
428 4539 439 4564 ι
461 4515 605 4585 Quomodo
629 4519 701 4574 enim
730 4523 907 4593 corporaliter
962 4520 1116 4592 discipulis,
1127 4520 1196 4575 sicut
1211 4519 1424 4590 apertiushucas
1441 4518 1611 4591 evangeliste
1625 4519 1759 4587 declarat,

108 4602 247 4672 corporale
263 4619 325 4658 cum
336 4619 369 4660 eo
384 4604 481 4660 bibere
500 4615 701 4664 sacramentum
725 4626 780 4666 non
802 4617 906 4682 posset,
962 4609 1138 4665 manducaret
1152 4615 1178 4663 et
1193 4608 1298 4663 biberet
1311 4625 1317 4671 ;
1330 4608 1429 4662 mansit
1449 4607 1475 4661 in
1494 4607 1610 4674 Christo,
1628 4616 1656 4663 et
1681 4608 1762 4664 Chri·

110 4689 154 4761 qui
166 4699 276 4745 eatenus
295 4692 330 4746 ab
352 4693 446 4749 ordine
474 4696 622 4765 apostolice
641 4706 668 4753 et
691 4714 740 4754 suu
768 4701 907 4756 consortio
962 4705 1020 4752 stus
1034 4698 1061 4752 iu
1076 4713 1108 4754 eo
1124 4697 1138 4751 l
1153 4697 1208 4754 Sed
1224 4696 1512 4768 prolecteestquidam
1524 4696 1623 4751 modus
1639 4696 1761 4752 mandu-

108 4787 292 4834 remotusnon
309 4781 407 4850 iuerat,
433 4799 492 4838 cum
517 4792 586 4839 teate
604 4787 735 4857 Apostolo
757 4797 783 4843 et
803 4790 907 4845 caeteris
962 4786 1042 4842 caudi
1065 4800 1176 4842 carnem
1198 4784 1308 4850 Christi,
1330 4791 1357 4839 et
1382 4784 1492 4840 bibendi
1514 4784 1761 4856 sanguinemque

110 4868 209 4921 sanetis
220 4869 307 4924 malos
322 4870 441 4940 quotidie
458 4871 598 4928 videamus
613 4891 720 4931 sumere
749 4876 908 4933 indifferen·
962 4873 1096 4944 modoqui
1108 4872 1312 4928 manducaverit
1327 4881 1352 4928 et
1364 4873 1463 4930 biberit
1483 4873 1510 4928 in
1532 4873 1637 4929 Christe
1655 4883 1761 4941 manet,

47 5003 49 5005 ,
112 4962 151 5009 ter
165 4970 265 5027 eorpus
280 4958 388 5012 Domini
405 4975 457 5013 non
473 4961 505 5013 ad
522 4963 702 5031 salutem,sed
713 4964 746 5019 sd
757 4965 908 5034 judicium?
963 4962 1159 5019 etChristusiu
1182 4977 1224 5016 eo.
1236 4982 1248 5011 ι
1261 4963 1327 5016 Item
1346 4962 1418 5017 idem
1434 4963 1462 5016 in
1478 4977 1603 5017 sermone
1618 4961 1652 5018 de
1667 4962 1762 5018 verbis

110 5043 171 5097 Nisi
184 5060 251 5116 ergo
268 5045 344 5101 ludae
369 5046 415 5101 illu
430 5049 632 5118 impossibilitas
659 5054 785 5108 sumendi
810 5070 909 5125 corpus
962 5051 1104 5124 Evangelii
1122 5070 1128 5105 :
1149 5074 1160 5100 ιι
1177 5049 1249 5119 Quid
1274 5060 1314 5106 est
1336 5050 1471 5106 Christum
1497 5051 1763 5107 manducare‘lNon

111 5132 220 5186 Domini
248 5134 426 5203 spiritualiter
446 5137 608 5209 ascribatur,
637 5156 698 5195 cirta
728 5144 817 5197 caeteri
844 5142 907 5198 mali
962 5141 1166 5198 hecsolumest
1184 5140 1511 5211 insacramentocerpus
1534 5141 1594 5209 ejus
1618 5140 1761 5210 accipere.

111 5230 175 5285 illud
191 5232 372 5303 corporaliter
393 5250 502 5289 sumere
516 5240 623 5306 possint
650 5247 677 5294 et
705 5240 906 5308 consueverint,
962 5239 1037 5294 ttutti
1061 5237 1132 5292 cuim
1153 5235 1264 5308 indigne
1275 5236 1421 5307 accipiunt,
1437 5237 1471 5291 de
1486 5236 1584 5306 quibus
1611 5236 1763 5307 Apostolus

111 5331 200 5403 ipsum
224 5330 312 5386 solum
340 5348 396 5387 nou
425 5335 546 5404 potuisse
576 5336 648 5407 quod
673 5338 764 5393 caeteri
781 5346 907 5409 possunt,
963 5334 1484 5404 ait:Quiruoaducutethibitcolicam
1497 5334 1611 5392 Domini
1628 5334 1761 5406 indigne,

111 5430 260 5499 procedere
275 5445 329 5485 non
340 5431 459 5486 videtur.
478 5431 546 5501 Quia
562 5449 629 5506 ergo
658 5434 834 5491 tolerabiliter
860 5451 910 5491 er·
957 5434 1101 5507 judicium
1109 5432 1164 5488 sibi
1172 5432 1327 5488 ntunducut
1338 5435 1365 5487 et
1373 5429 1441 5486 bibit
1456 5429 1480 5501 (l
1494 5431 1553 5487 Cur.
1570 5447 1612 5498 rr,
1624 5430 1688 5501 29).
1704 5429 1762 5486 Sed

113 5526 229 5598 positum
242 5531 294 5595 est,
319 5530 417 5585 ludam
431 5544 448 5584 a
461 5530 634 5588 coniectione
657 5533 782 5604 corporis
809 5532 909 5590 Christi
963 5529 1101 5603 quomodo
1127 5527 1331 5585 manducandus
1359 5535 1399 5584 est
1426 5527 1583 5584 Christus?
1611 5525 1762 5599 Quomodo
