3728 6000
62 237 116 291 325
377 222 585 286 DlSPUTATiO
604 224 741 282 ALTERA
760 219 945 280 ADVERSUS
963 218 1200 280 ABAELARDUM.
1216 253 1252 264 -
1266 219 1332 277 tta.
1355 220 1403 278 1112
1661 220 1716 279 888
1788 176 1792 191 ³

60 368 90 415 ut
102 367 155 414 aut
168 362 209 414 tot
223 355 358 426 tantisque
370 353 483 409 testibus
499 351 636 417 decredat,
653 358 680 404 et
692 348 865 405 Christianus
882 363 904 414 Λ
921 345 1108 415 confirmetur,
1125 363 1158 402 nc
1173 347 1289 401 liberum
1313 347 1470 403 destruatur
1490 345 1641 401 arbitrium.
1657 350 1715 403 Au·

61 464 117 504 non
133 448 185 513 sit;
201 454 246 502 aut
262 445 286 500 si
300 444 395 508 credit,
412 442 529 498 scrutari
543 439 651 495 desinat
665 437 863 502 inscrutabilia,
921 435 1718 507 guntinusiaepismadlatenuaumabbatem:unamines

61 536 209 609 elquiellls
223 535 277 589 Siti
294 535 334 589 Do
351 535 403 588 buc
418 541 509 586 lamen
524 527 707 600 ploiuutliittie
728 527 773 598 qui
794 524 864 580 filiti-
920 535 1008 601 lesus,
1027 535 1123 606 inquit,
1140 550 1194 590 non
1209 533 1283 605 prius
1299 534 1371 589 penit
1385 533 1558 602 utjudicarel
1577 534 1717 601 mundum,

66 628 129 682 iiiel'
144 625 281 696 inquirere
297 622 425 685 voluerii,
443 620 520 691 legat
539 618 687 672 Secundum
707 615 865 685 eliminium,
922 624 970 678 sed
986 633 1015 678 ut
1026 624 1181 678 Sdinl'eitll'
1194 622 1312 678 mundus
1323 624 1489 694 peripsum
1505 631 1601 694 postea
1611 623 1719 692 judica.

65 714 142 787 quoti
158 722 204 769 esi
225 713 260 768 de
285 720 405 781 {empore
429 708 590 764 Christiana!
615 704 757 776 religionis
781 703 866 757 iibt‘ili
921 712 961 766 hit
975 711 1033 783 ipse
1049 712 1180 766 mundum
1197 715 1307 784 quando
1321 719 1451 767 venturus
1477 720 1519 767 est
1537 711 1661 780 judicare
1675 711 1719 765 vi..

66 804 159 867 iffillS·
184 818 265 873 quem
291 797 442 870 comllosuii
465 799 493 851 Β·
517 796 683 867 Augustinus
705 793 795 865 (Alid-
820 793 864 857 49,
920 816 971 857 vos
986 810 1011 854 ct
1026 805 1157 856 mortuos.
1170 800 1198 856 si
1211 816 1279 872 ergo
1290 816 1344 855 nou
1356 809 1395 855 est
1405 800 1455 854 Dei
1470 800 1570 871 gratia,
1583 801 1719 872 quomodo

67 900 168 965 quaest.
176 907 207 960 ιι)
215 890 248 945 ad
261 889 462 961 presbyterum,
471 885 517 957 qui
528 885 675 939 vocabatur
687 884 743 938 Deo
753 882 865 954 aralius·
922 889 1008 944 salvat
1018 889 1172 945 mundum?
1183 889 1243 945 etsi
1254 904 1307 944 nou
1318 897 1359 944 est
1370 889 1484 944 liberum
1496 889 1645 954 arbitrium,
1655 905 1719 963 quo·

68 982 105 1034 At
119 980 220 1036 Petrus
234 978 308 1033 domi
327 991 389 1032 cum
402 975 488 1031 Jacob
503 974 627 1028 habiture
649 971 763 1042 simplex
786 970 868 1025 ‹tedi-
922 977 1114 1047 modojudicat
1123 978 1275 1033 mundum?
1284 1001 1296 1028 ι
1305 979 1336 1032 Ει
1347 977 1420 1033 iufra
1431 980 1457 1032 in
1466 978 1559 1033 eadem
1572 995 1579 1033 ι
1593 1000 1605 1026 a
1618 978 1719 1034 Capera

67 1077 188 1142 gnatum
205 1067 253 1124 sed
267 1066 346 1122 lortis
360 1072 473 1121 venator
489 1071 518 1117 ut
532 1063 605 1117 Esau
618 1062 702 1116 silvas
718 1060 870 1132 ingreditur
922 1082 1002 1139 ergo,
1018 1067 1090 1137 quod
1105 1072 1195 1122 tanaus
1214 1069 1363 1138 Apostolus
1385 1075 1438 1122 ιω
1464 1067 1620 1123 terribiliter
1642 1067 1718 1133 dicit,

68 1159 232 1220 umbrosam
254 1163 280 1211 et
293 1172 328 1210 ex
342 1170 408 1210 areu
422 1168 553 1224 perverso
567 1168 647 1221 quem
662 1150 761 1204 diutius
776 1156 870 1204 exten·
923 1164 949 1210 er
965 1155 1135 1211 autscarius
1157 1172 1213 1211 non
1233 1171 1282 1211 vos
1306 1155 1468 1227 intelligere,
1493 1155 1598 1211 inierim
1620 1155 1720 1212 divinis

67 1249 159 1311 derat,
176 1244 343 1304 conditionis
357 1244 437 1311 hujus
451 1240 593 1297 toxicatam
614 1240 738 1312 sagittam
755 1237 864 1293 omittit.
924 1244 1041 1316 eloquiis
1066 1244 1183 1311 credite,
1207 1245 1271 1314 quja
1299 1251 1327 1301 aa
1355 1244 1472 1300 libemm
1500 1244 1642 1299 „hamum
1668 1261 1722 1301 nec

69 1337 115 1391 Sic
132 1336 218 1399 enim,
230 1334 317 1406 inquit
334 1356 346 1381 a
365 1331 400 1386 ad
415 1332 484 1386 benc
496 1329 642 1384 vivendum
655 1327 790 1399 reprobos
803 1343 871 1397 prae·
923 1334 1046 1390 converti
1076 1341 1162 1405 potest
1178 1334 1213 1388 ad
1229 1334 1325 1398 Deum,
1342 1350 1392 1389 nec
1406 1333 1540 1405 prolicere
1563 1334 1590 1388 in
1614 1335 1686 1391 Deo.
1707 1357 1719 1383 s

68 1425 172 1497 parari,
189 1425 259 1479 sicut
273 1423 385 1483 electos,
402 1420 429 1474 id
445 1419 573 1474 videlicet
587 1418 702 1473 dicendo
726 1425 750 1471 et
772 1416 869 1471 admo-
925 1422 1722 1494 ldeminepisthadaurndemn.Fidascaaholicatibemm

69 1514 173 1579 nendo,
184 1522 212 1567 et
220 1512 378 1569 faculatem
394 1509 547 1581 prebendo
558 1508 668 1562 utnulla
682 1507 738 1576 jam
754 1505 871 1576 supersit
925 1511 1068 1567 arbitrium
1083 1527 1137 1567 non
1152 1515 1246 1582 negat,
1258 1511 1315 1567 sire
1327 1511 1355 1565 iu
1369 1510 1480 1578 malum,
1492 1511 1549 1567 sive
1562 1513 1587 1565 in
1604 1512 1721 1577 bouum;

68 1603 256 1660 excusatior
283 1601 316 1655 Et
331 1600 446 1670 loquens
472 1614 533 1652 curn
561 1594 722 1650 adversariis
737 1593 869 1665 adjungit,
925 1616 1015 1672 neque
1030 1604 1134 1655 mnium
1150 1599 1174 1654 ai
1190 1600 1292 1666 tribuit,
1317 1608 1347 1656 „a
1370 1600 1429 1655 5500
1453 1601 1502 1655 Dei
1522 1600 1609 1673 gnus,
1632 1602 1723 1658 γηθεῖ

69 1693 167 1748 dicens
182 1709 190 1744 ε
209 1710 220 1740 ι
237 1688 292 1747 Sed
307 1689 375 1743 dicis
395 1688 459 1758 quia
484 1687 557 1740 Deus
581 1684 681 1739 bonam
706 1684 869 1739 voluntatem
887 1721 912 1784 B
927 1688 1040 1759 aliquid,
1056 1690 1114 1744 slve
1129 1694 1158 1744 ut
1173 1706 1206 1744 er
1221 1690 1293 1744 malo
1308 1697 1484 1745 convertatur
1497 1690 1529 1743 ud
1543 1691 1654 1757 bonum,
1664 1691 1723 1747 sire

69 1783 97 1835 in
113 1778 238 1851 reprobis
253 1793 307 1833 non
324 1776 397 1843 lecit,
411 1776 480 1829 simrt
491 1775 517 1828 in
529 1773 633 1829 electis.
649 1796 660 1821 n
675 1773 704 1827 Et
719 1773 764 1844 qni
778 1774 869 1827 catlro·
927 1786 956 1832 ιιι
970 1779 997 1832 in
1014 1779 1085 1832 bono
1095 1788 1303 1848 perseveranter
1313 1775 1446 1848 proficiat,
1460 1780 1519 1833 sire
1530 1783 1560 1833 ut
1570 1779 1604 1834 ad
1616 1779 1722 1835 bonnm

69 1864 541 1926 licaelirmitudioislaudamentum
566 1863 654 1917 modis
680 1861 873 1918 omnibusde-
928 1866 1129 1936 sempiternom
1145 1867 1417 1937 pervoniat-tuem
1432 1867 1467 1921 ad
1481 1866 1633 1923 lulianum:
1653 1891 1664 1917 u
1677 1869 1724 1924 Li·
1823 1872 1827 1883 “

70 1959 162 2022 struit,
172 1967 199 2012 et
207 1971 287 2012 more
298 1970 348 2010 sno
359 1955 394 2009 de
404 1970 454 2009 suo
466 1953 579 2025 loquens
589 1953 628 2007 sic
641 1952 753 2007 destruit
766 1967 772 2002 :
787 1973 798 1999 a
813 1950 875 2004 Cu!-
928 1954 1022 2009 berum
1046 1954 1195 2020 arbitrium,
1211 1956 1263 2009 uisi
1278 1955 1367 2026 gratia
1381 1954 1431 2010 Dei
1443 1955 1564 2024 juretur.
1590 1971 1640 2012 nec
1663 1958 1725 2028 ipsa

70 2045 289 2119 pandi,»iuquit,
301 2066 313 2092 ι
326 2042 435 2114 reprobi
447 2058 502 2097 non
513 2041 697 2107 suut,sirecte
708 2038 873 2106 convivunt,
928 2044 998 2098 bone
1012 2045 1138 2098 voluutas
1153 2043 1181 2097 in
1195 2044 1305 2099 homine
1328 2059 1389 2098 esse
1409 2051 1508 2114 potest.
1527 2067 1538 2092 s
1566 2044 1598 2099 Ει
1611 2045 1639 2098 ia
1655 2044 1725 2102 tiara

71 2135 147 2192 sicut
163 2135 245 2189 electi
262 2150 270 2186 ι
285 2147 350 2188 cnm
366 2131 400 2186 ad
413 2130 601 2187 rectitudinem
616 2129 678 2185 vitae
695 2128 750 2182 illis
771 2127 806 2181 sit
828 2125 875 2181 illa

74 2232 184 2297 negata
198 2221 299 2296 gratia,
311 2221 372 2276 sine
387 2235 438 2291 qua
453 2228 527 2274 recte
541 2221 631 2273 vivere
645 2218 798 2272 nullatenus
812 2231 876 2287 pos·

70 2321 146 2369 sont.
165 2336 177 2360 n
200 2313 263 2366 llaec
284 2317 326 2365 est
340 2308 523 2366 uetustissima
549 2307 759 2379 pelagianorum
784 2305 875 2359 haere-

71 2403 192 2457 ticorum
222 2400 328 2472 argutio
352 2415 358 2450 :
382 2398 434 2453 hac
460 2397 587 2452 machina
611 2398 706 2468 gratiae
729 2392 876 2465 singularis

929 2133 969 2188 De
985 2131 1076 2187 verbis
1093 2132 1200 2187 Domini
1218 2150 1224 2186 :
1244 2156 1254 2182 ι
1272 2131 1295 2189 0
1310 2132 1409 2187 malum
1424 2133 1542 2188 liberum
1566 2132 1724 2203 arbitrium,

929 2221 980 2275 nisi
997 2221 1046 2275 Dei
1059 2221 1280 2293 grstiajuvetur.
1298 2244 1310 2270 ι
1335 2221 1370 2275 Ει
1384 2221 1417 2275 ad
1432 2220 1558 2293 Optatam
1575 2238 1582 2277 :
1600 2244 1611 2270 a
1628 2223 1726 2279 llerito

930 2309 1067 2366 videretur
1089 2309 1217 2379 injustum
1233 2310 1304 2380 quod
1321 2308 1388 2364 hunt
1402 2325 1466 2365 vasa
1481 2310 1528 2365 irae
1542 2310 1577 2365 ad
1593 2310 1727 2380 perditio·

930 2414 1002 2464 nem,
1018 2398 1041 2453 si
1055 2413 1111 2452 non
1132 2402 1206 2453 esset
1232 2399 1290 2469 ipsa
1314 2413 1403 2454 massa
1428 2399 1559 2455 uniuersa
1583 2415 1615 2454 ex
1639 2399 1725 2456 Adam

70 2490 268 2547 excellentiam
286 2486 490 2559 oppugnabant,
503 2485 551 2540 sed
562 2501 616 2541 non
626 2483 830 2554 expugnabant.
843 2481 876 2535 tlt
929 2488 1067 2542 damnata.
1083 2484 1161 2555 Quod
1177 2502 1242 2559 argo
1257 2484 1323 2542 fiunt
1337 2486 1475 2542 nascendo
1491 2503 1554 2543 vasa
1569 2488 1627 2556 jara,
1639 2489 1727 2560 pani.

71 2580 108 2634 ud
124 2580 280 2647 hocusque
304 2578 363 2632 haec
385 2574 454 2630 lalsa
477 2573 666 2629 benevolentia
681 2588 729 2629 eos
743 2571 874 2636 tmhebat,
930 2581 976 2631 net
986 2576 1020 2630 ad
1035 2575 1152 2631 debitam
1164 2591 1272 2646 poenam
1283 2591 1289 2645 ;
1302 2576 1376 2648 quod
1385 2574 1551 2632 autemliunt
1560 2578 1727 2635 renascendo

71 2665 349 2741 quatenusinlautes
365 2664 423 2719 siue
438 2663 564 2736 originali
580 2669 692 2733 peccato
714 2660 788 2715 nasci
811 2675 875 2730 per·
930 2679 995 2721 vasa
1023 2663 1233 2731 misericordia,
1262 2665 1379 2735 pertinet
1407 2664 1441 2720 ad
1470 2664 1620 2721 indebitam
1658 2682 1726 2738 gra.

74 2759 219 2821 biberent,
237 2759 265 2811 et
279 2755 341 2809 siue
355 2753 490 2824 baptismo
514 2752 542 2805 in
566 2767 651 2823 regno
674 2749 806 2807 colorum
830 2763 878 2803 eos
929 2754 1004 2809 tiam.
1023 2776 1035 2801 ι
1057 2754 1123 2808 laem
1138 2752 1172 2808 ad
1188 2754 1313 2809 eamdem
1332 2772 1339 2808 :
1356 2777 1368 2802 ι
1386 2754 1447 2810 Non
1462 2753 1549 2809 salum
1563 2755 1663 2826 jassus,
1679 2757 1728 2813 sed

75 2843 396 2917 ingredipraediearent.
424 2841 477 2896 Sed
493 2848 622 2911 quantum
646 2839 698 2894 ista
720 2837 788 2893 laisa
812 2836 877 2903 sint,
930 2848 958 2898 et
972 2841 1127 2896 misericors
1142 2840 1242 2913 figulus
1259 2841 1314 2895 alia
1328 2856 1397 2896 arasa
1420 2842 1448 2895 in
1472 2842 1602 2898 honorem
1625 2859 1727 2900 secuu-

77 2936 146 2991 lstet
170 2933 311 2989 nemiuem
334 2932 380 3003 qui
401 2930 534 2986 catholiea
553 2928 686 2993 doctrina,
710 2934 737 2982 et
760 2926 878 2980 maxime
931 2930 995 2986 dum
1011 2928 1146 3002 gratiam,
1163 2944 1217 2985 non
1241 2930 1392 2985 secundum
1411 2930 1544 2996 debitum,
1567 2930 1640 3000 lacit,
1664 2934 1728 2991 dom

74 3024 151 3079 beati
166 3021 258 3079 verbis
271 3019 416 3092 Augustini
431 3018 554 3073 eruditus
568 3017 612 3072 sit.
630 3018 724 3072 Petrus
739 3030 817 3087 ergo,
832 3012 878 3086 qui
932 3027 960 3074 et
972 3019 1093 3090 parvulis
1107 3017 1241 3085 subvenit,
1259 3035 1373 3090 quorum
1389 3018 1463 3074 nulla
1479 3021 1574 3075 merila
1587 3021 1642 3077 dini
1657 3038 1728 3094 pos.

74 3111 206 3184 superius
221 3109 392 3182 pelagianam
418 3107 527 3164 heresin
547 3104 836 3171 anathematizaverat,
852 3110 879 3158 et

74 3208 173 3259 contra
184 3214 246 3255 earn
258 3199 372 3266 fortiter,
382 3196 525 3263 ueraciter,
537 3196 670 3251 catholice
680 3195 876 3264 disputaverat,

76 3305 154 3346 nunc
178 3288 279 3345 talibus
300 3286 511 3358 obligationibus
536 3284 640 3341 erroris
665 3283 825 3347 involvitur,
850 3288 880 3336 ut

76 3386 205 3452 patenter
216 3384 329 3442 asserat,
346 3376 379 3431 ad
395 3374 470 3430 illurn
494 3390 569 3429 suam
594 3372 773 3428 communiter
788 3370 878 3426 omoi-

79 3469 144 3535 bun,
160 3468 256 3531 idest,
273 3474 300 3521 et
314 3464 411 3520 electis
424 3473 451 3519 et
466 3463 600 3535 reprobis,
616 3462 735 3518 oblatam
753 3461 878 3532 gratiam,

73 3558 178 3615 nullam
187 3554 364 3612 comisaDeo
375 3553 602 3625 praeparationem
612 3549 672 3605 lore
681 3550 878 3610 neeessariam:

75 3648 127 3702 sed
144 3648 214 3701 bunc
237 3660 272 3700 ex
298 3643 383 3698 libero
409 3641 521 3697 arbitrio
546 3641 673 3695 omnibus
693 3639 793 3701 inesse,
809 3637 881 3707 quod

78 3752 143 3793 eam
159 3734 278 3806 quisque
292 3737 386 3803 potest
405 3731 528 3800 recipere
551 3738 577 3785 et
600 3729 674 3800 quod
692 3727 766 3783 Deus
782 3728 881 3781 bonam

83 3825 258 3882 uoluntatem
284 3837 339 3876 non
358 3821 439 3875 iaciat
461 3820 488 3873 in
512 3818 606 3874 electis
625 3817 691 3885 suis,
706 3818 775 3873 sieut
789 3832 840 3871 nec
854 3815 881 3870 iu

83 3912 212 3986 reprobis
229 3927 236 3966 :
253 3911 299 3983 qui
314 3909 440 3965 tamensi
455 3908 482 3963 id
498 3907 599 3963 luceret
618 3909 645 3961 in
667 3906 772 3972 electis,
788 3914 814 3960 et
829 3920 882 3960 non

85 4003 220 4059 similiter
230 4000 331 4055 laceret
343 3999 369 4053 in
380 3997 514 4069 reprobis,
526 3997 596 4052 benc
606 3996 640 4052 de
651 3995 812 4051 rectitudine
821 3995 882 4049 vltae

80 4089 195 4164 reprobi
212 4106 242 4145 se
258 4096 370 4160 possent
382 4102 521 4142 excusare.
537 4086 609 4141 Ecce
624 4084 660 4140 ad
674 4092 786 4155 quantas
802 4082 883 4138 laeces

80 4181 167 4237 liberi
180 4178 314 4235 defensor
328 4175 434 4232 arbitrii
449 4175 577 4245 delapsus
591 4182 643 4243 est,
660 4189 722 4229 cum
737 4172 884 4244 Apostolus

81 4271 157 4327 dicat
174 4285 181 4324 t
199 4290 212 4316 ι
228 4268 303 4322 Deus
318 4273 358 4322 est
373 4265 418 4336 qui
433 4272 564 4336 operatur
578 4262 701 4318 innubis
715 4270 741 4317 et
758 4261 828 4316 velle
857 4267 884 4316 et

82 4358 215 4432 perlicere
231 4356 348 4428 (Philip.
365 4357 413 4424 nl,
432 4378 444 4403 ι
460 4354 522 4427 quia
540 4354 586 4407 illa
600 4351 699 4424 gratia,
715 4366 796 4423 quam
810 4364 884 4421 pre-

910 3112 1011 3174 ‘sunt3
1033 3115 1059 3163 et
1074 3107 1191 3177 majores
1205 3108 1345 3178 praevenit,
1362 3116 1392 3163 ut
1405 3107 1506 3163 habere
1521 3108 1613 3181 aliqua
1631 3112 1729 3169 merita

932 3197 1049 3266 possint.
1070 3220 1080 3242 a
1101 3196 1176 3251 ldem
1196 3196 1224 3250 in
1248 3196 1318 3251 libro
1332 3197 1371 3251 De
1386 3196 1493 3252 claritate
1505 3197 1555 3252 Dei
1571 3214 1578 3254 :
1597 3199 1729 3257 «Dicitur

933 3286 1014 3341 etiam
1030 3284 1155 3341 voluntas
1167 3285 1228 3353 Dei,
1243 3300 1324 3354 quam
1340 3284 1404 3340 lecit
1417 3285 1445 3338 in
1459 3284 1587 3340 cordibus
1600 3287 1730 3344 obedien·

933 3375 1004 3430 tium
1018 3374 1158 3429 mandatis
1173 3373 1234 3443 ejus
1246 3390 1253 3428 :
1265 3373 1299 3429 de
1315 3390 1367 3444 qua
1382 3373 1446 3428 dicit
1457 3374 1602 3445 Apostolus
1615 3391 1621 3431 :
1635 3377 1729 3434 «Deras

934 3471 975 3517 est
991 3462 1077 3529 euim,
1095 3463 1139 3533 qui
1156 3468 1285 3531 operatur
1299 3463 1327 3515 in
1343 3462 1422 3517 vobis
1437 3461 1508 3518 velle
1522 3463 1639 3537 (Philip.
1655 3466 1699 3538 ιι.)
1715 3490 1727 3516 s

935 3552 986 3608 Ubi
1001 3559 1042 3606 est
1057 3566 1125 3622 crgo
1140 3552 1234 3606 Petrus
1248 3553 1275 3606 ct
1290 3558 1433 3620 sequentes
1447 3551 1514 3619 ejus,
1532 3551 1579 3622 qui
1593 3552 1732 3611 conliden-

936 3648 975 3695 tes
997 3640 1024 3694 in
1047 3640 1146 3695 uirtute
1170 3656 1227 3707 sua,
1252 3646 1278 3695 et
1301 3639 1328 3694 in
1348 3639 1500 3694 simulacris
1528 3641 1731 3700 mendaciorum

935 3744 1061 3793 suorum,
1078 3727 1205 3784 dicebant
1232 3743 1313 3783 :uon
1336 3735 1375 3782 est
1397 3727 1553 3783 hominibus
1575 3732 1733 3790 necessaria

936 3818 1026 3873 cordis
1055 3816 1220 3888 praeparatio
1244 3832 1260 3871 a
1283 3817 1359 3880 Deo;
1385 3832 1438 3873 non
1461 3815 1525 3872 lacit
1539 3818 1612 3874 Deos
1633 3819 1732 3878 bonam

936 3907 1104 3961 voluntatem
1120 3906 1147 3961 in
1161 3905 1257 3961 electis
1271 3904 1341 3960 suis.
1368 3905 1540 3962 ltesistitisne
1552 3907 1662 3964 adhuc?
1676 3913 1733 3966 Au-

936 3994 1001 4062 dite,
1026 3993 1094 4065 quid
1118 3994 1206 4066 gratia
1230 3992 1314 4048 iaciat
1336 3993 1364 4048 iu
1388 3992 1506 4049 homine.
1522 3996 1690 4068 Augustinus
1704 3998 1735 4055 iu

936 4081 1096 4138 Euchiridio
1116 4101 1122 4137 :
1141 4105 1152 4131 ι
1171 4082 1235 4138 Sola
1248 4081 1336 4155 gratia
1349 4081 1466 4138 secernit
1488 4098 1503 4137 a
1527 4083 1649 4154 perditis,
1666 4102 1736 4159 quos

937 4177 1133 4228 concreaverat
1147 4171 1175 4226 in
1192 4170 1287 4226 eadem
1303 4185 1395 4227 massa
1414 4170 1574 4242 perditionis
1596 4173 1677 4231 ducta
1700 4175 1736 4232 ab

938 4260 1044 4330 origine
1058 4274 1142 4315 causa
1157 4259 1347 4316 communia·
1365 4261 1398 4314 Et
1413 4259 1439 4314 in
1455 4259 1524 4315 libro
1537 4261 1578 4316 De
1591 4262 1736 4333 perlectio-

938 4365 973 4404 ue
990 4347 1102 4418 justitiae
1127 4348 1245 4404 hominis
1260 4364 1293 4404 :r
1312 4348 1341 4404 Si
1353 4364 1403 4420 per
1417 4348 1538 4420 seipsum
1561 4357 1650 4421 potest
1672 4368 1736 4410 esse

83 4449 220 4513 dieamus,
236 4445 298 4501 talis
313 4451 354 4499 est
367 4449 397 4500 ot
412 4442 494 4498 laniat
508 4441 661 4505 hominem,
674 4439 746 4511 quod
760 4439 880 4505 nolebat,
897 4439 925 4502 D
939 4439 1022 4494 homo
1037 4437 1096 4493 siue
1111 4441 1241 4509 peccato,
1264 4453 1332 4510 ergo
1355 4437 1479 4492 Christus
1503 4438 1590 4510 gratis
1612 4448 1736 4497 mortuos

83 4538 155 4594 benc
170 4533 258 4602 rellc;
271 4542 298 4590 et
308 4532 379 4604 quod
390 4547 444 4588 nou
456 4534 574 4603 poterat,
588 4544 677 4601 posse.
690 4530 750 4584 Non
761 4528 834 4584 enirn
845 4526 886 4582 sic

84 4627 187 4685 collata
202 4626 255 4691 est,
270 4627 301 4678 ut
314 4637 416 4678 uacans
430 4620 472 4688 sit,
489 4619 553 4692 quia
567 4619 666 4674 divinae
686 4615 886 4689 propitiationis

84 4713 231 4788 inspiratio
246 4719 296 4781 est,
312 4718 339 4766 et
354 4710 436 4783 erigit
447 4710 579 4780 jacentes,
595 4715 623 4763 ct
637 4722 726 4763 caecos
740 4706 884 4773 illuminat,

85 4814 112 4861 et
124 4802 254 4859 infirmos
268 4799 351 4856 sortes
366 4800 439 4864 lacit,
455 4806 481 4853 et
495 4804 616 4854 mortuos
629 4796 748 4862 suscitat,
760 4803 785 4851 et
800 4809 885 4866 quos-

85 4908 196 4966 cunque
216 4889 428 4963 praedestinavit,
442 4887 476 4943 ad
490 4887 573 4942 vitam
593 4893 723 4942 aeternam
744 4883 881 4956 perducit.

84 4994 147 5049 Non
161 4997 205 5046 est
221 4988 368 5059 impotens,
381 5000 434 5040 non
446 4982 528 5053 fallit,
540 4997 597 5037 non
612 4987 653 5037 est
668 4981 799 5037 omnibus
814 4996 887 5036 com·

85 5090 189 5146 munis.
205 5088 307 5143 Eorum
321 5082 480 5156 praecordiis
495 5097 511 5137 a
526 5081 585 5136 Deo
601 5080 761 5146 infunditur,
772 5095 887 5152 quorum

86 5194 183 5247 certus
196 5193 238 5243 est
251 5198 395 5250 uumerus,
411 5196 524 5253 quorum
541 5194 623 5234 nemo
637 5179 718 5250 perit,
730 5177 793 5248 quia
807 5193 888 5233 uerno

88 5291 183 5360 potest
208 5298 305 5355 rapere
326 5295 391 5337 ores
405 5277 503 5334 Christi
518 5277 553 5333 de
568 5293 653 5331 manu
668 5277 757 5331 Patris
772 5275 885 5330 Christi.

124 5384 185 5441 Hoc
208 5379 369 5437 assertionis
390 5386 492 5433 nostrae
515 5374 713 5431 munimentum
736 5382 890 5430 sanctorum

90 5484 201 5540 Petrum
217 5476 382 5537 testimoniis
396 5474 561 5530 firmandum
584 5480 633 5541 est,
658 5479 688 5527 ut
711 5471 750 5527 sic
772 5470 890 5526 liberum

88 5567 894 5656 praediceturarbitriummegralianepetur,etsicgratia

941 4534 995 4583 cst.
1020 4527 1082 4581 Non
1097 4534 1189 4582 autem
1205 4526 1290 4598 gratis
1314 4525 1436 4581 Christus
1458 4534 1581 4582 mortuus
1603 4530 1738 4587 astrion

940 4613 1025 4688 igitur
1038 4623 1127 4685 potest
1140 4616 1222 4671 homo
1245 4614 1304 4671 sine
1328 4621 1441 4687 peccato
1456 4630 1526 4682 esse,
1542 4615 1647 4672 etiamsi
1661 4619 1738 4688 uelit,

940 4705 993 4759 nisi
1007 4704 1151 4773 adjuvetur
1165 4704 1249 4775 gratia
1273 4704 1322 4758 Dei
1345 4719 1393 4775 per
1413 4704 1506 4758 lesum
1530 4703 1662 4760 Christum
1678 4708 1738 4764 lio-

940 4794 1045 4849 minum
1062 4800 1195 4848 nostrum.
1216 4816 1227 4840 ι
1247 4793 1281 4847 Et
1296 4792 1323 4845 in
1338 4791 1407 4847 libro
1422 4792 1462 4846 De
1476 4799 1571 4847 natura
1585 4801 1612 4848 et
1625 4796 1714 4867 grstia
1729 4814 1737 4854 ε

942 4906 953 4932 ι
972 4881 1048 4937 Sicut
1061 4880 1156 4937 oculus
1173 4880 1294 4951 corporis
1309 4880 1390 4936 etiam
1405 4880 1565 4952 plenissime
1579 4897 1671 4952 sanus,
1686 4884 1741 4942 uisi

941 4979 1063 5036 caudore
1078 4977 1146 5034 lucis
1163 4978 1317 5048 adjuvetur,
1333 4993 1387 5033 non
1402 4984 1490 5048 polest
1508 4993 1638 5045 cernere;
1660 4983 1699 5040 sic
1713 4992 1741 5040 et

943 5078 1025 5132 trumo
1050 5075 1128 5131 etiam
1153 5076 1348 5148 perfectissime
1368 5074 1539 5145 justificatus,
1564 5078 1614 5133 nisi
1637 5088 1741 5139 eterna

943 5174 1007 5230 luce
1019 5174 1133 5244 justitiae
1148 5173 1277 5229 divinitus
1299 5173 1454 5245 adjuretur,
1478 5181 1551 5229 recle
1573 5191 1628 5231 noa
1650 5185 1741 5250 potest

943 5272 1045 5328 virere.
1065 5296 1076 5321 n
1094 5272 1161 5327 ltcm
1176 5272 1203 5326 in
1218 5275 1315 5328 codem
1332 5288 1338 5324 :
1358 5295 1368 5321 ι
1386 5272 1508 5327 Charitas
1523 5273 1573 5328 Dei
1588 5270 1685 5333 diffusa
1698 5285 1742 5335 est

945 5371 973 5425 in
997 5369 1125 5426 cordibus
1147 5370 1256 5437 nostris,
1281 5386 1336 5427 non
1359 5376 1461 5425 natorae
1482 5369 1674 5442 possibilitate,
1690 5391 1741 5434 uec

946 5471 1033 5527 libero
1047 5469 1170 5535 arbitrio,
1187 5470 1260 5542 quod
1283 5477 1326 5526 est
1346 5468 1440 5536 nobis3
1464 5467 1515 5525 sed
1538 5485 1588 5542 per
1610 5470 1740 5544 Spiritum

948 5575 1083 5639 caunum,
1098 5566 1146 5641 qui
1157 5566 1238 5625 datus
1251 5567 1398 5627 estnobis.
1415 5586 1428 5620 a
1446 5565 1558 5640 Audite,
1570 5567 1646 5639 cuod
1657 5572 1741 5631 etism
