3728 6000
97 276 149 334 627

601 270 790 329 GUlLLELlll
809 269 956 329 taetris
976 272 1005 329 S.
1025 269 1240 329 Tnnouotttct

1692 270 1744 326 628

98 403 227 474 excoquit
241 403 268 457 in
280 368 395 458 salutem
412 410 438 458 et
452 401 538 459 uitam
556 400 663 457 beatum
685 404 714 455 et
738 398 894 456 beatificum
907 397 935 458 Α
950 405 1053 456 mortua
1067 396 1305 471 propterdelende
1323 405 1444 469 peecata.
1471 396 1558 452 bieria
1581 395 1661 468 rirgo
1685 395 1744 450 sine

97 492 191 564 gratiae
207 499 260 547 tuae
275 491 378 546 eibum.
399 491 439 546 lbi
453 491 525 546 enim
536 493 563 545 ie
577 488 692 545 exhibes
707 489 806 543 animae
819 487 894 542 desi-

97 579 214 648 deranti,
230 588 373 650 acceptans
386 578 538 650 amplexum
548 577 650 634 umoris
661 577 712 643 sui,
729 585 755 631 et
769 577 895 632 ose-uleus

97 684 160 724 eam
183 669 276 724 osculo
302 669 357 723 oris
386 667 433 733 tui,
452 667 499 722 ubi
526 667 593 723 siout
626 666 652 720 in
677 665 770 721 osculo
795 664 895 719 amoris

96 756 176 822 solet,
192 756 250 827 ipsa
268 757 317 810 tibi
329 754 440 811 effrtndit
451 755 573 827 spiritum
589 771 676 819 suum,
706 763 731 809 et
747 754 783 807 tui
799 752 823 808 ei
849 753 893 807 in-

96 845 188 900 fundis
204 849 289 911 tuum,
303 851 332 899 ut
345 843 496 900 efficiamini
508 860 590 898 unum
606 859 705 913 corpus
720 850 746 898 et
758 842 893 912 unusspi-

95 934 172 999 ritus‚
191 950 252 989 eum
268 934 320 989 boe
334 933 418 988 modo
441 933 524 987 sumit
552 948 651 1004 eorpus
680 939 704 985 et
730 930 893 1002 sauguinem

97 1031 183 1078 tuum.
198 1021 238 1076 lbi
252 1022 419 1078 conscientia
435 1037 488 1076 non
504 1021 592 1076 solum
620 1019 656 1074 ab
668 1019 795 1090 operibus
822 1034 894 1072 mor-

97 1111 152 1167 tuis
165 1111 336 1176 emundatur,
353 1110 404 1165 sed
420 1110 495 1166 etad
515 1109 690 1165 serviendum
706 1108 766 1163 Deo
793 1107 894 1163 viventi

96 1199 199 1270 repleta
215 1197 345 1253 fructibus
371 1198 435 1253 vitae
452 1207 478 1253 et
493 1197 601 1269 spiritus
629 1196 806 1260 confortatur,
832 1211 893 1250 eum

98 1287 179 1358 plene
206 1286 234 1340 in
258 1301 290 1341 ca
314 1286 477 1357 adimpletur
489 1286 558 1358 legis
583 1285 690 1354 justitie
706 1292 753 1346 ;ut
776 1284 844 1339 sicut
870 1292 895 1338 te

97 1375 179 1431 nobis
198 1374 341 1431 exhibuisti
361 1374 564 1444 quodammodo
587 1389 673 1443 urque
694 1372 728 1427 ad
752 1380 894 1442 contemp·

97 1472 152 1519 tum
168 1464 219 1529 tui,
234 1462 273 1518 sie
284 1462 343 1517 Filii
358 1463 395 1518 tui
406 1469 523 1518 voveant
551 1461 598 1516 tibi
626 1461 787 1531 semetipsos
810 1476 896 1532 usque

97 1551 134 1607 ad
149 1559 333 1622 contemptum
349 1552 400 1605 sui.
420 1551 488 1606 blisit
499 1559 589 1605 autem
605 1551 678 1605 Deus
702 1549 797 1604 Filium
816 1564 893 1603 suum

96 1639 123 1693 in
137 1637 339 1694 similitudinem
355 1638 571 1708 carnispeocati.
603 1637 728 1692 incarne
744 1652 819 1704 uera,
846 1636 895 1691 sed

948 488 1019 544 virili
1033 487 1172 559 amplexu,
1190 485 1248 542 sine
1264 485 1491 557 concupiscentiae
1507 493 1584 550 aestu,
1615 483 1744 559 quoniam

947 593 982 632 ne
1009 583 1145 648 peteretur
1176 578 1247 631 buno
1270 579 1377 639 aesium,
1406 573 1467 630 ideo
1493 574 1517 630 ei
1550 572 1649 627 dicium
1678 579 1742 627 est:

951 690 961 715 a
979 665 1092 737 Spiritus
1106 672 1215 720 sanctus
1225 664 1398 734 superveniet
1412 663 1438 717 in
1455 670 1490 727 tc,
1509 669 1535 716 et
1549 662 1638 716 virtus
1665 661 1744 716 ltltis·

948 755 1013 811 simi
1023 753 1197 809 obumbrabit
1212 752 1343 822 tibitlac.
1360 751 1393 823 r).
1407 777 1417 799 n
1428 753 1513 823 Virgo
1523 765 1590 823 ergo
1600 749 1743 805 Marianon

948 841 1265 912 concubuiteteoncepit,
1278 840 1327 895 sed
1341 839 1457 895 credidit
1472 848 1498 894 et
1507 839 1629 910 concepit
1638 857 1644 893 :
1654 847 1745 893 natus-

948 947 1002 1003 que
1014 939 1053 985 est
1067 930 1197 985 Dominus
1211 928 1333 983 mortalis
1348 928 1518 983 mortalibus.
1535 927 1626 996 Quare
1638 935 1744 982 morte-

948 1020 981 1074 lis
996 1020 1010 1072 ‘l
1026 1018 1093 1088 Quia
1103 1017 1313 1073 insimilitudine
1327 1015 1419 1072 earnis
1434 1016 1548 1088 pcccati,
1559 1032 1614 1072 aron
1625 1016 1653 1071 in
1664 1031 1747 1072 cerne

948 1108 1066 1179 peceati.
1086 1105 1156 1176 Quid
1171 1107 1252 1161 habet
1267 1121 1331 1161 caro
1341 1106 1442 1177 peceati
1458 1106 1472 1159 ‘l
1487 1107 1635 1161 llortemet
1649 1120 1747 1177 pecea-

950 1203 1018 1252 tum.
1038 1195 1109 1264 Quid
1130 1193 1225 1250 habuit
1246 1192 1391 1249 similitudo
1418 1194 1506 1249 carnia
1521 1193 1625 1266 peccati
1640 1194 1654 1247 ⁴?
1669 1195 1747 1248 blor-

948 1295 1003 1342 tem
1020 1284 1080 1340 sine
1100 1292 1223 1355 peccatu·
1243 1283 1271 1338 Si
1286 1282 1360 1338 euim
1383 1283 1491 1338 haberet
1512 1286 1665 1354 peecatum,
1685 1298 1748 1339 cero

950 1377 1024 1431 esset
1048 1373 1162 1444 peccati.
1192 1372 1222 1428 Si
1252 1380 1371 1427 mortem
1388 1386 1441 1426 non
1469 1372 1590 1441 liaberet,
1607 1386 1661 1427 noa
1677 1380 1748 1427 esset

950 1461 1100 1518 similitudo
1128 1461 1219 1517 carnis
1245 1460 1360 1532 peccati.
1402 1460 1476 1514 Talis
1502 1459 1574 1515 venit
1612 1459 1746 1515 Salvator.

949 1550 1072 1606 ltlortalis
1096 1557 1186 1604 autem
1213 1553 1336 1603 mortuus
1348 1556 1399 1615 est,
1429 1549 1477 1601 soal
1506 1548 1747 1615 mortemuucidit,

950 1646 977 1694 et
991 1639 1024 1693 de
1040 1646 1151 1709 peccato
1165 1637 1304 1692 damnarit
1314 1642 1466 1707 peccatum.
1482 1636 1522 1692 De
1542 1645 1656 1708 peceato
1680 1653 1748 1709 ergo

96 1743 151 1782 non
166 1727 195 1781 in
213 1743 294 1782 carue
310 1728 427 1797 peccati.
442 1726 545 1781 Primus
573 1725 769 1781 lromouullius
796 1727 1161 1807 paren-Bprmsumptoris,
1190 1734 1218 1780 ut
1241 1725 1340 1780 dictum
1370 1732 1425 1794 eet,
1453 1725 1747 1796 damnaritpeceetum

94 1816 128 1870 tis
147 1816 316 1887 praecedento
336 1823 448 1885 peccato
471 1822 581 1869 creatus
608 1822 656 1877 cst,
681 1829 735 1869 non
756 1813 783 1866 in
811 1829 894 1869 carne

95 1903 220 1975 peecuti;
237 1902 367 1959 nosillius
383 1904 556 1973 praecedente
572 1910 681 1973 peccato
697 1903 750 1956 nati
760 1918 851 1956 sumus
865 1903 893 1955 in

96 2008 177 2047 carno
205 1991 322 2063 peccati.
339 1992 470 2058 Christus,
500 2000 528 2046 ut
555 1991 590 2046 de
617 2000 729 2063 peccato
755 1990 894 2045 damnaret

95 2088 248 2152 peecatum,
279 2079 341 2136 talis
368 2081 504 2151 apparuit,
529 2080 558 2135 id
595 2087 637 2135 est
659 2079 687 2133 iu
720 2078 894 2134 similitudine

95 2169 188 2224 cernis
203 2169 317 2240 peceati.
335 2168 495 2224 Similitudo
510 2176 599 2223 autem
615 2168 704 2222 carnis
726 2168 830 2237 peccati
847 2166 896 2221 luit

95 2256 176 2322 ineo,
194 2256 256 2328 quia
272 2272 347 2311 mors
361 2258 470 2312 nonest
486 2256 541 2310 nisi
568 2254 601 2310 de
616 2263 739 2324 peecata,
763 2262 790 2310 et
803 2255 894 2324 utiquc

97 2360 197 2416 corpus
221 2343 288 2399 illud
303 2345 416 2399 mortale
442 2344 501 2399 luit.
518 2346 584 2399 Nam
601 2344 655 2398 nisi
677 2342 791 2399 mortale
810 2352 893 2409 esset,

95 2448 151 2486 non
162 2440 323 2487 moreretur.
350 2432 395 2487 Sic
423 2448 491 2504 ergo
519 2432 617 2486 dieitur
639 2447 712 2486 mors
738 2436 892 2501 peceatum,

97 2518 160 2590 quia
171 2527 283 2590 peceato
300 2520 424 2584 lactaret,
433 2520 675 2591 quomododieitur
685 2519 777 2592 lingue
786 2521 892 2587 Graeca,

96 2606 140 2664 vel
156 2607 252 2679 lingua
268 2606 373 2672 Latina,
389 2624 442 2662 non
459 2610 547 2678 ipsum
563 2608 651 2663 camis
675 2609 836 2678 membrum,
847 2609 894 2664 sed

97 2695 169 2765 quod
184 2693 212 2749 fu
227 2712 277 2767 per
299 2695 450 2751 membrum
479 2697 578 2752 carnis.
596 2697 641 2752 Sic
664 2713 729 2770 ergo
752 2706 893 2767 peceatum

96 2799 172 2838 mors
195 2784 315 2853 Domini,
333 2785 403 2856 qrrod
421 2784 519 2840 luctum
536 2792 577 2839 est
592 2785 625 2840 de
641 2795 762 2856 peceato,
781 2788 843 2856 quia
855 2786 895 2840 in-

949 1815 1104 1887 poenitentis
1115 1813 1275 1885 peccatoris.
1293 1821 1318 1868 ct
1332 1813 1366 1868 de
1377 1823 1465 1868 morte
1492 1813 1582 1868 earnis
1597 1829 1653 1868 suae
1674 1830 1746 1868 mor·

948 1913 1002 1959 tem
1014 1904 1111 1959 animae
1126 1902 1226 1958 occidit
1241 1902 1268 1956 in
1283 1901 1373 1956 nobis.
1398 1901 1488 1957 Sedet
1502 1901 1589 1956 hostia
1613 1917 1663 1973 pro
1679 1918 1746 1973 pee-

949 1999 1165 2063 eatopeccatum
1179 1991 1207 2045 iu
1224 1991 1285 2062 lege
1309 1991 1458 2046 dicebatur.
1482 1990 1547 2046 ldeo
1571 1990 1658 2046 sactus
1686 1991 1746 2062 ipse

949 2079 1037 2135 lrostia
1067 2094 1115 2149 pro
1143 2086 1264 2150 peccato,
1289 2077 1428 2132 damnarit
1451 2085 1478 2132 ct
1505 2077 1633 2132 destruxit
1662 2092 1747 2134 omne

948 2176 1090 2239 peccatum
1107 2167 1133 2221 in
1149 2166 1240 2222 nobie.
1256 2167 1320 2220 llaee
1331 2173 1370 2221 est
1381 2165 1488 2235 justitia
1515 2165 1595 2238 legis,
1624 2181 1679 2221 non
1692 2167 1746 2220 im-

947 2257 1021 2327 pleta
1032 2271 1081 2326 per
1097 2255 1199 2327 legem,
1211 2254 1260 2309 sed
1275 2270 1325 2325 per
1339 2270 1411 2322 eum,
1435 2254 1480 2326 qui
1491 2254 1567 2310 venit
1577 2255 1666 2327 legem
1690 2270 1747 2311 nou

949 2345 1064 2410 solvere,
1084 2343 1131 2399 sed
1144 2343 1303 2414 adimplere,
1322 2347 1414 2399 lesum
1437 2343 1574 2399 Christum
1602 2343 1748 2399 Dominum

948 2442 1082 2489 nostrum.
1094 2433 1139 2488 Sic
1154 2448 1221 2505 ergo
1233 2431 1411 2503 «justificatio
1426 2431 1496 2504 legis
1513 2457 1523 2480 ι»
1542 2432 1652 2503 impleta
1664 2440 1705 2488 est
1719 2433 1748 2488 iu

948 2523 1029 2578 nobis
1040 2538 1046 2590 ;
1059 2521 1104 2594 qui
1118 2537 1171 2577 nou
1186 2522 1335 2577 seeundum
1357 2537 1468 2577 earnem
1497 2521 1678 2589 ambulamus,
1699 2521 1748 2577 sed

949 2610 1097 2667 soetrudum
1114 2610 1259 2680 spriritum.
1279 2610 1464 2666 »Secundum
1484 2626 1593 2665 carnem
1609 2626 1662 2664 non
1685 2626 1747 2664 am-

950 2701 1043 2754 bulare
1058 2707 1109 2764 est,
1124 2707 1252 2768 operante
1265 2699 1363 2770 gratia,
1375 2697 1599 2768 concupiscentiis
1614 2697 1748 2754 nonobe-

948 2791 1015 2844 dire.
1032 2790 1122 2842 Restat
1133 2789 1205 2842 enim
1221 2797 1280 2857 post
1294 2797 1432 2858 acceptam
1448 2789 1563 2858 gratiam
1586 2803 1649 2842 cum
1661 2803 1744 2844 earne

96 2873 131 2928 de
146 2888 255 2929 earnem
272 2873 461 2944 assumpsitde
489 2889 581 2928 rtrussa
608 2874 666 2944 ipsa
689 2891 750 2946 quae
776 2884 888 2930 mortem
944 2879 1096 2944 conflictus,
1120 2875 1285 2946 quiadeleta
1311 2876 1567 2947 estiuiquitas,sed
1584 2884 1677 2930 menet
1701 2877 1747 2931 in-

95 2969 232 3016 meruerat
247 2977 279 3017 ex
292 2969 410 3032 peccato.
428 2963 535 3017 Etenim
550 2962 636 3017 illaria
648 2979 680 3018 ex
697 2964 792 3018 eadem
817 2981 891 3018 mor·
906 2970 930 3034 C
945 2967 1068 3024 firmitas.

17 3100 27 3122 κ
101 3056 147 3104 tue
171 3059 285 3121 propter
313 3053 464 3120 peecatum,
494 3059 520 3106 et
547 3067 609 3107 euro
625 3052 732 3107 Domini
748 3069 783 3108 ex
809 3056 893 3111 llaria

99 3305 1744 3332 mm

678 3440 842 3533 LlBER
888 3441 1162 3555 QUlNTUS.

801 3678 1047 3693 2—--——---—

302 3879 477 3949 SEQUITUR
498 3881 606 3937 CAPUT
626 3883 696 3936 Vlll.
954 3899 1015 3952 quae
1038 3885 1127 3939 earnis
1142 3893 1203 3940 suut
1221 3904 1227 3949 ;
1242 3887 1304 3955 quia
1327 3886 1396 3942 siout
1420 3887 1520 3942 dictum
1550 3896 1591 3942 est
1617 3888 1750 3960 sapientie

141 3970 223 4024 Vnus.
241 3970 306 4024 e-t.
326 3998 360 4008 -
377 3989 388 4018 ι
407 3966 893 4040 Quicnimsccundumeamemsunt,
954 3971 1010 4025 odit
1033 3972 1163 4028 melitium
1181 3991 1217 4028 :r
1244 3982 1270 4029 et
1298 3975 1430 4045 sapientie
1457 3977 1548 4030 caruis
1571 3975 1679 4032 inimice
1708 3981 1753 4033 est

104 4072 164 4127 quae
178 4056 266 4111 curnis
282 4063 344 4111 eunt
358 4056 473 4127 sapiunt.
490 4054 541 4124 Qui
557 4072 621 4111 uero
636 4059 785 4113 secuudum
815 4059 895 4130 spiri·
953 4059 1022 4128 Deo,
1048 4060 1101 4132 logi
1130 4062 1202 4116 cuim
1232 4062 1282 4116 liei
1308 4078 1362 4117 non
1390 4072 1430 4117 est
1454 4064 1586 4131 subjecta,
1613 4065 1751 4121 necenim

103 4152 170 4211 tum,
186 4159 249 4214 quur
264 4151 326 4199 sunt
341 4144 449 4214 spiritus
463 4143 591 4199 sentiunt.
602 4168 613 4192 „
625 4144 763 4216 Sapientia
778 4146 899 4202 oditme·
954 4155 1052 4217 potest.
1071 4171 1081 4196 ι
1099 4147 1170 4217 Quid
1185 4157 1246 4205 est:
1263 4151 1436 4222 nequeenim
1451 4159 1537 4221 potest
1551 4153 1565 4205 ‘i
1579 4152 1641 4207 Non
1668 4154 1753 4209 homo

103 4231 201 4287 litiam.
217 4230 289 4300 Quid
308 4240 348 4286 est
373 4231 516 4302 sapientie,
546 4231 596 4286 nisi
620 4249 700 4303 sapor
722 4233 787 4288 boni
800 4234 814 4288 i
829 4233 899 4303 Quid
916 4270 940 4330 D
955 4251 1008 4290 noa
1023 4251 1098 4302 caro,
1116 4253 1169 4293 non
1185 4237 1305 4308 spiritus,
1322 4254 1375 4293 nou
1390 4240 1444 4294 ulla
1459 4248 1563 4305 natura,
1580 4256 1634 4296 non
1650 4249 1750 4312 potest,

103 4319 217 4383 mulitia,
234 4319 286 4373 nisi
298 4334 380 4390 sapor
394 4319 457 4373 muli
472 4318 672 4391 ‘lQuibusergo
693 4322 763 4392 sapit
783 4322 900 4378 etdulee
954 4323 1001 4378 sed
1016 4325 1161 4394 prudentie
1188 4326 1275 4381 caruis
1304 4342 1358 4382 non
1384 4335 1485 4397 potest.
1505 4328 1604 4384 Vitium
1628 4345 1682 4384 nou
1698 4346 1752 4400 po·

104 4407 762 4480 ustiacorde,sirebonum,siremalum‚ipsi
782 4409 901 4481 suntqui
956 4416 1016 4477 test,
1046 4413 1094 4466 sed
1123 4421 1230 4480 natura,
1255 4416 1392 4484 utromodo
1407 4416 1428 4469 si
1441 4416 1753 4473 dicereszclaudicatio

103 4496 472 4568 eupiuntrelsentiuntquae
489 4497 687 4568 suntspiritus,
708 4498 902 4568 volutianum
955 4510 1037 4556 rectae
1051 4502 1229 4557 ambulationi
1244 4518 1297 4557 uon
1313 4509 1354 4559 est
1374 4504 1504 4573 subjecta,
1532 4507 1670 4562 necenim
1698 4522 1751 4578 pu·

103 4585 193 4640 earnis
211 4603 217 4639 :
235 4585 287 4655 ipsi
315 4592 376 4638 suut
398 4585 493 4655 etqui
516 4585 654 4641 ambulent
684 4586 726 4642 vel
753 4587 899 4642 seeundum
954 4597 1018 4644 test.
1050 4591 1100 4644 Pes
1124 4592 1458 4660 potest,sedclaud'eatiu
1482 4610 1535 4648 uon
1549 4603 1645 4665 potest.
1676 4596 1752 4653 Tolle

103 4672 461 4744 spiritum,velseoundum
484 4689 605 4729 curnem.
622 4673 749 4744 Sequitur
766 4696 771 4730 :
791 4699 801 4724 o
832 4679 899 4734 Nam
954 4677 1187 4746 claudicationem,
1217 4689 1242 4734 et
1266 4681 1374 4735 videbis
1401 4691 1500 4736 rectam
1529 4682 1750 4741 ambulationem.

103 4761 252 4831 prudentie
279 4763 371 4816 carnis
398 4777 473 4816 mors
501 4769 579 4816 est.»
608 4763 755 4834 Benepost
774 4780 899 4835 saporem
955 4765 1079 4835 Quandiu
1094 4766 1256 4823 claudicatio
1278 4778 1326 4832 est.
1355 4785 1407 4825 trun
1437 4779 1533 4840 potest,
1562 4771 1602 4826 sic
1626 4774 1752 4841 quandiu

103 4848 540 4920 poniturprudentia,quiasiuut
568 4860 663 4923 gustus
679 4859 717 4906 est
745 4852 900 4911 discernere
955 4855 1328 4926 prudentiaeamisestnon
1345 4867 1440 4925 potest.
1469 4859 1578 4915 Nousit
1605 4862 1751 4931 prudentia

103 4937 191 4998 eibos.
207 4935 338 5008 quidquid
355 4938 500 5009 capiet,sie
516 4940 664 5009 prudentiae
674 4949 714 4995 est
730 4943 901 5013 perpendere
955 4943 1055 5011 earnis,
1071 4948 1098 4998 et
1109 4945 1190 4999 bomo
1205 4953 1304 5015 potest.
1330 4945 1408 5014 Quod
1433 4948 1560 5014 verneil,
1580 4970 1591 4994 o
1609 4951 1752 5020 prudentia

104 5025 169 5097 quid
198 5024 334 5096 expediat.
352 5026 382 5080 ln
407 5042 462 5098 quo
474 5027 496 5080 si
525 5028 652 5098 quisbue
676 5036 778 5084 tantum
805 5033 900 5101 quaerit
954 5031 1044 5088 cernis
1059 5032 1173 5085 inimica
1188 5042 1228 5085 est
1245 5034 1312 5101 Dee,
1328 5049 1382 5089 uon
1398 5036 1437 5089 sie
1450 5036 1647 5105 accipiendum,
1673 5038 1752 5108 qumi

103 5114 176 5185 quod
198 5113 267 5184 sapit
290 5113 374 5178 carni,
399 5115 544 5183 prudentia
569 5117 710 5173 camisest
727 5135 732 5170 :
751 5135 812 5188 quaa
827 5135 900 5175 mors
954 5120 1122 5174 irrimicaista
1137 5122 1226 5189 possit
1240 5120 1337 5176 laedere
1354 5123 1449 5177 Deum.
1467 5124 1627 5180 desistendo
1643 5126 1752 5182 inimica

102 5202 259 5270 unimaeest.
276 5201 353 5256 Sicut
374 5202 445 5256 enim
457 5203 548 5258 anime
570 5206 624 5258 rita
638 5213 678 5259 est
701 5206 830 5276 corporis,
861 5208 900 5262 sie
954 5217 1007 5273 est,
1023 5222 1077 5262 non
1098 5208 1230 5262 nocendo.
1249 5209 1387 5264 llliautem
1403 5220 1491 5276 rroert,
1507 5213 1532 5264 in
1559 5228 1611 5284 quo
1636 5222 1751 5285 estpru·

103 5291 160 5344 vite
186 5290 284 5344 animae
313 5290 455 5356 deusest,
491 5299 518 5346 et
540 5293 671 5363 quidquid
701 5293 769 5347 inira
812 5295 897 5350 Deum
952 5294 1406 5365 aientiacarniaqaiaritiumesr,
1432 5309 1574 5355 ornaturae
1597 5310 1687 5365 noect,
1707 5301 1750 5356 cui

104 5376 359 5447 appetit,mor·silli
388 5386 437 5431 est.
468 5378 609 5433 Prudentia
634 5396 699 5436 uero
726 5381 836 5450 spiritus
859 5390 900 5437 est
952 5383 1036 5439 inest.
1061 5383 1104 5439 Sic
1130 5400 1217 5455 neque
1245 5386 1299 5455 legi
1324 5388 1372 5441 Dei
1397 5391 1516 5453 srrlrjmta
1531 5405 1593 5442 esse
1608 5398 1704 5460 potest,
1722 5391 1748 5444 iu

103 5463 423 5536 qttaererevilamsuem,
441 5467 639 5537 quaelleusest
656 5486 662 5528 ;
679 5477 812 5538 etpeeem
839 5486 899 5541 quae
952 5480 1084 5541 quantum
1100 5473 1194 5527 uitium
1206 5480 1257 5539 est,
1284 5482 1371 5530 tumen
1391 5479 1441 5547 legi
1472 5478 1519 5530 llei
1547 5476 1747 5534 ordinationem

101 5558 143 5607 eet
157 5550 184 5607 in
195 5552 250 5607 Deo
266 5568 273 5618 a
292 5564 354 5621 quae
363 5554 418 5620 pat
436 5552 461 5607 ei
477 5562 606 5611 essebon
629 5560 731 5627 potest,
758 5556 807 5628 qui
829 5556 898 5629 eupit
951 5574 1006 5616 non
1020 5557 1122 5631 effugit,
1139 5561 1165 5614 in
1181 5568 1310 5631 quantum
1326 5571 1426 5618 naturae
1440 5566 1511 5619 inest
1526 5578 1533 5633 ;
1550 5580 1612 5636 quae
1626 5565 1654 5621 in
1668 5581 1746 5622 erea-
