3728 6000
75 306 78 319 ι
176 221 229 278 287

680 218 868 282 Gushtutttt
887 225 1032 284 matris
1052 226 1079 283 S.
1100 226 1317 285 Trinobantes

1677 258 1685 269 ·-
1766 224 1818 280 288

175 346 277 402 nnllam
294 346 336 402 vel
352 346 562 417 potentiamvel
576 348 747 420 sapientiam,
762 350 825 422 quia
836 349 970 419 perbeni-
984 351 1012 412 A
1027 359 1053 405 ει
1082 352 1110 406 in
1139 352 1237 424 quibus
1265 351 1381 406 dumetis
1405 349 1539 420 opinionis
1564 364 1640 405 norae
1655 365 1683 404 se
1711 347 1818 415 inierat,

176 435 308 508 guttatam
324 435 419 502 solam,
429 452 562 491 venenum
577 444 627 503 est,
638 453 717 494 error
726 446 778 503 εει,
788 439 897 494 baeresis
906 447 946 494 εει
961 461 969 509 ;

177 531 203 578 et
217 531 245 578 ut
259 524 351 579 verbis
367 525 552 595 magistriani,
568 525 602 581 de
618 527 818 598 quoplusjustu
828 528 969 599 gloriatur,

176 620 244 681 utar,
260 611 365 668 lallacia
379 621 429 668 est.
445 615 541 683 Neque
555 615 626 670 enirn
640 616 721 671 babet
736 616 854 688 aliquam
878 619 969 672 omni-

176 699 324 771 potentiam
341 702 428 768 Pater,
445 704 692 772 quamnonhabeat
707 705 788 760 Filius
800 720 807 771 ;
820 705 971 778 quioquid-

178 787 242 860 quid
255 789 337 844 habet
347 791 435 855 Pater,
447 791 527 847 habet
542 799 568 847 et
583 793 666 847 Filius
678 811 685 855 ;
698 793 758 863 quia
783 793 818 848 de
847 795 970 864 omnipo·

177 884 249 933 teate
264 884 305 933 est
321 877 402 934 Filius
415 879 597 950 omnipotens.
613 880 739 951 Alioquin
755 898 849 937 verum
865 898 918 937 uun
929 890 971 938 est

174 964 968 1037 illudevangelicumnhtFiliusdtettadt‘anem:«omnia

173 1069 236 1109 mea
251 1060 297 1109 tua
311 1063 390 1118 sunt;
406 1063 432 1110 ει
446 1056 537 1111 omnia
552 1065 665 1113 tuamen
679 1065 741 1112 sunt
756 1061 933 1130 (loamxvn).
955 1083 967 1111 ι

172 1142 373 1212 AEqualisenim
384 1152 422 1198 est
439 1144 510 1198 Patri
522 1160 570 1215 par
589 1146 681 1201 omnia
709 1147 791 1202 Filius
817 1149 969 1203 secundum

174 1229 342 1286 divinitatem
359 1245 366 1299 ;
382 1230 448 1287 licet
462 1232 537 1301 quod
550 1241 600 1297 est,
616 1232 651 1288 de
665 1249 698 1289 eo
713 1235 748 1288 sit
763 1249 770 1305 ;
788 1236 896 1305 quiade
910 1237 969 1291 Deo

174 1318 247 1374 Deus
259 1325 338 1373 natus
353 1327 402 1385 εει,
423 1336 483 1391 quaa
495 1320 563 1391 ipse,
578 1336 631 1376 uon
644 1321 701 1391 ipse
712 1337 718 1390 ;
731 1330 758 1377 et
773 1323 818 1378 ubi
834 1332 874 1379 est
888 1332 968 1380 natu·

174 1404 238 1460 ralis
251 1405 399 1477 aequalitas,
412 1408 450 1461 ibi
464 1408 579 1478 aqualis
593 1416 620 1465 et
634 1411 762 1465 naturalis
776 1419 815 1466 εει
830 1421 964 1484 potestas.

175 1493 323 1549 Videamus
335 1494 357 1550 si
371 1496 513 1551 assertioni
528 1497 590 1553 huic
602 1507 756 1554 sanctorum
768 1501 874 1556 Patrum
899 1516 969 1557 con·

176 1580 410 1638 cinataucturitas.
423 1584 591 1641 llilariusille
604 1586 839 1656 splendidissimus
864 1589 969 1645 Gallia-

176 1671 969 1746 ramsol,ethrereseosArianaepraeoipuusetralidissimus

177 1772 335 1829 oppressor,
344 1760 372 1814 iu
386 1760 453 1816 libro
464 1778 503 1816 vn
513 1764 552 1817 De
561 1763 691 1818 Trinitate
702 1764 780 1819 dicit:
793 1766 969 1821 «Nonambi-

176 1847 259 1916 attur,
275 1849 338 1920 quin
353 1850 493 1920 equalitas
506 1850 571 1905 nihil
582 1851 698 1907 differat.
723 1853 876 1925 AEqualitas
904 1871 971 1911 vero

176 1937 972 2007 nunquamibiessacontradicitur,ubinnioest,nectamen

177 2023 232 2079 illic
241 2025 385 2096 reperitur,
401 2034 431 2080 ut
444 2025 560 2081 differat.
574 2028 614 2082 lta
628 2029 811 2084 similitudinis
831 2032 972 2100 aequalitas

177 2127 228 2169 nec
242 2112 413 2169 solitudinem
422 2115 571 2182 habet,nec
585 2116 771 2173 diversitatem
783 2137 789 2181 ;
806 2120 869 2188 quia
885 2119 973 2175 omnis

177 2201 317 2271 sequalitas
332 2218 382 2258 nec
395 2203 515 2268 diversa,
528 2220 579 2259 nec
595 2204 654 2260 sola
670 2213 721 2261 εει.
743 2229 754 2254 i
772 2208 803 2261 Et
833 2207 860 2261 in
874 2208 972 2263 eodem

176 2288 258 2360 paulo
274 2297 355 2358 post:
375 2313 386 2337 a
404 2290 499 2362 ltaque
515 2291 597 2347 Filius
612 2294 638 2346 in
654 2302 752 2349 natura
772 2295 857 2350 Patris
877 2296 972 2352 eadem

177 2384 227 2442 est,
244 2379 288 2432 cui
302 2377 393 2433 omnia
408 2394 489 2449 posse
497 2390 598 2436 nature
614 2388 664 2436 est.
684 2407 693 2429 ·
712 2382 749 2437 Et
767 2385 973 2441 noster-Aristo

178 2465 247 2521 tales
262 2466 290 2521 B.
305 2467 480 2539 Augustinus
497 2469 621 2523 similiter
633 2469 660 2524 in
688 2470 757 2526 libro
772 2488 809 2526 vri
826 2474 865 2527 De
879 2473 971 2529 Trini·

179 2561 234 2610 tate
251 2572 257 2608 :
277 2578 288 2603 i
304 2557 379 2628 Ergo
395 2565 420 2612 et
436 2557 513 2613 Pater
523 2558 724 2629 ipsesapientia
734 2569 783 2627 est,
793 2565 820 2616 et
830 2561 974 2620 itadicitur

181 2641 263 2698 Filius
289 2645 422 2716 sapientis
450 2646 545 2712 Patris,
576 2647 602 2702 id
624 2656 665 2702 est
689 2655 717 2702 ut
744 2650 972 2718 quemadmodum

180 2731 270 2786 lumen
294 2732 330 2787 de
355 2732 468 2803 lumine,
484 2739 513 2789 et
540 2743 685 2807 utrumque
714 2754 808 2792 uerum
823 2739 973 2807 lumen,sic

180 2819 347 2893 intelligatur
359 2823 490 2893 sapientia
503 2823 538 2879 de
561 2825 704 2895 sapientia,
728 2833 755 2880 et
781 2833 893 2896 utraque.
920 2844 973 2882 nna

180 2908 326 2980 sapientia.
343 2910 416 2982 Ergo
438 2919 465 2966 et
489 2928 543 2966 una
570 2913 699 2980 essentia,
726 2913 788 2986 quia
813 2916 866 2971 hoc
880 2923 920 2971 est
934 2915 972 2970 ibi

1027 449 1154 512 quantum
1170 443 1246 496 Deus
1260 442 1315 508 dat,
1346 439 1478 512 intelligo.
1491 438 1621 495 Profitens
1635 438 1662 492 in
1678 435 1820 507 superiori-

1025 531 1075 584 bus
1104 530 1176 601 quod
1205 545 1300 584 verum
1330 535 1379 594 est,
1409 528 1473 599 quia
1500 526 1723 598 aeqtialiterPatri
1739 525 1822 580 Filius

1025 618 1196 688 omnipotens
1210 625 1259 682 εει,
1276 626 1405 688 quantum
1420 617 1454 671 ad
1469 617 1636 687 operationis
1666 614 1794 670 effectum
1813 631 1819 674 ;

1024 705 1125 760 idcirco
1149 714 1238 760 tamen
1268 705 1419 776 specialiter
1432 704 1632 775 omnipotentia
1654 704 1723 759 l‘atri
1739 701 1819 756 attri-

1025 794 1124 860 buitur,
1142 795 1267 866 quianon
1283 803 1323 848 est
1337 792 1480 865 {equaliter
1495 794 1521 848 ei
1537 792 1622 848 Filius
1649 793 1820 861 omnipotens

1025 882 1106 937 modo
1121 882 1248 954 quodam,
1265 883 1356 946 idest,
1373 890 1501 952 quantum
1516 881 1551 935 ad
1566 879 1730 935 subsistendi
1756 895 1819 935 mo·

1024 970 1102 1024 dum.
1123 970 1273 1026 ldtrahere
1301 968 1564 1041 videturaquodam
1580 969 1706 1034 blasima,
1736 983 1817 1037 quem

1023 1059 1222 1128 putoGraecum
1238 1058 1328 1124 luisse,
1345 1074 1425 1129 quem
1441 1065 1467 1112 et
1479 1058 1599 1113 loannes
1614 1058 1709 1113 Scotus
1732 1071 1818 1125 usqne

1023 1147 1057 1202 ad
1071 1147 1194 1202 haeresim
1210 1147 1330 1202 imitatus
1344 1154 1395 1201 est.
1407 1146 1518 1201 Talibus
1528 1145 1582 1201 hoc
1596 1145 1622 1199 in
1638 1145 1700 1200 loco
1723 1145 1818 1199 Petrus

1023 1235 1115 1292 verbis
1128 1236 1234 1291 utitur:
1252 1256 1263 1286 ι
1282 1234 1417 1307 Quidquid
1433 1235 1466 1289 ad
1480 1234 1815 1304 omnipotentiamattinat,

1023 1341 1077 1380 non
1088 1324 1173 1379 solum
1190 1332 1319 1395 quantum
1335 1324 1369 1378 ad
1384 1323 1550 1394 operationis
1571 1322 1707 1390 effectum,
1724 1338 1817 1377 verum

1024 1414 1103 1469 etiam
1119 1420 1252 1484 quantum
1269 1412 1302 1466 ad
1319 1411 1485 1467 subsistendi
1514 1411 1635 1478 modum,
1661 1409 1732 1465 Patri
1760 1418 1818 1464 tan·

1024 1517 1105 1572 quam
1120 1500 1259 1572 preprium
1275 1499 1355 1555 debet
1365 1499 1484 1566 attribui,
1515 1499 1611 1555 attale
1643 1499 1678 1553 sit
1705 1497 1816 1567 scilicet,

1024 1590 1096 1662 quod
1111 1588 1247 1645 Maximus
1262 1588 1370 1654 dixerit,
1386 1589 1463 1660 quod
1488 1590 1567 1643 Pater
1594 1603 1643 1658 per
1670 1586 1819 1657 ingenitam

984 1679 1158 1762 Blleitatem
1169 1678 1343 1747 omnipotens
1356 1679 1398 1733 sit.
1417 1700 1427 1724 ι
1445 1681 1485 1732 Ac
1509 1677 1531 1730 si
1545 1684 1636 1745 aperte
1659 1675 1750 1730 dicat:
1767 1675 1819 1730 Per

1023 1768 1075 1823 hoc
1091 1766 1162 1838 quod
1177 1766 1251 1820 Deus
1264 1774 1316 1833 εει,
1333 1773 1359 1820 ει
1373 1764 1519 1838 ingenitus,
1530 1781 1590 1819 enm
1607 1772 1722 1834 utroque
1736 1763 1819 1818 modo

1024 1854 1239 1923 omnipotentem
1254 1869 1328 1909 esse.
1348 1855 1421 1926 Ergo
1434 1861 1460 1908 et
1469 1852 1642 1921 omnipotens
1664 1859 1715 1917 est,
1727 1866 1819 1922 quan-

1025 1951 1081 1998 tum
1096 1942 1131 1997 ad
1145 1941 1310 2012 operationis
1323 1941 1458 2006 effectum,
1473 1941 1542 1996 sicut
1561 1949 1588 1996 et
1599 1939 1692 2006 Filius,
1705 1947 1731 1994 et
1755 1938 1819 2009 Spi-

1025 2031 1093 2085 ritus
1120 2036 1229 2085 sanctus
1244 2047 1251 2095 ;
1268 2037 1294 2084 et
1315 2029 1489 2100 omnipotens
1500 2036 1676 2100 astquantum
1694 2028 1728 2082 ad
1756 2028 1819 2082 sub·

1026 2118 1135 2174 sistendi
1151 2119 1260 2173 modum
1278 2136 1285 2181 ;
1301 2119 1374 2190 quod
1388 2133 1442 2173 uon
1458 2124 1574 2188 possunt
1588 2132 1649 2172 esse
1659 2116 1752 2182 Filius,
1769 2130 1821 2171 nec

1026 2207 1142 2278 Spiritus
1156 2214 1266 2261 sanctus
1283 2224 1290 2269 ;
1316 2206 1383 2276 quia
1398 2208 1477 2261 Pater
1492 2213 1586 2276 potest¹
1596 2220 1685 2260 essea
1713 2203 1819 2274 seipso,

1027 2294 1097 2365 quud
1113 2293 1195 2348 Filius
1210 2309 1264 2349 non
1278 2301 1377 2364 potest,
1395 2310 1445 2349 neo
1453 2293 1574 2365 Spiritus
1588 2299 1709 2348 sanctus.
1726 2290 1824 2347 Diver-

1026 2399 1071 2437 sus
1081 2398 1148 2453 ergo
1159 2389 1208 2449 est,
1224 2381 1373 2438 secundum
1385 2389 1421 2447 te,
1439 2382 1466 2436 in
1483 2382 1532 2437 illa
1558 2380 1673 2451 simplici
1702 2379 1823 2434 essentia

1026 2471 1196 2526 subsistendi
1213 2472 1318 2526 modus.
1336 2470 1465 2526 Subsistit
1478 2469 1550 2526 enim
1576 2472 1656 2524 Pater
1680 2483 1712 2523 eo
1727 2468 1823 2534 modo,

1025 2568 1055 2614 ut
1068 2561 1170 2615 habeat
1181 2559 1294 2630 proprie
1310 2562 1382 2614 hanc
1404 2558 1642 2630 omnipotentiam,
1670 2572 1750 2628 quam
1766 2572 1820 2611 non

1026 2649 1124 2703 babeat
1139 2647 1236 2714 Filius,
1257 2648 1299 2703 vel
1311 2648 1425 2717 Spiritus
1440 2654 1559 2702 sanetus.
1582 2646 1652 2701 Huic
1668 2643 1823 2716 falsiloquio

1027 2737 1243 2792 Senecaescitum
1257 2736 1343 2808 aptari
1353 2743 1461 2807 potest:
1478 2735 1640 2806 «Quidquid
1662 2733 1822 2788 adinventi-

1026 2825 1092 2879 tium
1107 2833 1158 2890 εει,
1175 2824 1353 2880 fundamento
1368 2829 1451 2879 caret.
1470 2846 1482 2871 i
1499 2823 1614 2879 sienim
1630 2823 1669 2877 ita
1683 2825 1735 2889 est,
1751 2821 1821 2875 saliit

1027 2913 1070 2969 sel
1082 2913 1192 2977 lallitnr,
1209 2914 1254 2986 qui
1269 2913 1377 2969 dicitis
1396 2912 1548 2984 Evangelio
1564 2931 1570 2966 :
1589 2912 1672 2982 «Ego
1686 2917 1714 2964 et
1743 2910 1823 2964 Pater

179 3011 250 3062 esse,
267 2998 339 3068 quod
355 3014 460 3068 sapere.
472 2999 550 3068 Quod
566 3000 638 3056 euim
654 3009 695 3056 est
710 3002 850 3073 sapientiae
865 3019 971 3074 sapere,
1027 3018 1109 3057 unum
1125 3002 1323 3072 sumusidonn.
1337 3001 1405 3069 x).»
1422 3002 1527 3072 Ego,et
1543 3000 1629 3067 Pater,
1645 2996 1822 3065 etsumus,ad

179 3092 206 3139 et
221 3086 347 3154 potentiae
362 3102 450 3157 posse,
466 3089 748 3145 aeternitatiaetemum
768 3106 830 3146 esse
855 3091 972 3162 justitie

1027 3105 1203 3161 personarum
1220 3089 1423 3159 proprietatem,
1439 3105 1521 3144 unum
1536 3088 1570 3143 ad
1599 3087 1726 3142 esseutiae
1754 3101 1821 3155 per·

175 3171 281 3242 justum
296 3190 366 3231 csse.
385 3171 557 3250 Pateri'gitur
570 3186 597 3232 et
607 3177 692 3233 Filius
704 3177 784 3232 simul
801 3194 854 3234 una
875 3196 972 3236 essen·
1027 3179 1093 3233 tinet
1104 3179 1244 3233 unitatem.
1262 3179 1316 3234 Sed
1335 3193 1388 3232 non
1405 3177 1481 3243 tatttt,
1497 3176 1560 3249 quia
1575 3175 1677 3232 veritas
1691 3181 1731 3230 est
1746 3191 1753 3237 ;
1768 3189 1821 3228 nec

179 3262 225 3328 tia,
241 3269 268 3318 ει
281 3279 335 3318 una
349 3264 520 3336 magnitudo,
537 3273 564 3321 et
576 3283 628 3321 una
643 3268 849 3335 veritas,etuna
864 3271 972 3339 sapien·
1028 3267 1139 3336 fallitur,
1156 3267 1219 3338 quia
1232 3266 1366 3336 sapientia
1375 3273 1424 3331 est,
1437 3264 1665 3335 atomaipotentia
1681 3280 1689 3318 :
1705 3278 1758 3318 noa
1774 3262 1821 3333 qui

179 3352 226 3416 tia,
256 3359 282 3407 et
310 3354 972 3423 unaomnipotentia.»Videtisne,0Pai·isienses
1028 3357 1117 3421 Pater,
1134 3355 1182 3410 sed
1197 3354 1270 3425 quod
1285 3355 1376 3409 Pater.
1408 3355 1470 3409 Non
1498 3361 1540 3408 est
1562 3353 1647 3422 igitur
1661 3351 1688 3405 in
1701 3350 1747 3405 illa
1761 3350 1822 3403 sim·

178 3440 336 3509 academici,
352 3441 424 3511 quod
439 3443 557 3513 proprie,
587 3444 616 3499 id
644 3452 684 3500 est
711 3445 745 3499 ad
767 3445 971 3501 distinctionem
1028 3442 1090 3515 plici
1115 3445 1235 3498 essentia
1246 3442 1370 3498 diversus
1384 3441 1552 3497 subsistendi
1567 3441 1664 3496 modus
1680 3439 1747 3511 (39),
1776 3436 1822 3492 uhi

177 3545 367 3601 personarum,
391 3531 587 3600 omnipotentia
614 3533 665 3588 soli
695 3533 764 3588 Patri
792 3549 848 3588 non
875 3535 973 3589 debeat
1027 3533 1147 3602 ejusdem
1176 3538 1278 3587 naturae
1306 3539 1358 3597 est,
1381 3530 1513 3600 quidquid
1540 3529 1577 3584 ibi
1601 3535 1707 3592 est;et
1733 3534 1823 3581 tantus

178 3618 373 3674 ascribitSed
390 3635 424 3674 ne
438 3619 538 3691 aliqua,
554 3621 598 3674 vet
618 3622 780 3691 parvissima
796 3622 973 3677 dubitationis
1027 3622 1100 3676 Deus
1127 3628 1170 3676 est
1198 3621 1272 3675 solus
1298 3620 1384 3686 Pater,
1413 3619 1626 3690 quantusl‘ater
1645 3624 1671 3672 et
1700 3616 1781 3670 Filius
1796 3622 1823 3669 et

177 3706 275 3762 nebula
304 3711 453 3773 remaneat,
478 3709 579 3774 videte,
597 3709 661 3779 quid
676 3710 703 3763 in
731 3718 826 3766 octavo
850 3712 972 3779 eiusdem
1027 3709 1144 3778 Spiritus
1158 3716 1268 3765 sanctus
1285 3724 1291 3776 ;
1308 3710 1372 3780 quia
1400 3722 1569 3778 unaquaeque
1588 3701 1822 3777 personasigilla-

177 3794 269 3865 operis
283 3794 351 3850 libro
363 3795 491 3868 magister
504 3796 577 3851 idem
591 3796 625 3852 de
652 3814 682 3853 re
702 3797 796 3853 eadem
823 3815 972 3869 prosequa-
1027 3800 1075 3853 tim
1091 3798 1227 3867 perlectus
1254 3798 1338 3865 Dens,
1355 3804 1382 3852 et
1408 3803 1464 3850 tota
1488 3793 1569 3849 simul
1583 3794 1699 3849 trinitas
1713 3792 1821 3849 nonnisi

178 3890 221 3937 tur
237 3900 245 3938 τ
263 3904 273 3930 ε
292 3884 340 3948 Εε,
357 3883 453 3953 inquit,
469 3884 595 3940 dicuntur
607 3886 718 3957 proprie
734 3887 761 3940 in
777 3886 823 3943 itta
837 3886 971 3942 Trinitate
1026 3903 1094 3942 unus
1106 3888 1189 3942 Deus.
1206 3885 1373 3957 Augustinus
1387 3885 1415 3938 in
1428 3884 1475 3939 lib.
1492 3899 1518 3938 vi
1534 3884 1574 3938 De
1589 3882 1719 3937 Trinitate
1736 3899 1743 3934 :
1762 3901 1773 3930 ι
1791 3881 1821 3935 Ιε

177 3971 303 4027 distincte
324 3971 357 4026 ad
375 3972 496 4043 singulas
513 3989 642 4043 personas
657 3974 827 4045 pertinentia,
856 3991 915 4046 quae
931 3992 971 4031 re·
1026 3974 1116 4040 rebus,
1130 3974 1226 4043 inquit,
1237 3973 1374 4044 corporeis
1389 3987 1443 4027 non
1459 3979 1563 4026 tautum
1581 3986 1626 4026 res
1637 3983 1700 4036 uns,
1731 3984 1820 4040 qaan-

178 4058 261 4115 lstire
276 4060 444 4115 dicunturad
459 4061 589 4128 invicem,
601 4063 672 4118 sicut
688 4063 766 4117 Pater
780 4071 807 4119 et
822 4063 916 4130 Filius,
946 4072 972 4119 et
1027 4070 1082 4116 tum
1098 4071 1154 4117 tres
1168 4061 1265 4131 simul;
1283 4069 1309 4118 et
1321 4061 1382 4132 plus
1397 4059 1502 4130 aliquid
1517 4066 1582 4114 sunt
1595 4059 1666 4124 duae,
1676 4073 1757 4127 quam
1769 4072 1821 4112 una

178 4147 316 4221 utriusque
331 4148 432 4204 donum
445 4150 562 4221 Spiritus
577 4159 694 4207 sanctus.
720 4153 781 4206 Non
807 4153 879 4208 enim
896 4155 973 4208 Pater
1026 4167 1078 4208 res.
1095 4151 1226 4206 Caeterum
1240 4150 1268 4205 ia
1294 4165 1399 4204 summa
1422 4147 1562 4213 Trinitate,
1586 4163 1646 4218 quae
1674 4147 1751 4201 Deus
1768 4152 1820 4211 est,

178 4235 305 4306 Trinitas,
321 4244 365 4292 aut
389 4237 472 4292 Filius
488 4239 613 4305 Trinitas,
642 4244 689 4295 ant
713 4240 831 4296 Trinitas
859 4241 970 4296 donum.
1028 4246 1133 4294 tantum
1147 4248 1186 4294 est
1201 4255 1265 4303 una,
1281 4246 1410 4310 quantum
1424 4236 1822 4299 tressimul;tantumestuaa,

177 4323 256 4394 Quod
280 4340 347 4380 vero
376 4326 454 4395 adfse
477 4326 602 4382 dicuntur
614 4327 723 4400 singuli,
735 4345 790 4384 non
817 4329 899 4384 debet
917 4329 972 4384 dici
1027 4336 1155 4399 quantum
1183 4328 1253 4392 dnae,
1275 4337 1301 4382 et
1316 4326 1342 4381 in
1357 4343 1386 4381 se
1412 4324 1519 4380 infinita
1533 4332 1605 4379 sunt.
1623 4323 1659 4378 lta
1672 4330 1698 4379 et
1712 4321 1823 4395 singula

179 4413 330 4485 pluraliter,
361 4422 426 4480 tres,
442 4415 490 4470 sed
516 4431 568 4469 una
582 4416 641 4486 ipsa
664 4417 791 4484 Trinitas,
808 4418 877 4473 sicut
898 4419 972 4473 Deus
986 4398 1012 4459 D
1028 4424 1090 4471 sunt
1110 4417 1137 4469 in
1165 4415 1288 4488 singulis,
1305 4414 1448 4486 etsingula
1458 4413 1486 4467 in
1498 4413 1634 4476 omnibus,
1646 4420 1673 4467 ει
1685 4412 1780 4466 omnia
1794 4411 1823 4463 in

179 4503 267 4571 Pater,
298 4504 372 4559 Deus
401 4503 492 4570 Filius,
522 4506 595 4559 Deus
621 4504 738 4575 Spiritus
759 4508 973 4570 sanctns;l)eus
1027 4505 1164 4569 omnibus
1182 4512 1300 4558 etunum
1316 4503 1342 4557 in
1358 4502 1491 4557 omnihus.
1509 4499 1562 4569 Qui
1575 4500 1649 4555 videt
1663 4499 1716 4556 boc
1731 4498 1775 4554 vel
1787 4513 1824 4553 ex

178 4592 267 4648 bonus
283 4593 369 4656 Pater,
384 4591 472 4646 bonus
485 4592 578 4658 Filius,
607 4593 693 4648 bonus
708 4593 824 4664 Spiritus
851 4603 972 4662 sanctus,
1027 4600 1114 4664 parte,
1143 4592 1187 4646 vel
1213 4591 1421 4661 perspeculum
1447 4598 1472 4644 et
1486 4589 1513 4643 in
1528 4589 1684 4660 aenigmate,
1703 4587 1827 4660 gaudeat

178 4687 205 4736 et
219 4681 391 4751 omnipotens
407 4681 495 4747 Pater,
505 4681 676 4752 omnipotens
692 4682 783 4751 Filius,
802 4683 974 4752 omnipotens
1027 4696 1198 4753 cognoscens
1222 4681 1319 4744 Deum,
1332 4685 1357 4733 et
1371 4679 1409 4733 sic
1424 4679 1512 4732 Deum
1527 4680 1650 4741 honoret,
1665 4683 1693 4730 et
1720 4675 1825 4746 gratias

178 4769 301 4841 Spiritus
317 4787 324 4832 ς
341 4785 391 4825 εεε
404 4776 496 4824 tamen
510 4777 565 4825 tres
579 4770 628 4838 dii,
643 4779 687 4825 aut
702 4779 757 4826 tres
767 4772 842 4839 boni,
859 4781 904 4827 aut
920 4779 974 4828 tres
1027 4776 1098 4840 agat.
1116 4767 1167 4837 Qui
1181 4776 1269 4823 antem
1290 4783 1343 4822 non
1354 4766 1437 4825 videt.
1454 4765 1546 4820 tendat
1560 4764 1594 4819 ad
1608 4764 1757 4819 uidendum
1775 4779 1826 4834 per

179 4859 390 4929 omnipotentes,
420 4858 468 4913 sed
483 4874 553 4915 unus
568 4859 653 4927 Deus,
676 4859 774 4927 bonus,
790 4861 971 4932 omnipotens,
1027 4858 1165 4928 pietatem,
1182 4872 1236 4912 non
1246 4871 1295 4925 per
1307 4856 1456 4911 oaeciutem
1464 4854 1497 4908 ad
1509 4853 1728 4910 calumniandum
1742 4852 1824 4908 etiam

179 4948 252 5020 quod
266 4953 308 5002 εει
319 4945 381 5016 ipsa
395 4946 520 5002 Trinitas.
539 4970 550 4984 r
1028 4944 1092 5018 quia
1107 4960 1178 5000 unns
1192 4952 1234 5000 est
1248 4945 1331 5008 Deus,
1343 4943 1392 4998 sed
1407 4950 1496 4998 tamen
1518 4943 1642 4997 Trinitas.
1661 4965 1672 4990 ι
1690 4943 1755 4996 llaec
1769 4942 1827 4995 Au·

215 5036 264 5091 llis
277 5034 500 5091 attestationibus
514 5034 688 5105 sufficienter,
699 5045 827 5107 quantum
842 5037 974 5105 arbitror,
1027 5034 1153 5106 gustinus
1166 5032 1200 5087 ad
1217 5032 1397 5088 conterendos
1408 5047 1495 5087 novos
1516 5029 1581 5086 fidei
1595 5030 1732 5097 inimicos,
1749 5028 1827 5084 etad

179 5131 318 5181 ostensum
334 5124 467 5195 estquod
480 5125 675 5196 omnipotentia
695 5126 805 5197 proprie
822 5126 895 5180 Patri
923 5125 974 5181 soli
1027 5120 1380 5178 ostendendamindividuae
1399 5119 1508 5175 unitatis
1520 5117 1827 5189 incomprehensibilem

180 5229 235 5270 uon
249 5212 331 5270 debet
344 5212 457 5269 ascribi.
484 5213 539 5269 Sed
562 5213 641 5271 video
656 5214 719 5286 quid
736 5214 830 5269 l’etrus
845 5214 888 5270 hic
909 5213 973 5271 velit
1028 5211 1231 5277 sublimitatem,
1249 5210 1354 5265 fortiter
1380 5215 1461 5281 atque
1476 5208 1591 5264 fideliter
1604 5207 1742 5264 disseruit.
1759 5205 1829 5263 Cla-

216 5461 274 5535 (39)
290 5465 380 5538 Negat
406 5479 468 5521 esse
496 5464 523 5520 in
541 5465 600 5520 Deo
615 5462 757 5519 diversum
773 5463 937 5521 subsistendi
952 5423 1061 5521 moduni
1080 5461 1150 5526 ;sed
1165 5461 1203 5517 ibi
1218 5462 1369 5518 subsistere
1384 5459 1468 5515 sumit
1481 5475 1531 5531 pro
1545 5459 1680 5524 εειειενε,
1709 5471 1769 5512 non
1798 5467 1830 5513 nt

181 5534 334 5608 hypostasis
348 5552 396 5593 seu
409 5551 535 5609 ρεεεοεε
547 5533 739 5608 proprietatem
748 5541 835 5590 nutat.
