3728 6000
169 335 217 391 851

664 334 696 389 D.
709 333 842 392 aream
862 333 1093 392 settoahsrtm
1112 336 1320 396 LEODIENSIS

1767 341 1820 396 852

169 467 262 518 menta
277 461 312 518 ab
328 477 360 519 ao
376 460 429 517 ritu
444 467 582 517 mutantur
603 475 684 531 quem
705 459 830 516 Ecclesia
853 456 967 514 instituit
980 461 1009 522 Α
1023 477 1084 516 nam
1101 463 1287 520 tautummodo
1302 464 1450 521 Ecclesiam
1467 465 1613 523 credebant
1635 482 1697 523 esse
1719 465 1821 522 catho-

170 558 197 607 ει
210 551 322 619 obtinet,
338 567 393 607 nou
405 559 470 606 sunt
485 567 501 604 a
517 548 663 604 Catholicis
687 548 876 620 approbanda,
892 548 967 619 quia,

170 648 275 696 mutata
300 641 433 711 jamnon
463 646 526 695 sunt
553 638 744 706 ecclesiastiea,
760 638 808 692 sed
833 638 967 709 haeretica,

171 729 242 785 sicut
265 730 448 794 Innocentius,
480 727 616 799 Pelagius,
648 727 807 799 Gregorius,
828 727 969 798 baptismo

171 818 363 874 baereticorum
379 833 544 889 quocunque
559 817 609 870 Pei
624 817 735 871 nontine
750 817 851 872 iactum
866 815 968 871 reluta-

172 915 279 976 veruul,
296 909 358 980 quia
373 915 505 962 mutatum
526 907 560 960 ab
584 906 768 962 ecclesiastica
791 906 967 973 institutione,

173 1010 229 1053 non
250 1000 278 1050 in
300 997 411 1052 nomiae
434 995 569 1050 Trinitatis
591 995 759 1050 celebratum
790 994 923 1050 uiderunt.
941 993 970 1049 Si

173 1093 265 1140 autem
280 1084 413 1140 solemnia
428 1085 513 1141 verba
527 1101 582 1139 non
597 1091 750 1148 mutantur,
767 1084 814 1139 sed
832 1084 880 1138 rite
899 1099 968 1154 pro-

173 1173 306 1240 feruntur,
324 1183 351 1229 et
365 1175 422 1244 ipsa
438 1174 576 1229 exsecutio
592 1173 754 1230 sacramenti
765 1172 966 1244 ritepcrhcitur,

174 1265 239 1318 tnnc
253 1263 443 1319 hereticorum
459 1261 571 1334 perfidia
585 1263 745 1318 sacramenti
759 1262 901 1317 veritatem
915 1277 970 1316 non

173 1349 296 1422 impedit,
313 1352 373 1424 quia
386 1351 458 1421 quod
474 1352 592 1407 haeretici
615 1350 695 1406 aliter
719 1366 773 1405 nou
796 1351 898 1406 babent
919 1364 969 1407 nec

174 1448 260 1514 agitat
272 1456 351 1513 quarn
367 1457 431 1498 vera
447 1441 578 1508 Ecclesia,
594 1455 646 1495 uon
663 1440 850 1495 emendaturo
865 1439 968 1495 Catho-

172 1528 244 1597 licis,
261 1529 309 1586 scd
324 1530 496 1601 approbatur.
514 1529 594 1585 Unde
608 1530 781 1602 Augustinus
796 1528 829 1584 de
845 1529 971 1584 ecclesia·

174 1617 249 1674 sticis
265 1619 373 1690 regulis
391 1638 396 1674 :
415 1639 426 1670 ι
444 1618 473 1675 Si
482 1619 527 1689 qui
539 1618 611 1688 apud
622 1617 683 1673 illos
694 1619 834 1673 licereticos
841 1617 969 1687 baptizati

173 1714 247 1777 sunt,
264 1708 308 1779 qui
324 1707 351 1761 iu
366 1715 467 1763 sauctae
481 1707 616 1762 Trinitatis
629 1707 800 1762 consessione
820 1706 966 1777 baptizant,

1022 549 1112 615 licam,
1128 560 1157 607 et
1175 553 1261 609 tadei
1284 555 1407 610 Jndaeam
1430 556 1520 611 locum
1543 554 1776 620 sanctificationis,
1792 562 1819 610 et

1022 640 1049 694 iu
1064 639 1127 696 fitiae
1142 641 1254 712 alicuius
1268 644 1407 716 conjugio,
1423 652 1450 700 et
1464 644 1491 699 iu
1510 652 1601 700 sancta
1617 644 1706 716 aliquo
1717 644 1818 700 erede-

1022 736 1062 783 ret
1078 728 1205 800 baptismi
1230 740 1355 787 constare
1376 733 1546 788 sanctitatem
1567 742 1593 789 et
1616 734 1741 802 salutem,
1758 733 1819 805 quis

1022 818 1074 872 boc
1099 820 1212 874 haeresin
1228 836 1354 877 essenon
1368 822 1519 889 iudicaret?
1533 822 1600 892 Quis
1623 823 1735 878 histem
1752 838 1818 894 pro·

1022 905 1092 961 lanis
1106 909 1198 963 verbis
1212 909 1374 978 baptismum
1390 912 1542 967 consecrari
1564 911 1709 967 crederet?
1724 912 1758 966 Et
1774 918 1818 965 ta-

1022 1011 1086 1050 men
1101 998 1158 1052 haec
1173 999 1254 1052 uerba
1269 1008 1363 1054 contra
1388 997 1467 1053 fidem
1485 999 1592 1070 prolata
1606 1000 1669 1071 qaia
1682 999 1819 1071 simplici-

1024 1091 1064 1139 tas
1088 1087 1251 1157 prnlereutis
1272 1095 1299 1142 et
1324 1087 1393 1142 fides
1415 1088 1564 1152 excusavit,
1581 1088 1748 1144 concedente
1770 1090 1819 1142 Za-

1023 1174 1123 1243 charia,
1142 1174 1266 1245 baptismi
1281 1177 1382 1230 reritas
1397 1183 1452 1231 rata
1469 1177 1627 1248 permansit.
1644 1176 1819 1233 Undcscien-

1022 1262 1138 1318 domest
1154 1264 1231 1334 quia,
1247 1280 1306 1319 cum
1330 1265 1357 1318 in
1378 1266 1504 1321 omnibus
1527 1264 1705 1321 sacramentis
1726 1265 1819 1320 omnis

1022 1352 1074 1406 siut
1085 1352 1202 1408 fideliter
1216 1357 1243 1408 et
1257 1360 1356 1409 attente
1371 1354 1497 1418 dicenda,
1513 1361 1540 1409 et
1560 1354 1669 1425 agenda
1692 1370 1754 1424 qrrae
1770 1368 1818 1407 so-

1023 1440 1149 1495 lemniter
1162 1440 1281 1495 instituta
1303 1450 1374 1508 sunt,
1388 1442 1410 1496 si
1433 1451 1530 1509 tamen,
1547 1442 1619 1513 quod
1640 1441 1728 1496 obsiti
1745 1440 1818 1512 apud

1022 1529 1115 1583 lidelcs
1132 1545 1181 1600 per
1204 1531 1336 1585 incuriam
1361 1531 1438 1586 aliter
1462 1532 1570 1587 eveniat
1594 1532 1621 1585 in
1646 1530 1747 1602 aliquo,
1765 1544 1820 1584 non

1021 1617 1257 1687 irritajudieanda
1282 1628 1362 1683 sunt,
1380 1620 1453 1691 qaia,
1469 1628 1497 1674 ut
1516 1620 1614 1675 dictum
1638 1628 1689 1686 est,
1705 1627 1731 1674 et
1752 1634 1819 1688 pre-

1021 1707 1106 1761 cantis
1120 1705 1234 1763 affectus
1249 1718 1366 1779 superat,
1383 1717 1408 1764 et
1421 1709 1506 1764 series
1521 1708 1743 1780 evangelicorum
1759 1724 1819 1761 ver-

172 1803 198 1852 at
213 1795 324 1854 veniunt
338 1796 372 1851 ad
387 1797 550 1851 catholicam
574 1795 734 1862 Ecclesiam,
750 1795 925 1866 recipiantur,
941 1802 1008 1880 utB
1024 1796 1117 1851 borum
1133 1797 1183 1852 rite
1205 1798 1382 1868 prolatorum,
1399 1806 1498 1855 caetera
1521 1799 1601 1854 etiam
1620 1805 1715 1853 contra
1736 1796 1818 1851 iidem

172 1883 362 1956 baptizatae
386 1893 485 1942 sanctae
506 1885 645 1940 Trinitatis
674 1884 810 1941 invocatio
831 1885 874 1940 vel
898 1900 967 1941 con-

172 1973 254 2030 fessio
268 1973 424 2030 annulletur
438 1975 467 2028 in
481 1976 671 2030 sacramentis.
688 1999 697 2022 n
712 1976 784 2047 Ergo
793 1973 969 2031 conficiendis

172 2069 199 2120 et
213 2070 293 2120 nocet
307 2079 382 2119 error
396 2063 492 2129 cordis,
506 2079 567 2119 cum
582 2064 666 2121 verba
682 2072 775 2119 contra
796 2063 876 2118 fidem
902 2079 968 2134 pro·

171 2149 297 2208 seruatur
317 2152 343 2206 in
368 2152 536 2223 prece,quia
559 2167 613 2207 non
638 2168 670 2208 ea
703 2159 816 2223 superat
837 2153 971 2223 precantis

171 2239 286 2297 affectus
299 2239 400 2306 infide,
417 2248 509 2295 elnon
524 2248 605 2296 uocet
628 2256 689 2296 cum
713 2242 770 2311 ipsa
793 2241 878 2296 uerba
901 2258 969 2313 pre-

172 2326 294 2385 femntur
307 2329 462 2383 nullatenus
476 2336 580 2384 mutata
608 2330 642 2383 ab
658 2345 707 2384 usu
721 2330 857 2386 Ecclesiae.
876 2330 903 2384 Si
918 2347 969 2385 au-

173 2423 228 2471 tent
244 2432 324 2472 orror
337 2416 427 2472 cordis
441 2432 495 2472 nen
515 2425 565 2483 est,
583 2433 638 2472 non
656 2425 736 2473 nocet
751 2419 863 2473 mutatio
878 2420 970 2490 prola-

172 2503 254 2561 tionis
273 2504 428 2572 verberum,
445 2505 488 2561 rel
514 2506 700 2562 exsecutionis
724 2516 969 2575 sacramentorum,

173 2593 237 2667 quia
260 2593 354 2660 verba,
379 2593 486 2648 etiamsi
511 2603 605 2650 contro
634 2595 716 2650 fidem
746 2596 809 2663 sint,
837 2598 971 2667 precantis

171 2681 290 2738 allectus
305 2691 425 2752 superat,
442 2690 468 2738 et
482 2682 511 2737 in
534 2699 589 2738 una
612 2682 667 2739 fide
690 2699 745 2739 non
769 2693 848 2740 nocet
863 2685 970 2741 diversa

171 2771 340 2827 consuetudo
350 2771 491 2826 Ecclesiae.
508 2771 593 2828 Unde
608 2773 690 2827 etiam
705 2788 766 2829 cum
779 2775 907 2847 Pelagius
917 2776 971 2830 hae·

171 2859 273 2916 reticos
287 2859 315 2914 in
330 2859 428 2914 Christi
450 2860 559 2916 nomine
583 2860 733 2930 baptizatos
757 2879 810 2917 aaa
823 2864 970 2931 mersione,

170 2947 266 3019 jubeat
285 2946 447 3019 rebaptizari
475 2949 543 3003 trina
582 2952 729 3018 mersione,
760 2951 852 3006 beatas
881 2960 970 3008 tamen

1022 1886 1136 1941 admista
1151 1894 1271 1942 evacuat.

1319 1984 1433 2043 CAPUT
1451 1986 1524 2041 xlv.

1025 2073 1116 2141 ererc
1131 2076 1162 2130 ia
1177 2076 1292 2131 nominc
1309 2076 1457 2131 Trinitatis
1469 2076 1609 2148 baptismo
1622 2075 1688 2144 ficri
1702 2075 1821 2130 institat-

1359 2152 1421 2203 tam
1436 2150 1485 2202 sit.

1060 2233 1197 2303 Quaritur
1211 2243 1300 2290 autem
1320 2252 1402 2305 qnare
1427 2236 1548 2291 Christus
1567 2252 1622 2307 pra
1642 2234 1748 2291 ceteris
1771 2234 1821 2289 Dei

1023 2324 1178 2378 nominihus
1203 2324 1322 2380 maxime
1342 2326 1370 2379 in
1393 2325 1502 2380 nomine
1524 2325 1661 2380 Trinitatis
1688 2324 1821 2394 baptisma

1024 2413 1178 2468 consecrari
1205 2415 1327 2478 uoluerit,
1344 2415 1413 2470 adeo
1437 2423 1464 2469 ut
1475 2415 1609 2485 baptisma
1636 2413 1743 2470 catoris
1770 2413 1821 2468 Dei

1023 2502 1180 2556 nominibus
1193 2512 1291 2573 praeter
1306 2502 1386 2559 fidem
1401 2503 1501 2559 lactum
1529 2506 1564 2558 sit
1582 2504 1703 2566 irritum;
1719 2502 1748 2557 iu
1769 2518 1820 2557 no·

1023 2591 1097 2646 atrine
1112 2599 1201 2646 autem
1216 2592 1352 2646 Trinitatis
1366 2592 1446 2648 etiam
1465 2601 1563 2665 praeter
1583 2592 1664 2647 iidem
1683 2591 1821 2647 Trinitatis

1024 2688 1227 2746 consecratum,
1244 2682 1279 2735 sit
1292 2688 1378 2736 ratum
1390 2683 1404 2734 ‘i
1418 2682 1472 2737 Sed
1487 2688 1595 2737 econtra
1615 2681 1756 2736 sciendum
1781 2688 1822 2735 est

1025 2769 1099 2841 quud
1115 2770 1143 2823 in
1158 2769 1267 2825 nomine
1281 2786 1329 2824 suo
1346 2779 1533 2826 consecratum
1548 2769 1717 2827 sinesrdeuel
1728 2769 1821 2842 aliquo

1026 2859 1132 2925 merite,
1150 2867 1191 2914 est
1205 2867 1303 2927 ratum,
1320 2859 1381 2914 ideo
1396 2858 1434 2926 lit,
1450 2867 1479 2914 ut
1495 2860 1595 2915 dictum
1620 2867 1670 2927 est,
1687 2863 1717 2913 ut
1731 2858 1822 2913 omnia

1026 2957 1195 3003 sacramenta
1218 2964 1274 3003 sure
1298 2949 1393 3021 gratiae
1415 2965 1474 3003 esse
1497 2949 1665 3020 deputentur.
1679 2947 1758 3017 Quod
1774 2964 1822 3002 au-

174 3037 324 3109 Gregorius
338 3053 418 3092 onam
433 3038 599 3095 mersionem
614 3040 683 3095 sicut
703 3047 730 3095 et
753 3041 851 3095 trinam
866 3057 970 3113 appro-
1028 3046 1081 3092 tem
1095 3038 1248 3092 innomine
1270 3037 1408 3092 Trinitatis
1430 3039 1482 3092 boc
1504 3038 1622 3093 mraxime
1647 3036 1704 3093 ficri
1724 3036 1821 3099 voluit,

172 3124 230 3182 bat.
247 3126 299 3181 Sed
315 3132 407 3181 tameo
422 3124 448 3180 io
463 3141 516 3181 una
532 3126 586 3183 fide
601 3130 670 3183 banc
690 3128 818 3184 Ecclesiae
832 3130 970 3185 diuersam
1026 3126 1089 3182 idco
1106 3126 1266 3192 factumest,
1279 3127 1377 3197 quiaiu
1390 3126 1592 3182 eoCbristianae
1611 3126 1675 3182 fidei
1690 3126 1822 3196 perfectio

174 3213 399 3272 cousuetudinem
423 3216 606 3283 commendat,
622 3217 736 3272 innuens
757 3219 828 3290 quud
842 3219 887 3274 ubi
902 3177 1009 3276 tidesG
1026 3231 1187 3286 summaque
1202 3215 1336 3283 consistit,
1352 3216 1417 3289 quia
1432 3224 1459 3270 et
1476 3215 1657 3288 generationis
1671 3214 1730 3269 Filii
1744 3231 1760 3269 a
1777 3215 1821 3268 Pa-

173 3319 229 3360 uno
245 3312 293 3368 est,
310 3303 416 3359 diversa
427 3305 564 3361 exsecutio
579 3307 740 3362 sacramenti
759 3323 812 3363 non
824 3307 966 3378 impediat.
1026 3312 1077 3373 tre,
1089 3313 1118 3359 ει
1132 3305 1313 3374 processionis
1329 3305 1416 3359 sancti
1432 3305 1548 3375 Spiritus
1562 3304 1596 3358 ab
1622 3312 1737 3375 utroque
1760 3319 1823 3359 cun·

174 3393 220 3450 ait
234 3392 307 3448 eninr
323 3394 444 3449 Leandro
459 3395 589 3465 episcopo
604 3395 662 3466 (lib.
680 3412 699 3462 1,
711 3398 791 3466 epist.
804 3399 969 3467 lt,tom.ll,
1026 3393 1093 3449 tinet
1114 3408 1254 3458 arcanum,
1280 3409 1399 3464 ueroque
1422 3395 1480 3449 lieo
1504 3393 1540 3448 ita
1566 3401 1606 3448 est
1627 3395 1739 3464 proprie
1761 3409 1824 3464 pro·

175 3482 228 3538 col.
246 3483 309 3549 532)
326 3501 332 3537 :
351 3505 362 3530 a
381 3484 420 3537 De
435 3484 505 3538 trina
520 3485 656 3539 mersione
671 3483 842 3553 baptismatis
856 3487 921 3541 nihil
930 3504 972 3542 re·
1026 3483 1125 3553 prium,
1137 3491 1195 3537 uta
1211 3482 1309 3537 saeculo
1329 3483 1402 3538 nullo
1427 3483 1493 3538 laiso
1516 3484 1574 3538 Deo
1594 3481 1673 3538 luerit
1697 3498 1823 3537 commu·

176 3571 306 3643 sponderi
328 3571 418 3627 verius
431 3580 528 3642 potest,
545 3588 627 3644 quam
648 3572 700 3643 ipsi
708 3574 841 3641 sensistis,
859 3575 920 3645 quia
945 3576 972 3630 in
1026 3572 1156 3626 nicalem.
1179 3570 1332 3639 Quintum,
1353 3579 1381 3625 ut
1394 3571 1430 3626 ait
1444 3571 1588 3643 apostolus
1611 3572 1695 3628 :stat
1710 3572 1824 3644 paidom

175 3676 232 3716 una
245 3659 299 3714 lide
312 3659 349 3713 nil
364 3660 449 3715 eflicit
463 3662 594 3716 Ecclesiae
609 3661 714 3717 diversa
729 3666 904 3719 consuetudo.
915 3665 973 3720 Nos
1028 3658 1069 3713 dii
1080 3659 1176 3724 mulli,
1194 3663 1222 3713 el
1234 3658 1342 3714 domini
1363 3660 1450 3714 inulti
1469 3659 1494 3727 (l
1518 3660 1577 3714 Cer.
1595 3673 1652 3723 vrri,
1669 3657 1709 3729 5),
1725 3666 1825 3728 praeter

178 3755 269 3804 autern
286 3748 356 3817 qnod
382 3748 459 3803 terrio
487 3750 650 3819 mergimus,
677 3751 805 3806 triduanae
829 3754 973 3823 sepultura
1028 3748 1118 3817 insum
1134 3756 1223 3802 tamen
1241 3747 1267 3800 in
1282 3747 1357 3802 nullo
1373 3748 1496 3819 potuitne
1510 3748 1594 3802 trinus
1614 3754 1640 3802 et
1655 3761 1725 3802 unus
1744 3747 1824 3802 dice·

179 3845 351 3892 sacramenta
366 3837 518 3908 signamus,
534 3846 563 3892 ut
578 3837 641 3893 dum
656 3839 746 3894 inians
760 3841 837 3896 tertio
851 3843 975 3914 abaquis
1029 3844 1103 3890 reiut
1122 3836 1249 3892 inveniri.
1272 3837 1332 3892 1100
1356 3836 1428 3891 enim
1456 3851 1554 3891 nomen
1579 3852 1593 3889 ³
1614 3834 1715 3891 saeculo
1743 3834 1827 3891 variis

182 3925 316 3991 educitur,
333 3927 499 3980 resurrectio
515 3927 630 3981 triduani
645 3929 776 3998 temporis
797 3931 973 4001 exprimatur.

183 4013 299 4082 Quodsi
314 4013 375 4084 quis
390 4014 470 4069 etiam
492 4031 541 4085 pro
562 4032 675 4072 summae
694 4018 832 4073 Trinitatis
855 4036 975 4076 reuera-

183 4101 257 4156 tione
280 4101 416 4157 existimet
437 4102 505 4167 lieri,
530 4107 715 4174 nequeenim
737 4106 837 4178 aliquid
861 4109 975 4180 obsistit,

1030 3923 1222 3994 mysteriorum
1236 3925 1329 3996 liguris
1340 3925 1514 3993 occultatum,
1531 3941 1584 3980 non
1600 3924 1691 3980 sulam
1711 3940 1761 3995 pro
1776 3939 1826 3978 sua

1030 4013 1149 4068 novitate
1164 4021 1205 4068 est
1221 4014 1353 4082 mirabile,
1370 4015 1418 4068 scd
1435 4022 1460 4070 et
1474 4030 1524 4083 pro
1548 4013 1648 4068 diriora
1671 4013 1826 4083 majestatis

1031 4118 1131 4158 arcano
1156 4102 1311 4166 ineffabile;
1327 4104 1390 4174 quia
1412 4103 1438 4157 in
1462 4120 1495 4159 eo
1513 4111 1540 4158 ει
1560 4103 1631 4175 quod
1652 4103 1750 4157 trinum
1776 4110 1825 4167 est,

182 4190 374 4260 baptizandum
389 4193 473 4247 semel
488 4192 514 4247 in
530 4193 607 4264 aquis
623 4210 755 4267 mergere,
772 4196 836 4269 quia
849 4197 875 4251 in
892 4200 978 4253 trihus
1031 4193 1161 4248 unitatem
1176 4208 1231 4247 non
1246 4192 1360 4257 excedit,
1380 4200 1406 4246 et
1420 4193 1492 4263 quod
1508 4209 1589 4248 unum
1612 4199 1662 4257 est,
1679 4192 1826 4247 trinitatem

184 4280 308 4350 personis
323 4295 376 4334 uno
401 4282 549 4336 substantia
566 4290 620 4338 est.
640 4283 863 4352 Reprehensibile
887 4287 977 4343 nulla·
1031 4296 1085 4338 non
1102 4281 1204 4336 adimit.
1222 4282 1257 4337 Ut
1270 4296 1335 4352 crgo
1348 4296 1429 4337 noso
1449 4281 1575 4336 lolsorum
1596 4281 1707 4335 deorum
1732 4296 1826 4336 errore

182 4376 261 4424 tenus
272 4384 332 4424 esse
345 4376 434 4440 petest
451 4369 581 4426 infantem
596 4372 624 4425 in
639 4372 801 4443 baptismate
815 4376 858 4431 uel
877 4384 919 4432 ter
935 4379 977 4434 uel
1031 4377 1216 4426 revocamine
1238 4370 1423 4441 dislissgtttl'sslt
1447 4386 1501 4424 nou
1531 4368 1639 4424 minine
1668 4367 1744 4423 [815ῑὸ
1776 4369 1828 4423 diis

181 4458 266 4514 semel
282 4474 416 4530 mergere,
432 4459 542 4530 quando
556 4460 617 4514 etin
627 4460 713 4516 tribus
724 4463 904 4519 mersionibus
913 4482 977 4537 per·
1032 4459 1241 4526 communicato,
1258 4459 1305 4513 sed
1327 4459 1412 4513 solius
1434 4460 1488 4513 reri
1514 4458 1563 4513 Dei
1583 4457 1693 4529 proprio
1716 4459 1826 4512 nontine

181 4560 308 4601 sonarum
323 4545 448 4612 Trinitas,
465 4555 490 4602 et
505 4547 533 4602 in
547 4562 600 4601 una
620 4556 723 4620 postest
747 4550 892 4607 divinitatis
916 4554 974 4608 sin·
991 4532 1168 4604 DTrinitatis
1183 4547 1324 4602 adomnia
1341 4554 1452 4617 peccata
1466 4547 1594 4601 diluenda
1617 4546 1645 4600 in
1662 4545 1828 4616 baptismate

181 4634 314 4706 gularitas
326 4634 474 4707 designari.
492 4658 504 4683 n
521 4636 588 4690 Cum
604 4651 671 4708 ergo
695 4637 821 4711 Pelagius
844 4641 976 4698 hereticis

181 4722 278 4777 tduam
299 4730 401 4778 tontum
425 4725 590 4780 mersionem
612 4725 723 4792 iudicet,
737 4736 845 4784 sanctus
871 4730 976 4802 Grego-

180 4810 238 4865 rius
261 4811 287 4864 in
303 4827 358 4866 ona
381 4811 435 4867 lide
455 4814 552 4869 trinam
578 4820 604 4868 ct
626 4830 707 4869 unam
728 4830 806 4887 teque
830 4821 973 4889 approbet,

180 4898 309 4955 Nicolaus
324 4899 476 4957 innomine
491 4901 588 4957 Christi
608 4902 773 4974 baptismum
796 4914 881 4961 ratum
906 4923 975 4964 con·

181 4987 270 5054 cedat,
286 4987 412 5059 Pelagius
426 4985 559 5046 haereticis
573 4991 666 5046 iterari
678 4992 897 5061 jubeat,censtat
912 4998 974 5066 quia

179 5077 293 5132 mutatio
308 5079 452 5134 verborum
463 5080 508 5134 vel
517 5081 724 5136 exsecutionum
736 5086 972 5142 sacramentalium

179 5181 239 5237 quae
252 5165 377 5221 fidelibus
392 5176 449 5222 rata
463 5169 630 5236 conceditur,
646 5169 717 5240 apud
738 5170 880 5227 hereticos
896 5173 972 5231 irrito

174 5252 321 5322 judicatur.
341 5254 393 5322 Qui
408 5257 480 5311 enirn
495 5257 641 5328 baptizarit
654 5259 683 5313 in
706 5261 817 5316 nemine
841 5261 929 5316 Patria
944 5273 971 5320 et

174 5350 241 5406 Pilia
257 5360 283 5407 et
300 5354 420 5425 Spiritua
436 5363 537 5424 saneta,
554 5357 577 5411 si
592 5358 627 5412 ita
642 5365 671 5413 ut
689 5366 784 5413 sonant
807 5358 889 5415 verbu
908 5376 969 5417 cre-

173 5446 295 5514 didisset,
314 5451 408 5521 procul
435 5452 516 5508 dubie
529 5464 658 5522 errasset,
675 5463 700 5510 et
719 5455 757 5511 sic
772 5457 897 5522 errando,
915 5475 967 5514 ao-

1030 4637 1142 4692 daturus
1166 4636 1360 4708 plenitudinem
1389 4640 1493 4705 gratiae,
1518 4633 1712 4706 plenitudinem
1744 4635 1827 4689 etiarn

1030 4727 1110 4796 hujus
1124 4723 1187 4779 lidei
1199 4725 1325 4797 dignatus
1340 4726 1380 4778 est
1394 4723 1519 4779 revelare
1538 4738 1637 4792 :quam
1653 4720 1714 4792 quia
1730 4722 1765 4776 ad
1781 4722 1825 4777 in·

1029 4813 1171 4869 novandos
1186 4814 1310 4867 homines
1330 4827 1440 4882 nevum,
1456 4811 1491 4866 ad
1513 4810 1744 4866 consummandos
1757 4827 1825 4882 per-

1030 4904 1129 4958 lectam
1154 4901 1228 4956 dedit
1247 4910 1337 4956 contra
1357 4902 1546 4956 haereticorum
1574 4901 1715 4966 versutias,
1739 4909 1825 4955 ratam

1029 4993 1109 5049 etiam
1125 4998 1267 5046 etcertum
1283 5006 1343 5045 esse
1359 4990 1455 5046 voluit.
1475 4992 1552 5044 Noae
1563 5006 1629 5058 erge
1643 4990 1754 5045 nomine
1766 4991 1827 5044 Tri·

1028 5081 1120 5136 nitatis
1147 5079 1176 5133 in
1204 5079 1364 5150 baptismate
1392 5079 1506 5133 instituit
1533 5079 1591 5133 dari
1619 5093 1717 5133 nouom
1743 5076 1825 5134 fidem

1028 5168 1255 5226 Christianitatis:
1272 5175 1299 5222 ut
1314 5167 1386 5222 unde
1407 5168 1517 5222 baberet
1537 5166 1754 5240 regenerationis
1769 5166 1823 5221 ini-

1026 5262 1101 5327 tium,
1125 5258 1311 5314 renotationis
1332 5263 1544 5326 consequeretur
1562 5254 1822 5321 ellectummertius·

1025 5375 1076 5432 que
1088 5363 1115 5411 ει
1126 5355 1220 5410 lortius
1235 5361 1327 5409 eontra
1340 5369 1436 5409 omues
1450 5353 1567 5407 haereses
1582 5349 1663 5407 tidem
1679 5352 1753 5408 illam
1769 5354 1821 5409 ob·

1024 5459 1131 5524 tineret,
1148 5454 1206 5509 sine
1222 5468 1275 5524 qua
1290 5452 1355 5506 nulli
1370 5460 1460 5521 patere
1471 5452 1624 5522 ingressum
1640 5451 1682 5507 tel
1693 5452 1820 5510 Ecclesia

169 5559 234 5601 men
246 5547 391 5602 veritatem
414 5550 576 5605 sacramenti
600 5552 778 5607 annullasset.
795 5552 823 5609 si
846 5554 918 5608 enirn
939 5556 966 5610 in
1021 5556 1064 5613 uel
1081 5554 1199 5612 eoelestis
1212 5551 1307 5623 patriar
1322 5559 1512 5623 cognesceret.
1527 5550 1695 5605 Novoetiam
1706 5552 1819 5629 nomine

167 5641 332 5702 habitatione
354 5644 469 5717 alicujus
488 5648 674 5721 patriae,sicut
687 5650 836 5708 Donatista
854 5651 965 5710 Africa·
1019 5651 1156 5709 Trinitatis
1183 5647 1366 5706 Christianam
1399 5646 1636 5718 regenerationem
1651 5645 1755 5706 initiari
1774 5665 1818 5708 vo
