3728 6000
123 233 159 292 ur
583 228 768 293 buxutum
788 238 806 294 S
825 238 973 296 uttTtNt
990 236 1143 295 TORNAC.
1164 234 1308 296 sanaris
1740 250 1774 305 68

129 373 184 419 tum
199 379 232 420 ea
246 371 326 419 nocte
341 361 378 417 ibi
392 376 502 417 manere
523 361 681 432 deposcunt,
711 378 796 434 seque
810 362 854 419 die
876 380 922 419 sc·
936 365 963 424 A
978 365 1103 421 Marrucini
1119 363 1151 420 S.
1169 366 1285 421 Martini
1298 366 1462 423 solitudinis
1472 383 1568 425 umore
1579 370 1671 428 locum
1691 372 1772 430 dese·

125 452 219 523 quenti
232 453 381 508 monachos
396 451 499 506 iuturus
512 449 679 521 promittunt.
1114 441 1194 501 runi,
1211 439 1348 509 tedium
1362 440 1484 512 episcopi
1498 440 1631 498 redeunt.

124 568 181 625 Ode
197 567 282 624 eblus
297 567 325 623 S.
339 566 456 621 iloriirri
469 580 535 620 eum
549 564 633 620 soriis
641 565 778 637 relinquit
793 565 916 621 institu-
1013 535 1061 632 ,ω’
1080 534 1206 636 p⁰f¹¹⁰¹ff⁸
1219 535 1310 605 “aque
1325 535 1484 635 ⁰d⁰‚⁸bb³⁵
1496 536 1673 640 sfi⁰¹¹¹⁸g⁰⁰m
1682 557 1776 598 ΝΟΜ·

160 644 221 695 pum
236 639 414 702 clericorum,
430 641 458 692 et
472 637 593 691 assumit
604 637 828 692 penedqcptnum,
841 638 921 707 3193.
976 621 1036 676 clus
1050 637 1109 676 suis
1123 630 1248 677 instituta
1263 631 1291 678 et
1306 624 1477 694 collatrones,
1504 643 1553 683 seu
1573 629 1648 685 l'rtas
1663 631 1774 687 Patrem

158 726 208 766 rur
223 712 381 781 precentor
393 712 422 764 et
437 709 617 763 dermannus
625 709 795 780 prepositus
810 710 920 779 fratres
975 709 1084 764 assidue
1092 711 1177 780 erepit
1187 709 1292 782 legere,
1305 721 1329 767 et
1345 713 1475 785 quidquid
1491 715 1622 788 legissent
1636 719 1708 775 illico
1722 737 1774 778 vo-

156 781 232 851 fiunt
242 779 384 836 monachi·
974 798 1068 853 lebant
1082 815 1163 869 opere
1177 799 1340 869 adimplere.
1360 802 1438 857 Unde
1450 802 1549 859 iactum
1565 815 1606 862 est
1625 816 1654 862 ut
1681 809 1770 865 zelum

158 894 277 952 Crastino
293 893 377 965 igitur
391 907 498 948 summo
527 907 616 959 mane,
646 891 721 949 linito
735 893 854 964 capitulo
884 893 919 949 ad
975 887 1024 942 Dei
1050 886 1193 955 babentes,
1223 887 1270 944 sed
1292 888 1432 946 fortenen
1461 896 1610 950 secundum
1637 912 1767 970 magnam

128 984 214 1042 altare
233 983 261 1040 S.
277 982 384 1039 blartini
400 997 437 1036 xu
448 981 539 1037 cleriei
553 990 626 1048 eunt,
642 990 746 1038 vestem
766 982 919 1039 clericalem
974 975 1125 1044 scientiam,
1138 978 1218 1032 tertio
1233 978 1363 1033 adrentus
1379 980 1420 1034 sui
1438 996 1510 1038 anno
1537 986 1670 1058 conqueri
1695 987 1768 1043 inci-

122 1074 269 1146 deponuut,
286 1080 312 1128 et
327 1071 507 1126 monasticam
522 1086 586 1125 cum
608 1070 799 1127 benedictione
828 1080 855 1128 et
867 1071 916 1127 tri·
974 1073 1073 1136 perant
1087 1081 1117 1121 se
1132 1066 1299 1123 noninboro
1312 1067 1373 1124 loun
1383 1070 1559 1140 remansisse,
1571 1073 1622 1130 ubi
1631 1075 1768 1133 clamores

121 1163 212 1219 dunno
227 1160 334 1217 silentio
348 1176 398 1232 per
411 1175 521 1214 manum
536 1158 641 1215 abbatis
656 1159 800 1216 Haimerici
829 1159 919 1215 suari·
970 1153 1111 1221 juvenum,
1128 1155 1276 1211 cantilenas
1290 1157 1439 1227 puellarum
1455 1160 1611 1230 audiebant,
1625 1164 1671 1219 ubi
1682 1181 1771 1222 saecu.

121 1251 208 1323 piuut,
224 1250 262 1307 ita
276 1258 305 1306 ut
322 1264 384 1306 cum
399 1249 543 1303 ttatutinos
557 1255 583 1304 et
599 1247 716 1303 Primam
731 1248 785 1304 ritu
799 1248 919 1305 clericali
972 1241 1069 1299 larium
1084 1251 1177 1300 vestes
1190 1245 1328 1312 videbant,
1353 1247 1452 1318 quibus
1479 1250 1514 1303 ab
1542 1250 1691 1309 intentione
1719 1260 1771 1310 sua

122 1346 285 1405 cantassent,
300 1337 357 1407 jam
371 1337 640 1393 Tertiametomnes
670 1338 918 1409 sequenteslloras
972 1331 1119 1402 plurimum
1148 1334 1253 1388 animus
1282 1350 1376 1390 eorum
1404 1336 1596 1409 impediretur;
1628 1341 1767 1399 desertum

120 1445 206 1500 usque
221 1428 247 1484 in
258 1427 420 1483 hodiernum
435 1426 507 1480 diem
520 1426 718 1482 monachorum
746 1442 824 1481 more
847 1442 917 1482 ean·
972 1420 1265 1493 potiusexpetendum,
1281 1423 1327 1477 ubi
1342 1424 1453 1480 liberius
1472 1426 1571 1484 divinae
1589 1438 1702 1500 possent
1717 1448 1768 1488 ra·

120 1517 248 1575 taverint.
264 1518 322 1572 Nec
336 1514 435 1571 fefellit
462 1514 622 1587 magistrum
639 1514 702 1569 boni
729 1514 837 1570 consilii
865 1530 916 1570 su·
971 1524 1037 1565 care
1051 1510 1229 1567 meditationi.
1242 1512 1305 1568 Haec
1319 1521 1345 1569 et
1359 1514 1402 1569 bis
1416 1515 1514 1571 similia
1529 1532 1579 1587 per
1593 1519 1655 1575 dies
1670 1520 1769 1595 singu.

120 1607 235 1678 eceptio,
251 1604 385 1677 siquidem
413 1603 525 1675 Sigerus
548 1602 594 1658 ille
619 1602 813 1658 canonicorum
843 1621 917 1675 prae·
971 1597 1012 1652 los
1023 1597 1138 1655 invicem
1155 1599 1335 1668 conterentes,
1352 1611 1379 1658 et
1394 1604 1530 1661 multoties
1541 1606 1769 1681 exindegranirer

119 1705 222 1762 centor,
250 1694 349 1748 videns
369 1691 569 1748 adolescentem
596 1689 684 1746 filiurn
711 1707 790 1746 suum
816 1708 913 1748 mona·
929 1719 955 1783 B
971 1686 1150 1758 suspirantes,
1168 1690 1277 1744 taudem
1293 1691 1415 1746 unanimi
1430 1702 1546 1764 accepto
1562 1696 1686 1765 consilio,
1702 1698 1769 1754 dum

120 1787 202 1842 chum
236 1783 346 1850 lactum,
384 1795 556 1852 nequaquam
579 1779 655 1835 illum
682 1780 752 1836 ultra
773 1782 913 1839 retrahere
970 1776 1086 1846 quadarn
1103 1785 1185 1834 noete
1200 1778 1279 1834 solito
1294 1781 1442 1851 temperius
1455 1783 1602 1840 blatutinos
1615 1785 1767 1843 decantas-

119 1873 240 1940 tentavit,
257 1873 305 1927 sed
326 1871 360 1926 ad
375 1868 605 1941 perseverandum
620 1869 798 1925 vehementer
811 1886 913 1927 acoen—
969 1873 1042 1935 sent,
1060 1865 1142 1923 finitis
1157 1869 1219 1935 illis,
1233 1878 1322 1925 vestes
1337 1886 1401 1926 suas
1420 1879 1447 1927 et
1462 1872 1547 1930 libros
1570 1875 1692 1946 plaustro
1708 1877 1764 1933 im-

118 1965 169 2031 dit,
194 1963 249 2018 imo
273 1961 388 2033 ipsemet
414 1965 548 2029 praeterea
567 1966 633 2013 nutu
656 1960 707 2014 Dei
734 1968 914 2029 compunctus
968 1965 1082 2026 ponunt,
1111 1957 1202 2030 sicque
1244 1968 1305 2014 aute
1329 1961 1448 2017 mediam
1480 1972 1587 2020 noctem
1623 1967 1766 2024 ecelesiam

118 2051 222 2109 relictis
237 2047 381 2104 mundanis
396 2047 509 2113 divitiis,
525 2062 579 2102 una
592 2063 654 2103 curn
670 2047 754 2102 tratre
768 2062 816 2102 suu
839 2048 911 2103 ller-
969 2059 1079 2100 vacuam
1108 2047 1293 2119 relinquentes
1322 2052 1495 2120 precedente
1524 2054 1633 2121 abbate,
1654 2071 1761 2126 ornnes,

117 2155 219 2198 manno
230 2137 342 2208 majoris
357 2135 480 2192 eeclesiae
495 2135 651 2207 praeposito,
665 2134 745 2207 eujus
760 2135 841 2208 longe
862 2153 912 2191 su·
966 2132 1040 2188 nullo
1056 2134 1154 2190 civium
1170 2137 1284 2203 sciente,
1302 2140 1462 2210 quantocius
1472 2142 1506 2198 de
1520 2142 1660 2214 provincia
1689 2145 1765 2203 exire

116 2229 209 2301 perius
223 2227 388 2282 mentionem
410 2224 532 2291 fecimus,
549 2223 576 2277 in
590 2222 715 2278 eoenobio
729 2232 820 2280 nostro
848 2240 910 2280 mo·
967 2228 1107 2293 satagunt.
1145 2225 1224 2280 blane
1258 2242 1323 2283 vero
1351 2228 1422 2284 iacto
1443 2245 1504 2286 cum
1533 2232 1765 2291 civeseenlestpm

117 2317 223 2374 nacbus
236 2322 278 2371 est
291 2315 389 2380 iaetus,
402 2320 428 2367 et
442 2312 561 2384 quinque
574 2311 672 2366 altaria
688 2328 749 2384 qum
759 2312 837 2368 alteri
856 2310 911 2369 utto
967 2310 995 2365 S.
1012 2311 1117 2366 blartini
1131 2313 1261 2369 orationis
1275 2315 1365 2386 gratia
1383 2334 1416 2374 ex
1432 2335 1508 2375 more
1531 2321 1664 2378 adeuntes
1685 2325 1759 2394 quod

117 2422 177 2475 suo,
188 2404 297 2461 nomine
312 2403 413 2469 Atiam,
429 2400 560 2455 canonico
568 2400 738 2471 acquisierat,
758 2400 838 2456 nubis
853 2401 911 2457 dari
965 2406 1071 2470 gestum
1088 2399 1175 2455 luerat
1189 2404 1396 2474 comperissent,
1414 2406 1484 2464 illico
1501 2409 1579 2481 quasi
1593 2411 1670 2466 urbis
1690 2413 1763 2469 inte-

114 2494 276 2568 impetravit,
293 2509 353 2563 quta
367 2490 445 2546 nobis
459 2489 662 2562 singulisannis
691 2490 834 2562 plusquam
850 2506 910 2546 xxx
964 2487 1030 2542 ritus
1043 2488 1208 2559 immineret,
1228 2509 1347 2564 gemere,
1359 2494 1514 2552 alteralteri
1533 2498 1762 2570 quodaudiemnr

113 2584 241 2641 librarum
255 2582 398 2655 pecuniam
414 2580 538 2635 reddunt.
567 2579 709 2650 Completo
738 2579 829 2651 itaque
858 2580 906 2634 tri-
964 2589 1025 2631 curn
1040 2592 1156 2633 moerure
1171 2579 1306 2647 nuntiare,
1328 2598 1380 2637 non
1397 2598 1427 2638 se
1446 2583 1544 2657 dignus
1571 2601 1665 2642 eorum
1692 2604 1763 2645 con·

113 2675 203 2731 dunno
223 2670 329 2728 silentio
357 2670 442 2725 abbas
471 2667 639 2724 llaimerious
665 2668 810 2724 monacbis
839 2684 907 2740 quos
964 2665 1047 2720 sertio
1063 2667 1145 2722 inisse
1159 2668 1343 2739 proclamare,
1359 2681 1497 2741 postremo
1519 2674 1552 2728 ad
1569 2674 1653 2746 ipsam
1669 2677 1762 2734 eccle.

111 2765 223 2830 lecerat,
248 2770 276 2815 ut
297 2761 353 2830 jam
382 2758 435 2813 sibi
457 2756 584 2812 abbatem
602 2756 735 2828 eligerent
759 2757 902 2813 consuluit.
963 2752 1031 2808 siam
1046 2756 1201 2811 catervatim
1214 2772 1332 2825 currere,
1348 2759 1394 2814 ubi
1416 2759 1590 2828 dormierant,
1605 2763 1762 2822 ubioome-

113 2855 238 2922 Cumque
258 2849 388 2921 magister
403 2845 463 2903 Odo
478 2862 560 2901 unum
574 2845 608 2900 de
630 2845 711 2901 sociis
724 2845 780 2900 suis
801 2845 907 2918 eligere
962 2842 1070 2910 darant,
1082 2859 1145 2899 curn
1163 2846 1287 2917 lacrymis
1300 2847 1428 2918 circuire,
1448 2850 1635 2924 universaeque
1647 2854 1756 2927 regioni

32 2944 34 2949 ’
112 2948 263 3007 conaretur,
281 2953 375 2993 omues
389 2951 471 3007 super
492 2952 553 2991 eum
579 2936 716 2990 irruentes
744 2935 908 2991 unanimiter
961 2946 1060 2987 noram
1076 2933 1221 3004 quamdam
1236 2933 1416 2991 calamitatem
1440 2944 1665 3009 superventuram
1689 2943 1760 3013 eju·

111 3032 200 3104 ipsum
216 3028 329 3101 eligunt,
346 3026 514 3098 electumque
528 3024 630 3080 domno
645 3024 758 3080 Rabodo
777 3024 905 3096 episcopo
920 3069 945 3132 C
962 3018 1044 3075 lando
1059 3030 1199 3092 umpemnt
1214 3026 1399 3091 pronuntiare.
1412 3025 1464 3081 Ubi
1489 3043 1553 3083 vero
1578 3045 1629 3100 per
1653 3031 1757 3086 saneti.

112 3124 276 3193 presentant
301 3114 527 3181 confirmandum,
542 3121 767 3184 consecratusque
791 3120 832 3168 est
859 3130 905 3169 se·
960 3109 1092 3163 moniales
1108 3110 1249 3181 quasdam,
1267 3128 1350 3184 prope
1371 3114 1516 3170 ecclesiam
1537 3126 1752 3189 commanentes,

112 3208 204 3281 quenti
222 3204 361 3261 Dominica
388 3202 546 3258 Tornacrin
575 3201 693 3258 eeclesia
717 3202 822 3257 Sanctae
851 3203 907 3257 bla-
959 3197 1172 3254 didicemnteos
1198 3200 1426 3269 Noviomumire,
1455 3210 1588 3274 quatenus
1612 3220 1628 3261 a
1651 3207 1753 3264 d0mn0

108 3298 157 3354 riae
171 3313 198 3352 tv
211 3297 303 3352 Nonas
327 3293 421 3359 ilartii,
433 3307 503 3347 anno
530 3290 608 3346 tertio
632 3291 820 3347 conversionis
837 3308 904 3348 suae.
959 3286 1220 3359 Rabudoepiscopo,
1238 3290 1285 3360 qui
1300 3299 1362 3345 tunc
1376 3291 1413 3345 ibi
1442 3294 1606 3362 morabatur,
1633 3295 1757 3351 abeundi

108 3387 276 3444 Adulescens
305 3399 374 3439 vero
395 3382 439 3437 illc
468 3396 548 3452 quem
572 3379 760 3452 praediximus,
786 3379 903 3447 aluisus,
959 3372 1094 3429 licentiam
1120 3384 1256 3446 peterent,
1282 3378 1404 3448 protinus
1432 3383 1758 3440 evocatoEverardoun.

107 3475 259 3531 monachus
274 3472 359 3528 laetus
386 3472 414 3525 iu
443 3468 568 3525 caenobio
595 3476 696 3532 nostru,
726 3468 843 3531 armarii,
856 3485 904 3523 seu
958 3463 1072 3518 stellano
1089 3464 1170 3520 totius
1194 3466 1316 3538 regionis
1342 3467 1413 3522 illius
1438 3469 1568 3541 principe,
1598 3472 1757 3546 cunctisque

107 3561 355 3620 cantorisoffiuium
370 3574 442 3614 xrvu
462 3558 542 3613 annis
568 3558 662 3622 tenuit,
692 3573 842 3629 omnesque
867 3556 903 3610 li·
957 3550 1106 3620 majoribus
1128 3553 1202 3608 urbis
1224 3555 1249 3608 in
1269 3572 1352 3610 unum
1367 3557 1493 3613 celeriter
1504 3561 1688 3632 congregaris,
1705 3577 1757 3618 ω.

105 3652 171 3708 bros
186 3651 257 3706 beati
273 3648 398 3720 Gregorii
411 3646 509 3718 sapius
525 3646 663 3717 relegens,
685 3645 807 3701 imitatus
823 3647 902 3700 Pate·
957 3652 1038 3711 cepto
1056 3640 1179 3715 generali
1195 3643 1309 3700 consilio
1323 3646 1356 3699 ad
1366 3645 1524 3716 episcopum
1536 3648 1662 3705 festinato
1670 3649 1755 3705 mise-

107 3741 180 3796 rium
195 3739 338 3794 universas
349 3743 406 3790 tam
421 3735 527 3791 Veteris
545 3750 626 3806 quarn
651 3734 720 3788 Novi
738 3733 903 3790 Testamenti
957 3738 1029 3797 runt,
1045 3731 1207 3787 mandantes
1233 3732 1298 3787 eiut
1311 3733 1411 3789 nullam
1427 3751 1502 3806 spem
1518 3736 1632 3792 ulterius
1645 3738 1754 3810 ingredi

105 3828 254 3885 sententias
274 3826 309 3881 ab
324 3840 356 3881 eo
373 3823 511 3895 expositas
538 3838 699 3894 excerpens,
722 3829 779 3878 tres
801 3823 902 3879 exinde
957 3818 1110 3875 Turnacum
1126 3819 1252 3889 haberet,
1267 3821 1290 3875 si
1314 3821 1354 3877 eis
1374 3822 1509 3878 licentium
1534 3824 1622 3882 daret.
1634 3826 1753 3899 Legatos

105 3917 218 3974 codices
233 3911 466 3986 (20)composuit,
480 3920 508 3968 et
522 3919 645 3983 quartum
672 3911 707 3966 de
734 3910 848 3967 diversis
875 3919 902 3967 et
956 3907 1048 3981 itaque
1075 3924 1147 3982 equo
1171 3910 1348 3966 vehementer
1363 3912 1515 3968 calcaribus
1531 3913 1643 3987 fatigato
1658 3930 1756 3972 muna·

103 4006 185 4062 valde
198 4002 309 4060 utilibus
320 4000 461 4058 sententiis
487 3999 682 4072 superaddidit,
707 3999 802 4072 aisque
827 3999 901 4056 Gre-
955 3997 1022 4053 cbos
1032 3999 1172 4068 praevenit,
1186 3998 1315 4071 episeopo
1340 4015 1401 4055 rem
1416 4008 1522 4074 gestam
1543 4003 1641 4073 retulit,
1652 4003 1756 4061 deinde

103 4093 220 4170 gorialis
235 4107 336 4148 nomen
351 4089 456 4159 indidit,
472 4090 565 4162 sicque
592 4104 681 4144 xuvur
708 4088 901 4144 conversionis
954 4085 1083 4157 principis
1098 4093 1124 4141 et
1134 4086 1234 4143 civium
1247 4088 1330 4144 verba
1340 4089 1488 4158 subjunxit.
1503 4091 1631 4148 Protinus
1645 4093 1753 4164 episco-

103 4200 161 4241 suae
189 4197 263 4238 anno
290 4181 318 4236 in
339 4180 412 4235 bono
427 4178 566 4251 proposito
581 4179 661 4234 vitam
676 4177 843 4233 terminavit.
860 4178 901 4233 Si·
955 4190 1007 4244 pus
1018 4173 1145 4246 lacrymis
1160 4175 1286 4248 perinsus
1301 4178 1441 4248 respoudit
1455 4179 1507 4235 hoo
1522 4181 1658 4252 superfluo
1674 4181 1753 4238 cives

102 4288 189 4346 garos
215 4286 282 4327 vero
312 4277 390 4341 pater
413 4267 472 4338 ejus
491 4267 680 4337 cumprimum
701 4265 900 4323 laetusluisset
953 4262 1104 4330 mandasse,
1121 4266 1424 4337 quoniametiamsiipsi
1441 4278 1566 4341 rogarent
1591 4281 1619 4324 ut
1648 4286 1748 4327 mona-

102 4360 267 4426 mouacbus,
297 4358 412 4427 quadam
440 4357 587 4411 meridiana
614 4357 641 4409 in
665 4355 734 4410 lecto
757 4355 896 4411 dormiens
952 4352 1017 4406 ebus
1031 4352 1105 4408 abire
1122 4355 1301 4424 permitteret,
1314 4355 1372 4426 ipse
1387 4357 1462 4412 nullu
1489 4359 1667 4430 modosuper
1695 4360 1753 4417 boe

101 4452 170 4509 vidit
185 4451 213 4506 in
229 4449 332 4505 somnis
347 4464 429 4503 unum
454 4443 642 4502 excanonicis
671 4444 779 4500 Sanctae
807 4421 991 4500 uariaelleis
1006 4457 1143 4497 assensum
1160 4446 1300 4512 praeberet.
1319 4445 1451 4501 Continuo
1478 4462 1546 4520 ergo
1576 4450 1602 4502 in
1624 4448 1669 4502 via
1699 4465 1752 4520 qun

100 4539 368 4613 antepluresannos
395 4536 550 4591 deiunctum
579 4534 630 4588 sibi
658 4542 844 4605 apparentem,
870 4542 897 4589 et
951 4545 998 4585 eos
1013 4540 1141 4586 venturos
1156 4534 1282 4602 sperabat
1297 4533 1354 4605 ipse
1383 4535 1542 4607 explorandi
1558 4537 1644 4605 gratia
1669 4536 1751 4608 lega.

100 4628 265 4686 dedirersis
292 4626 633 4696 colloquentem3cumque
653 4622 698 4677 ille
719 4622 814 4677 mortis
835 4623 896 4692 ejus
950 4627 1006 4673 turn
1034 4619 1254 4693 dirigit;eisque
1270 4623 1517 4695 propinquantibus
1545 4625 1572 4679 jn
1602 4641 1750 4682 ,mengum

100 4735 154 4777 non
183 4719 329 4773 immemor
343 4714 524 4785 interrogaret
547 4720 575 4769 ut
594 4711 645 4766 sibi
668 4711 799 4783 panderet
824 4727 896 4782 qun·
949 4722 1045 4763 eorum
1060 4709 1316 4782 pergit,vidensque
1330 4727 1483 4768 aesomnes
1496 4712 1554 4769 lere
1567 4729 1626 4768 xxx
1639 4714 1750 4786 pedites

99 4807 182 4865 modo
198 4807 369 4862 rehaberent
384 4803 480 4859 enimse
495 4802 522 4856 in
549 4801 602 4856 alia
613 4800 676 4865 vita,
706 4800 753 4855 ille
768 4799 894 4871 protinus
949 4798 1097 4863 venientes,
1123 4798 1254 4854 militibus
1278 4807 1305 4855 et
1332 4799 1437 4857 clericis
1458 4804 1523 4868 suis,
1547 4811 1575 4857 ut
1604 4803 1638 4858 de
1667 4805 1750 4874 equis

97 4896 254 4969 respondit:
271 4917 282 4943 r«
298 4895 404 4949 bomne
420 4891 526 4964 Sigere,
543 4890 608 4962 quid
632 4889 750 4960 quaeritis
778 4889 813 4944 de
841 4891 895 4944 alia
948 4885 1155 4951 descenderent,
1173 4896 1200 4943 et
1213 4890 1364 4944 monaches
1378 4891 1528 4946 ascendere
1544 4890 1666 4948 lacerent
1680 4908 1747 4963 prae-

20 4992 24 4999 '
98 4978 648 5051 rita‘ilnveritatedicovobisquodqui
664 4986 777 5050 propter
805 4978 893 5033 Deum
948 4975 1029 5047 oepit.
1045 4976 1169 5031 lionaelri
1185 4978 1409 5035 veroascendere
1437 4980 1562 5035 nolentes
1590 4998 1678 5054 usque
1708 4982 1744 5038 ad

96 5075 144 5133 hic
158 5088 262 5146 pauper
274 5070 363 5139 luerit,
379 5069 416 5124 ibi
431 5069 480 5124 erit
490 5069 574 5124 dives.
594 5067 714 5122 »Statim
736 5066 848 5137 Sigerus
857 5065 892 5122 ud
948 5066 1104 5136 episcopum
1122 5067 1291 5137 perveniunt,
1320 5075 1347 5123 et
1370 5068 1397 5123 in
1419 5069 1510 5125 medio
1529 5079 1613 5142 portae
1640 5071 1745 5128 Novio-

97 5165 140 5221 sui
150 5161 363 5220 consolationem
378 5158 406 5213 id
418 5176 446 5214 se
462 5157 562 5213 vidisse
577 5155 720 5223 intellexit,
750 5155 892 5228 Deumque
946 5154 1054 5210 mensis
1068 5156 1141 5210 urbis
1152 5156 1265 5225 pedibus
1279 5157 1339 5227 ejus
1363 5159 1501 5230 prostrati,
1531 5159 1648 5215 abeundi
1657 5159 1746 5217 licen-

97 5266 180 5324 super
194 5253 247 5307 bec
256 5247 414 5322 glorificans
428 5247 506 5304 nobis
521 5246 643 5320 protinus
656 5243 805 5302 enarravit.
946 5242 1012 5300 tiam
1027 5243 1188 5317 deposcunt.
1205 5245 1332 5303 Protinus
1344 5246 1489 5321 episcopus
1500 5265 1563 5305 cum
1580 5250 1664 5306 nimio
1678 5248 1745 5307 fletu

132 5428 192 5501 (id)
207 5426 271 5485 Pras
285 5426 392 5485 saiada
420 5425 537 5484 codices.
565 5424 681 5481 Exstant
701 5420 731 5477 ln
757 5418 885 5477 Biblioth.
1007 5421 1070 5478 lloee
1085 5420 1121 5478 de
1138 5421 1270 5495 Gregorii
1279 5422 1328 5494 qui
1342 5423 1436 5480 trusit
1449 5427 1589 5498 opusculo
1605 5424 1685 5484 libris

97 5503 133 5560 Se
142 5501 251 5556 tiartini
265 5500 381 5556 Tornac.
395 5497 425 5554 in
438 5505 556 5572 quatuor
568 5494 758 5564 voluminibus,
778 5493 807 5550 in
820 5507 891 5568 quo·
1008 5493 1138 5567 Gregorii
1151 5495 1279 5578 precibus
1288 5496 1320 5550 in
1332 5511 1402 5577 paee
1412 5498 1542 5569 quiescat
1557 5499 1681 5574 diuisus.

94 5587 155 5630 rum
170 5568 396 5644 ultimolegiturr
943 5561 1104 5636 ttutuopus
1115 5562 1411 5623 editumestParrsus.
