<?xml version="1.0" encoding="UTF-8"?>
<!DOCTYPE html PUBLIC "-//W3C//DTD XHTML 1.0 Transitional//EN"
    "http://www.w3.org/TR/xhtml1/DTD/xhtml1-transitional.dtd">
<html xmlns="http://www.w3.org/1999/xhtml" xml:lang="en" lang="en">
 <head>
  <title>
</title>
<meta http-equiv="Content-Type" content="text/html;charset=utf-8" />
  <meta name='ocr-system' content='tesseract 3.04.00' />
  <meta name='ocr-capabilities' content='ocr_page ocr_carea ocr_par ocr_line ocrx_word'/>
</head>
<body>
  <div class='ocr_page' id='page_1' title='image "./patrologiaecurs13unkngoog_0408.png"; bbox 0 0 3704 6000; ppageno 0'>
   <div class='ocr_carea' id='block_1_1' title="bbox 124 153 1814 287">
    <p class='ocr_par' dir='ltr' id='par_1_1' title="bbox 124 153 1814 287">
     <span class='ocr_line' id='line_1_1' title="bbox 124 153 1814 287; baseline 0.022 -37"><span class='ocrx_word' id='word_1_1' title='bbox 124 153 180 260; x_wconf 73' lang='lat' dir='ltr'><strong>ar,</strong></span> <span class='ocrx_word' id='word_1_2' title='bbox 278 180 285 187; x_wconf 79' lang='grc'><em>’</em></span> <span class='ocrx_word' id='word_1_3' title='bbox 714 199 762 262; x_wconf 86' lang='lat' dir='ltr'><strong>nn</strong></span> <span class='ocrx_word' id='word_1_4' title='bbox 780 205 1153 271; x_wconf 73' lang='lat' dir='ltr'><strong>succursura-cm.</strong></span> <span class='ocrx_word' id='word_1_5' title='bbox 1172 213 1194 272; x_wconf 92' lang='lat'><strong>1.</strong></span> <span class='ocrx_word' id='word_1_6' title='bbox 1729 164 1814 287; x_wconf 79' lang='grc' dir='ltr'><strong>εεε</strong></span> 
     </span>
    </p>
   </div>
   <div class='ocr_carea' id='block_1_2' title="bbox 125 324 1780 513">
    <p class='ocr_par' dir='ltr' id='par_1_2' title="bbox 125 324 1780 513">
     <span class='ocr_line' id='line_1_2' title="bbox 125 324 1780 416; baseline 0.017 -35"><span class='ocrx_word' id='word_1_7' title='bbox 125 324 208 385; x_wconf 75' lang='lat' dir='ltr'><strong>madi</strong></span> <span class='ocrx_word' id='word_1_8' title='bbox 229 332 301 396; x_wconf 82' lang='grc' dir='ltr'>εεει,</span> <span class='ocrx_word' id='word_1_9' title='bbox 318 325 361 384; x_wconf 89' lang='lat' dir='ltr'><strong>vel</strong></span> <span class='ocrx_word' id='word_1_10' title='bbox 374 325 408 383; x_wconf 86' lang='lat' dir='ltr'><strong>de</strong></span> <span class='ocrx_word' id='word_1_11' title='bbox 423 324 611 384; x_wconf 74' lang='lat' dir='ltr'><strong>criminalibus</strong></span> <span class='ocrx_word' id='word_1_12' title='bbox 625 327 707 402; x_wconf 80' lang='lat' dir='ltr'><strong>digne</strong></span> <span class='ocrx_word' id='word_1_13' title='bbox 720 344 776 386; x_wconf 89' lang='lat' dir='ltr'><strong>uon</strong></span> <span class='ocrx_word' id='word_1_14' title='bbox 789 332 924 402; x_wconf 89' lang='lat' dir='ltr'><strong>poenitue-</strong></span> <span class='ocrx_word' id='word_1_15' title='bbox 936 336 967 400; x_wconf 87' lang='lat' dir='ltr'><strong>A</strong></span> <span class='ocrx_word' id='word_1_16' title='bbox 983 336 1087 408; x_wconf 89' lang='lat' dir='ltr'><strong>patria,</strong></span> <span class='ocrx_word' id='word_1_17' title='bbox 1111 347 1139 395; x_wconf 90' lang='lat' dir='ltr'><strong>et</strong></span> <span class='ocrx_word' id='word_1_18' title='bbox 1160 340 1251 413; x_wconf 90' lang='lat' dir='ltr'><strong>ipsum</strong></span> <span class='ocrx_word' id='word_1_19' title='bbox 1273 358 1323 415; x_wconf 94' lang='lat' dir='ltr'><strong>per</strong></span> <span class='ocrx_word' id='word_1_20' title='bbox 1346 342 1436 416; x_wconf 90' lang='lat' dir='ltr'><strong>ipsum</strong></span> <span class='ocrx_word' id='word_1_21' title='bbox 1456 344 1642 414; x_wconf 89' lang='lat' dir='ltr'><strong>inveniamus,</strong></span> <span class='ocrx_word' id='word_1_22' title='bbox 1666 365 1728 406; x_wconf 86' lang='lat' dir='ltr'><strong>curn</strong></span> <span class='ocrx_word' id='word_1_23' title='bbox 1750 353 1780 409; x_wconf 93' lang='lat' dir='ltr'><strong>in</strong></span> 
     </span>
     <span class='ocr_line' id='line_1_3' title="bbox 126 415 1779 513; baseline 0.016 -41"><span class='ocrx_word' id='word_1_24' title='bbox 126 423 202 484; x_wconf 88' lang='lat' dir='ltr'><strong>runt,</strong></span> <span class='ocrx_word' id='word_1_25' title='bbox 219 417 264 473; x_wconf 90' lang='lat' dir='ltr'><strong>vcl</strong></span> <span class='ocrx_word' id='word_1_26' title='bbox 278 415 316 472; x_wconf 91' lang='lat' dir='ltr'><strong>ab</strong></span> <span class='ocrx_word' id='word_1_27' title='bbox 329 415 372 471; x_wconf 92' lang='lat' dir='ltr'><strong>his</strong></span> <span class='ocrx_word' id='word_1_28' title='bbox 386 415 522 471; x_wconf 73' lang='lat' dir='ltr'><strong>ministris</strong></span> <span class='ocrx_word' id='word_1_29' title='bbox 536 415 583 486; x_wconf 87' lang='lat' dir='ltr'><strong>qui</strong></span> <span class='ocrx_word' id='word_1_30' title='bbox 597 425 673 473; x_wconf 80' lang='lat' dir='ltr'><strong>extra</strong></span> <span class='ocrx_word' id='word_1_31' title='bbox 685 417 837 474; x_wconf 84' lang='lat' dir='ltr'><strong>Ecclesiam</strong></span> <span class='ocrx_word' id='word_1_32' title='bbox 865 428 928 477; x_wconf 91' lang='lat' dir='ltr'><strong>suut</strong></span> <span class='ocrx_word' id='word_1_33' title='bbox 981 427 1126 483; x_wconf 88' lang='lat' dir='ltr'><strong>manifesta</strong></span> <span class='ocrx_word' id='word_1_34' title='bbox 1140 445 1189 485; x_wconf 91' lang='lat' dir='ltr'><strong>sua</strong></span> <span class='ocrx_word' id='word_1_35' title='bbox 1203 433 1360 501; x_wconf 89' lang='lat' dir='ltr'><strong>apparuerit</strong></span> <span class='ocrx_word' id='word_1_36' title='bbox 1373 434 1472 506; x_wconf 85' lang='lat' dir='ltr'><strong>gloria.</strong></span> <span class='ocrx_word' id='word_1_37' title='bbox 1494 436 1559 491; x_wconf 88' lang='lat' dir='ltr'><strong>Cum</strong></span> <span class='ocrx_word' id='word_1_38' title='bbox 1584 437 1656 492; x_wconf 89' lang='lat' dir='ltr'><strong>enirn</strong></span> <span class='ocrx_word' id='word_1_39' title='bbox 1680 455 1779 513; x_wconf 90' lang='lat' dir='ltr'><strong>corpus</strong></span> 
     </span>
    </p>
   </div>
   <div class='ocr_carea' id='block_1_3' title="bbox 118 504 1778 1134">
    <p class='ocr_par' dir='ltr' id='par_1_3' title="bbox 120 504 1777 941">
     <span class='ocr_line' id='line_1_4' title="bbox 124 504 1777 600; baseline 0.016 -39"><span class='ocrx_word' id='word_1_40' title='bbox 124 504 264 576; x_wconf 85' lang='lat' dir='ltr'><strong>conscios,</strong></span> <span class='ocrx_word' id='word_1_41' title='bbox 286 519 393 561; x_wconf 88' lang='lat' dir='ltr'><strong>sumere</strong></span> <span class='ocrx_word' id='word_1_42' title='bbox 416 504 560 561; x_wconf 84' lang='lat' dir='ltr'><strong>interdicat</strong></span> <span class='ocrx_word' id='word_1_43' title='bbox 583 507 741 562; x_wconf 73' lang='lat' dir='ltr'><strong>auctoritas.</strong></span> <span class='ocrx_word' id='word_1_44' title='bbox 762 506 831 577; x_wconf 86' lang='lat' dir='ltr'><strong>Quia</strong></span> <span class='ocrx_word' id='word_1_45' title='bbox 844 506 928 581; x_wconf 89' lang='lat' dir='ltr'><strong>igitur</strong></span> <span class='ocrx_word' id='word_1_46' title='bbox 981 513 1076 570; x_wconf 86' lang='lat' dir='ltr'><strong>Christi</strong></span> <span class='ocrx_word' id='word_1_47' title='bbox 1092 519 1300 591; x_wconf 85' lang='lat' dir='ltr'><strong>sumpserimus,</strong></span> <span class='ocrx_word' id='word_1_48' title='bbox 1314 529 1339 578; x_wconf 94' lang='lat' dir='ltr'><strong>et</strong></span> <span class='ocrx_word' id='word_1_49' title='bbox 1351 538 1451 595; x_wconf 89' lang='lat' dir='ltr'><strong>corpus</strong></span> <span class='ocrx_word' id='word_1_50' title='bbox 1470 525 1529 596; x_wconf 88' lang='lat' dir='ltr'><strong>ejus</strong></span> <span class='ocrx_word' id='word_1_51' title='bbox 1550 525 1614 582; x_wconf 87' lang='lat' dir='ltr'><strong>facti</strong></span> <span class='ocrx_word' id='word_1_52' title='bbox 1635 527 1777 600; x_wconf 80' lang='lat' dir='ltr'><strong>fuerimus,</strong></span> 
     </span>
     <span class='ocr_line' id='line_1_5' title="bbox 123 591 1777 684; baseline 0.018 -37"><span class='ocrx_word' id='word_1_53' title='bbox 123 591 196 649; x_wconf 77' lang='lat' dir='ltr'><strong>aierit</strong></span> <span class='ocrx_word' id='word_1_54' title='bbox 209 608 311 667; x_wconf 85' lang='lat' dir='ltr'><strong>magna</strong></span> <span class='ocrx_word' id='word_1_55' title='bbox 324 608 383 666; x_wconf 91' lang='lat' dir='ltr'><strong>spe,</strong></span> <span class='ocrx_word' id='word_1_56' title='bbox 399 592 438 649; x_wconf 88' lang='lat' dir='ltr'><strong>sic</strong></span> <span class='ocrx_word' id='word_1_57' title='bbox 452 609 555 674; x_wconf 80' lang='lat' dir='ltr'><strong>magua</strong></span> <span class='ocrx_word' id='word_1_58' title='bbox 577 594 740 651; x_wconf 79' lang='lat' dir='ltr'><strong>discretione</strong></span> <span class='ocrx_word' id='word_1_59' title='bbox 763 596 927 654; x_wconf 88' lang='lat' dir='ltr'><strong>sumendum</strong></span> <span class='ocrx_word' id='word_1_60' title='bbox 980 603 1104 659; x_wconf 74' lang='lat' dir='ltr'><strong>transibit</strong></span> <span class='ocrx_word' id='word_1_61' title='bbox 1126 606 1186 675; x_wconf 89' lang='lat' dir='ltr'><strong>ipse</strong></span> <span class='ocrx_word' id='word_1_62' title='bbox 1208 607 1234 662; x_wconf 90' lang='lat' dir='ltr'><strong>iu</strong></span> <span class='ocrx_word' id='word_1_63' title='bbox 1260 609 1339 665; x_wconf 90' lang='lat' dir='ltr'><strong>nohis</strong></span> <span class='ocrx_word' id='word_1_64' title='bbox 1362 610 1396 666; x_wconf 90' lang='lat' dir='ltr'><strong>ad</strong></span> <span class='ocrx_word' id='word_1_65' title='bbox 1419 613 1541 684; x_wconf 88' lang='lat' dir='ltr'><strong>Patrem,</strong></span> <span class='ocrx_word' id='word_1_66' title='bbox 1559 614 1731 673; x_wconf 83' lang='lat' dir='ltr'><strong>transibimus</strong></span> <span class='ocrx_word' id='word_1_67' title='bbox 1750 628 1777 676; x_wconf 89' lang='lat' dir='ltr'><strong>et</strong></span> 
     </span>
     <span class='ocr_line' id='line_1_6' title="bbox 122 681 1776 765; baseline 0.016 -27"><span class='ocrx_word' id='word_1_68' title='bbox 122 688 281 753; x_wconf 86' lang='lat' dir='ltr'><strong>estcorpus</strong></span> <span class='ocrx_word' id='word_1_69' title='bbox 300 682 421 750; x_wconf 80' lang='lat' dir='ltr'><strong>Domini,</strong></span> <span class='ocrx_word' id='word_1_70' title='bbox 436 697 498 739; x_wconf 88' lang='lat' dir='ltr'><strong>curn</strong></span> <span class='ocrx_word' id='word_1_71' title='bbox 511 681 545 737; x_wconf 91' lang='lat' dir='ltr'><strong>de</strong></span> <span class='ocrx_word' id='word_1_72' title='bbox 559 683 689 754; x_wconf 87' lang='lat' dir='ltr'><strong>perlectis</strong></span> <span class='ocrx_word' id='word_1_73' title='bbox 713 684 779 740; x_wconf 85' lang='lat' dir='ltr'><strong>sctis</strong></span> <span class='ocrx_word' id='word_1_74' title='bbox 800 685 927 758; x_wconf 89' lang='lat' dir='ltr'><strong>superius</strong></span> <span class='ocrx_word' id='word_1_75' title='bbox 978 706 1029 746; x_wconf 93' lang='lat' dir='ltr'><strong>nos</strong></span> <span class='ocrx_word' id='word_1_76' title='bbox 1051 692 1080 746; x_wconf 89' lang='lat' dir='ltr'><strong>in</strong></span> <span class='ocrx_word' id='word_1_77' title='bbox 1103 692 1159 760; x_wconf 89' lang='lat' dir='ltr'><strong>illo,</strong></span> <span class='ocrx_word' id='word_1_78' title='bbox 1184 704 1296 752; x_wconf 88' lang='lat' dir='ltr'><strong>utrum</strong></span> <span class='ocrx_word' id='word_1_79' title='bbox 1318 697 1366 755; x_wconf 93' lang='lat' dir='ltr'><strong>illo</strong></span> <span class='ocrx_word' id='word_1_80' title='bbox 1391 699 1418 755; x_wconf 94' lang='lat' dir='ltr'><strong>in</strong></span> <span class='ocrx_word' id='word_1_81' title='bbox 1439 703 1506 756; x_wconf 88' lang='lat' dir='ltr'><strong>tanti</strong></span> <span class='ocrx_word' id='word_1_82' title='bbox 1530 705 1658 760; x_wconf 85' lang='lat' dir='ltr'><strong>uaositus</strong></span> <span class='ocrx_word' id='word_1_83' title='bbox 1680 706 1776 765; x_wconf 91' lang='lat' dir='ltr'><strong>labore</strong></span> 
     </span>
     <span class='ocr_line' id='line_1_7' title="bbox 121 770 1775 863; baseline 0.016 -38"><span class='ocrx_word' id='word_1_84' title='bbox 121 770 227 827; x_wconf 72' lang='lat' dir='ltr'><strong>metum</strong></span> <span class='ocrx_word' id='word_1_85' title='bbox 242 770 372 842; x_wconf 66' lang='lat' dir='ltr'><strong>sitquod</strong></span> <span class='ocrx_word' id='word_1_86' title='bbox 386 785 485 842; x_wconf 89' lang='lat' dir='ltr'><strong>corpus</strong></span> <span class='ocrx_word' id='word_1_87' title='bbox 499 770 607 826; x_wconf 88' lang='lat' dir='ltr'><strong>Domini</strong></span> <span class='ocrx_word' id='word_1_88' title='bbox 621 771 673 828; x_wconf 90' lang='lat' dir='ltr'><strong>sint</strong></span> <span class='ocrx_word' id='word_1_89' title='bbox 689 779 716 828; x_wconf 90' lang='lat' dir='ltr'><strong>et</strong></span> <span class='ocrx_word' id='word_1_90' title='bbox 730 782 849 840; x_wconf 89' lang='lat' dir='ltr'><strong>sumant,</strong></span> <span class='ocrx_word' id='word_1_91' title='bbox 860 774 925 847; x_wconf 92' lang='lat' dir='ltr'><strong>quia</strong></span> <span class='ocrx_word' id='word_1_92' title='bbox 978 795 1060 835; x_wconf 91' lang='lat' dir='ltr'><strong>unum</strong></span> <span class='ocrx_word' id='word_1_93' title='bbox 1085 781 1164 850; x_wconf 90' lang='lat' dir='ltr'><strong>facti,</strong></span> <span class='ocrx_word' id='word_1_94' title='bbox 1190 800 1274 841; x_wconf 90' lang='lat' dir='ltr'><strong>unum</strong></span> <span class='ocrx_word' id='word_1_95' title='bbox 1297 803 1407 860; x_wconf 91' lang='lat' dir='ltr'><strong>semper</strong></span> <span class='ocrx_word' id='word_1_96' title='bbox 1428 789 1514 845; x_wconf 88' lang='lat' dir='ltr'><strong>simus</strong></span> <span class='ocrx_word' id='word_1_97' title='bbox 1538 791 1565 846; x_wconf 93' lang='lat' dir='ltr'><strong>in</strong></span> <span class='ocrx_word' id='word_1_98' title='bbox 1590 795 1775 863; x_wconf 86' lang='lat' dir='ltr'><strong>perventionis</strong></span> 
     </span>
     <span class='ocr_line' id='line_1_8' title="bbox 120 859 1087 941; baseline 0.009 -25"><span class='ocrx_word' id='word_1_99' title='bbox 120 859 244 916; x_wconf 84' lang='lat' dir='ltr'><strong>Christus</strong></span> <span class='ocrx_word' id='word_1_100' title='bbox 257 859 285 916; x_wconf 92' lang='lat' dir='ltr'><strong>iu</strong></span> <span class='ocrx_word' id='word_1_101' title='bbox 300 859 341 917; x_wconf 88' lang='lat' dir='ltr'><strong>eis</strong></span> <span class='ocrx_word' id='word_1_102' title='bbox 355 867 382 915; x_wconf 93' lang='lat' dir='ltr'><strong>et</strong></span> <span class='ocrx_word' id='word_1_103' title='bbox 396 859 447 932; x_wconf 85' lang='lat' dir='ltr'><strong>ipsi</strong></span> <span class='ocrx_word' id='word_1_104' title='bbox 461 859 489 915; x_wconf 90' lang='lat' dir='ltr'><strong>iu</strong></span> <span class='ocrx_word' id='word_1_105' title='bbox 504 876 537 916; x_wconf 93' lang='lat' dir='ltr'><strong>eo</strong></span> <span class='ocrx_word' id='word_1_106' title='bbox 548 868 686 930; x_wconf 87' lang='lat' dir='ltr'><strong>maneant,</strong></span> <span class='ocrx_word' id='word_1_107' title='bbox 700 861 734 917; x_wconf 88' lang='lat' dir='ltr'><strong>de</strong></span> <span class='ocrx_word' id='word_1_108' title='bbox 743 861 923 936; x_wconf 79' lang='lat' dir='ltr'><strong>imperfectis,</strong></span> <span class='ocrx_word' id='word_1_109' title='bbox 975 869 1087 941; x_wconf 87' lang='lat' dir='ltr'><strong>gaudio.</strong></span> 
     </span>
    </p>

    <p class='ocr_par' dir='ltr' id='par_1_4' title="bbox 118 947 1778 1134">
     <span class='ocr_line' id='line_1_9' title="bbox 119 947 1778 1041; baseline 0.017 -39"><span class='ocrx_word' id='word_1_110' title='bbox 119 948 168 1021; x_wconf 89' lang='lat' dir='ltr'><strong>qui</strong></span> <span class='ocrx_word' id='word_1_111' title='bbox 191 963 292 1021; x_wconf 85' lang='lat' dir='ltr'><strong>corpus</strong></span> <span class='ocrx_word' id='word_1_112' title='bbox 307 947 407 1004; x_wconf 87' lang='lat' dir='ltr'><strong>Christi</strong></span> <span class='ocrx_word' id='word_1_113' title='bbox 431 947 490 1005; x_wconf 91' lang='lat' dir='ltr'><strong>fieri</strong></span> <span class='ocrx_word' id='word_1_114' title='bbox 514 957 541 1005; x_wconf 92' lang='lat' dir='ltr'><strong>et</strong></span> <span class='ocrx_word' id='word_1_115' title='bbox 563 965 673 1007; x_wconf 89' lang='lat' dir='ltr'><strong>sumere</strong></span> <span class='ocrx_word' id='word_1_116' title='bbox 687 951 790 1018; x_wconf 88' lang='lat' dir='ltr'><strong>volunt,</strong></span> <span class='ocrx_word' id='word_1_117' title='bbox 808 952 924 1023; x_wconf 87' lang='lat' dir='ltr'><strong>qualiter</strong></span> <span class='ocrx_word' id='word_1_118' title='bbox 1014 958 1160 1015; x_wconf 80' lang='lat' dir='ltr'><strong>Sciendum</strong></span> <span class='ocrx_word' id='word_1_119' title='bbox 1176 965 1268 1018; x_wconf 90' lang='lat' dir='ltr'><strong>autern</strong></span> <span class='ocrx_word' id='word_1_120' title='bbox 1290 981 1344 1020; x_wconf 90' lang='lat' dir='ltr'><strong>nou</strong></span> <span class='ocrx_word' id='word_1_121' title='bbox 1366 973 1467 1022; x_wconf 88' lang='lat' dir='ltr'><strong>tantum</strong></span> <span class='ocrx_word' id='word_1_122' title='bbox 1484 968 1669 1041; x_wconf 83' lang='lat' dir='ltr'><strong>spiritualiter,</strong></span> <span class='ocrx_word' id='word_1_123' title='bbox 1685 973 1735 1029; x_wconf 89' lang='lat' dir='ltr'><strong>sed</strong></span> <span class='ocrx_word' id='word_1_124' title='bbox 1749 981 1778 1031; x_wconf 92' lang='lat' dir='ltr'><strong>et</strong></span> 
     </span>
     <span class='ocr_line' id='line_1_10' title="bbox 118 1036 1776 1134; baseline 0.016 -42"><span class='ocrx_word' id='word_1_125' title='bbox 118 1038 172 1094; x_wconf 87' lang='lat' dir='ltr'><strong>hoc</strong></span> <span class='ocrx_word' id='word_1_126' title='bbox 185 1037 288 1094; x_wconf 87' lang='lat' dir='ltr'><strong>idonee</strong></span> <span class='ocrx_word' id='word_1_127' title='bbox 302 1036 407 1095; x_wconf 89' lang='lat' dir='ltr'><strong>faciant</strong></span> <span class='ocrx_word' id='word_1_128' title='bbox 421 1036 571 1094; x_wconf 90' lang='lat' dir='ltr'><strong>videamus.</strong></span> <span class='ocrx_word' id='word_1_129' title='bbox 976 1048 1154 1119; x_wconf 88' lang='lat' dir='ltr'><strong>corporaliter</strong></span> <span class='ocrx_word' id='word_1_130' title='bbox 1168 1052 1328 1108; x_wconf 87' lang='lat' dir='ltr'><strong>sumendum</strong></span> <span class='ocrx_word' id='word_1_131' title='bbox 1345 1070 1405 1110; x_wconf 91' lang='lat' dir='ltr'><strong>esse</strong></span> <span class='ocrx_word' id='word_1_132' title='bbox 1419 1070 1520 1128; x_wconf 89' lang='lat' dir='ltr'><strong>corpus</strong></span> <span class='ocrx_word' id='word_1_133' title='bbox 1535 1059 1654 1128; x_wconf 88' lang='lat' dir='ltr'><strong>Domini,</strong></span> <span class='ocrx_word' id='word_1_134' title='bbox 1671 1062 1735 1134; x_wconf 88' lang='lat' dir='ltr'><strong>quia</strong></span> <span class='ocrx_word' id='word_1_135' title='bbox 1749 1070 1776 1119; x_wconf 92' lang='lat' dir='ltr'><strong>et</strong></span> 
     </span>
    </p>
   </div>
   <div class='ocr_carea' id='block_1_4' title="bbox 153 1137 1774 1221">
    <p class='ocr_par' dir='ltr' id='par_1_5' title="bbox 153 1137 1774 1221">
     <span class='ocr_line' id='line_1_11' title="bbox 153 1137 1774 1221; baseline 0.013 -20"><span class='ocrx_word' id='word_1_136' title='bbox 153 1144 193 1201; x_wconf 89' lang='lat' dir='ltr'><strong>Ut</strong></span> <span class='ocrx_word' id='word_1_137' title='bbox 206 1159 277 1217; x_wconf 89' lang='lat' dir='ltr'><strong>ergo</strong></span> <span class='ocrx_word' id='word_1_138' title='bbox 302 1143 336 1200; x_wconf 90' lang='lat' dir='ltr'><strong>de</strong></span> <span class='ocrx_word' id='word_1_139' title='bbox 357 1144 533 1201; x_wconf 89' lang='lat' dir='ltr'><strong>criminaliter</strong></span> <span class='ocrx_word' id='word_1_140' title='bbox 545 1146 719 1216; x_wconf 89' lang='lat' dir='ltr'><strong>peccantibus</strong></span> <span class='ocrx_word' id='word_1_141' title='bbox 742 1163 790 1203; x_wconf 88' lang='lat' dir='ltr'><strong>sua</strong></span> <span class='ocrx_word' id='word_1_142' title='bbox 811 1147 921 1205; x_wconf 88' lang='lat' dir='ltr'><strong>decreta</strong></span> <span class='ocrx_word' id='word_1_143' title='bbox 974 1137 1095 1208; x_wconf 60' lang='lat' dir='ltr'><strong>sanguis·</strong></span> <span class='ocrx_word' id='word_1_144' title='bbox 1122 1139 1168 1209; x_wconf 70' lang='lat' dir='ltr'><strong>(lui</strong></span> <span class='ocrx_word' id='word_1_145' title='bbox 1189 1154 1207 1194; x_wconf 61' lang='grc' dir='ltr'><strong>ἃ</strong></span> <span class='ocrx_word' id='word_1_146' title='bbox 1229 1149 1353 1198; x_wconf 58' lang='lat' dir='ltr'><strong>“Simili</strong></span> <span class='ocrx_word' id='word_1_147' title='bbox 1378 1145 1477 1216; x_wconf 64' lang='lat' dir='ltr'><strong>indei⁰</strong></span> <span class='ocrx_word' id='word_1_148' title='bbox 1500 1147 1633 1217; x_wconf 63' lang='lat' dir='ltr'><strong>Pl⁰i⁰xii=</strong></span> <span class='ocrx_word' id='word_1_149' title='bbox 1660 1156 1774 1221; x_wconf 61' lang='lat' dir='ltr'><strong>uimque</strong></span> 
     </span>
    </p>
   </div>
   <div class='ocr_carea' id='block_1_5' title="bbox 113 1233 920 1570">
    <p class='ocr_par' dir='ltr' id='par_1_6' title="bbox 113 1233 920 1570">
     <span class='ocr_line' id='line_1_12' title="bbox 116 1233 920 1308; baseline 0.004 -20"><span class='ocrx_word' id='word_1_150' title='bbox 116 1241 270 1301; x_wconf 88' lang='lat' dir='ltr'><strong>serventur,</strong></span> <span class='ocrx_word' id='word_1_151' title='bbox 287 1233 350 1306; x_wconf 90' lang='lat' dir='ltr'><strong>quia</strong></span> <span class='ocrx_word' id='word_1_152' title='bbox 370 1233 453 1288; x_wconf 85' lang='lat' dir='ltr'><strong>etiam</strong></span> <span class='ocrx_word' id='word_1_153' title='bbox 477 1233 505 1287; x_wconf 93' lang='lat' dir='ltr'><strong>iu</strong></span> <span class='ocrx_word' id='word_1_154' title='bbox 528 1234 645 1306; x_wconf 82' lang='lat' dir='ltr'><strong>AEgypto</strong></span> <span class='ocrx_word' id='word_1_155' title='bbox 666 1234 745 1290; x_wconf 89' lang='lat' dir='ltr'><strong>datus</strong></span> <span class='ocrx_word' id='word_1_156' title='bbox 769 1243 810 1291; x_wconf 88' lang='lat' dir='ltr'><strong>cst</strong></span> <span class='ocrx_word' id='word_1_157' title='bbox 831 1252 920 1308; x_wconf 89' lang='lat' dir='ltr'><strong>agnus</strong></span> 
     </span>
     <span class='ocr_line' id='line_1_13' title="bbox 116 1319 917 1393; baseline 0.006 -19"><span class='ocrx_word' id='word_1_158' title='bbox 116 1319 250 1376; x_wconf 81' lang='lat' dir='ltr'><strong>Israelitis</strong></span> <span class='ocrx_word' id='word_1_159' title='bbox 265 1321 364 1391; x_wconf 79' lang='lat' dir='ltr'><strong>(Dcod.</strong></span> <span class='ocrx_word' id='word_1_160' title='bbox 381 1335 435 1388; x_wconf 76' lang='grc' dir='ltr'>ιε,</span> <span class='ocrx_word' id='word_1_161' title='bbox 453 1322 492 1391; x_wconf 82' lang='lat'><strong>3),</strong></span> <span class='ocrx_word' id='word_1_162' title='bbox 517 1320 567 1377; x_wconf 93' lang='lat' dir='ltr'><strong>sed</strong></span> <span class='ocrx_word' id='word_1_163' title='bbox 590 1321 654 1378; x_wconf 91' lang='lat' dir='ltr'><strong>inde</strong></span> <span class='ocrx_word' id='word_1_164' title='bbox 677 1323 768 1378; x_wconf 87' lang='lat' dir='ltr'><strong>statim</strong></span> <span class='ocrx_word' id='word_1_165' title='bbox 793 1324 917 1393; x_wconf 87' lang='lat' dir='ltr'><strong>exituris,</strong></span> 
     </span>
     <span class='ocr_line' id='line_1_14' title="bbox 113 1407 919 1481; baseline 0.006 -19"><span class='ocrx_word' id='word_1_166' title='bbox 113 1407 222 1464; x_wconf 89' lang='lat' dir='ltr'><strong>dandus</strong></span> <span class='ocrx_word' id='word_1_167' title='bbox 245 1416 288 1464; x_wconf 87' lang='lat' dir='ltr'><strong>est</strong></span> <span class='ocrx_word' id='word_1_168' title='bbox 308 1410 375 1464; x_wconf 92' lang='lat' dir='ltr'><strong>item</strong></span> <span class='ocrx_word' id='word_1_169' title='bbox 390 1411 483 1481; x_wconf 73' lang='lat' dir='ltr'><strong>rignum</strong></span> <span class='ocrx_word' id='word_1_170' title='bbox 507 1409 557 1464; x_wconf 91' lang='lat' dir='ltr'><strong>Dei</strong></span> <span class='ocrx_word' id='word_1_171' title='bbox 579 1411 777 1480; x_wconf 89' lang='lat' dir='ltr'><strong>peccatoribus,</strong></span> <span class='ocrx_word' id='word_1_172' title='bbox 792 1417 822 1468; x_wconf 91' lang='lat' dir='ltr'><strong>ut</strong></span> <span class='ocrx_word' id='word_1_173' title='bbox 836 1427 853 1468; x_wconf 97' lang='lat' dir='ltr'><strong>a</strong></span> <span class='ocrx_word' id='word_1_174' title='bbox 867 1429 919 1469; x_wconf 89' lang='lat' dir='ltr'><strong>va·</strong></span> 
     </span>
     <span class='ocr_line' id='line_1_15' title="bbox 113 1497 919 1570; baseline 0.004 -18"><span class='ocrx_word' id='word_1_175' title='bbox 113 1499 209 1552; x_wconf 87' lang='lat' dir='ltr'><strong>stacte</strong></span> <span class='ocrx_word' id='word_1_176' title='bbox 233 1497 331 1569; x_wconf 90' lang='lat' dir='ltr'><strong>angelo</strong></span> <span class='ocrx_word' id='word_1_177' title='bbox 355 1504 543 1569; x_wconf 89' lang='lat' dir='ltr'><strong>protegantur,</strong></span> <span class='ocrx_word' id='word_1_178' title='bbox 569 1498 616 1554; x_wconf 92' lang='lat' dir='ltr'><strong>sed</strong></span> <span class='ocrx_word' id='word_1_179' title='bbox 640 1498 770 1570; x_wconf 83' lang='lat' dir='ltr'><strong>deinceps</strong></span> <span class='ocrx_word' id='word_1_180' title='bbox 802 1501 919 1570; x_wconf 86' lang='lat' dir='ltr'><strong>peccatis</strong></span> 
     </span>
    </p>
   </div>
   <div class='ocr_carea' id='block_1_6' title="bbox 972 1235 1775 1565">
    <p class='ocr_par' dir='ltr' id='par_1_7' title="bbox 972 1235 1775 1565">
     <span class='ocr_line' id='line_1_16' title="bbox 973 1235 1775 1306; baseline 0.019 -28"><span class='ocrx_word' id='word_1_181' title='bbox 973 1237 1052 1296; x_wconf 89' lang='lat' dir='ltr'><strong>poste</strong></span> <span class='ocrx_word' id='word_1_182' title='bbox 1077 1241 1220 1298; x_wconf 85' lang='lat' dir='ltr'><strong>respersus</strong></span> <span class='ocrx_word' id='word_1_183' title='bbox 1243 1237 1292 1296; x_wconf 87' lang='lat' dir='ltr'><strong>est,</strong></span> <span class='ocrx_word' id='word_1_184' title='bbox 1315 1238 1345 1285; x_wconf 92' lang='lat' dir='ltr'><strong>ut</strong></span> <span class='ocrx_word' id='word_1_185' title='bbox 1367 1247 1461 1286; x_wconf 88' lang='lat' dir='ltr'><strong>rerum</strong></span> <span class='ocrx_word' id='word_1_186' title='bbox 1483 1235 1589 1306; x_wconf 72' lang='lat' dir='ltr'><strong>riguum</strong></span> <span class='ocrx_word' id='word_1_187' title='bbox 1610 1252 1665 1292; x_wconf 91' lang='lat' dir='ltr'><strong>uon</strong></span> <span class='ocrx_word' id='word_1_188' title='bbox 1686 1238 1775 1293; x_wconf 91' lang='lat' dir='ltr'><strong>minus</strong></span> 
     </span>
     <span class='ocr_line' id='line_1_17' title="bbox 973 1315 1771 1397; baseline 0.016 -29"><span class='ocrx_word' id='word_1_189' title='bbox 973 1327 1023 1368; x_wconf 89' lang='lat' dir='ltr'><strong>ore</strong></span> <span class='ocrx_word' id='word_1_190' title='bbox 1038 1315 1161 1385; x_wconf 88' lang='lat' dir='ltr'><strong>corporis</strong></span> <span class='ocrx_word' id='word_1_191' title='bbox 1174 1333 1253 1386; x_wconf 88' lang='lat' dir='ltr'><strong>quam</strong></span> <span class='ocrx_word' id='word_1_192' title='bbox 1270 1334 1317 1374; x_wconf 92' lang='lat' dir='ltr'><strong>ore</strong></span> <span class='ocrx_word' id='word_1_193' title='bbox 1332 1319 1427 1375; x_wconf 88' lang='lat' dir='ltr'><strong>cordis</strong></span> <span class='ocrx_word' id='word_1_194' title='bbox 1437 1323 1507 1376; x_wconf 91' lang='lat' dir='ltr'><strong>sumi</strong></span> <span class='ocrx_word' id='word_1_195' title='bbox 1521 1323 1622 1379; x_wconf 90' lang='lat' dir='ltr'><strong>dehere</strong></span> <span class='ocrx_word' id='word_1_196' title='bbox 1636 1325 1771 1397; x_wconf 83' lang='lat' dir='ltr'><strong>signaret,</strong></span> 
     </span>
     <span class='ocr_line' id='line_1_18' title="bbox 973 1401 1774 1479; baseline 0.024 -26"><span class='ocrx_word' id='word_1_197' title='bbox 973 1401 1039 1471; x_wconf 88' lang='lat' dir='ltr'><strong>quia</strong></span> <span class='ocrx_word' id='word_1_198' title='bbox 1055 1403 1100 1474; x_wconf 90' lang='lat' dir='ltr'><strong>qui</strong></span> <span class='ocrx_word' id='word_1_199' title='bbox 1116 1411 1272 1475; x_wconf 87' lang='lat' dir='ltr'><strong>utrumque,</strong></span> <span class='ocrx_word' id='word_1_200' title='bbox 1289 1422 1389 1479; x_wconf 89' lang='lat' dir='ltr'><strong>corpus</strong></span> <span class='ocrx_word' id='word_1_201' title='bbox 1403 1410 1506 1465; x_wconf 88' lang='lat' dir='ltr'><strong>scilicet</strong></span> <span class='ocrx_word' id='word_1_202' title='bbox 1523 1418 1548 1465; x_wconf 91' lang='lat' dir='ltr'><strong>et</strong></span> <span class='ocrx_word' id='word_1_203' title='bbox 1563 1413 1682 1468; x_wconf 84' lang='lat' dir='ltr'><strong>unimam</strong></span> <span class='ocrx_word' id='word_1_204' title='bbox 1698 1415 1774 1472; x_wconf 91' lang='lat' dir='ltr'><strong>venit</strong></span> 
     </span>
     <span class='ocr_line' id='line_1_19' title="bbox 972 1490 1772 1565; baseline 0.019 -21"><span class='ocrx_word' id='word_1_205' title='bbox 972 1490 1116 1557; x_wconf 87' lang='lat' dir='ltr'><strong>redimere,</strong></span> <span class='ocrx_word' id='word_1_206' title='bbox 1133 1494 1240 1565; x_wconf 83' lang='lat' dir='ltr'><strong>utrique</strong></span> <span class='ocrx_word' id='word_1_207' title='bbox 1254 1511 1283 1550; x_wconf 90' lang='lat' dir='ltr'><strong>se</strong></span> <span class='ocrx_word' id='word_1_208' title='bbox 1298 1496 1383 1552; x_wconf 92' lang='lat' dir='ltr'><strong>voluit</strong></span> <span class='ocrx_word' id='word_1_209' title='bbox 1399 1497 1426 1552; x_wconf 92' lang='lat' dir='ltr'><strong>in</strong></span> <span class='ocrx_word' id='word_1_210' title='bbox 1441 1509 1611 1556; x_wconf 88' lang='lat' dir='ltr'><strong>sacramento</strong></span> <span class='ocrx_word' id='word_1_211' title='bbox 1627 1518 1677 1557; x_wconf 91' lang='lat' dir='ltr'><strong>suo</strong></span> <span class='ocrx_word' id='word_1_212' title='bbox 1692 1519 1772 1558; x_wconf 90' lang='lat' dir='ltr'><strong>corn-</strong></span> 
     </span>
    </p>
   </div>
   <div class='ocr_carea' id='block_1_7' title="bbox 102 1579 1770 3610">
    <p class='ocr_par' dir='ltr' id='par_1_8' title="bbox 111 1579 1770 1836">
     <span class='ocr_line' id='line_1_20' title="bbox 112 1579 1770 1662; baseline 0.005 -23"><span class='ocrx_word' id='word_1_213' title='bbox 112 1584 318 1641; x_wconf 86' lang='lat' dir='ltr'><strong>renuntiaturis.</strong></span> <span class='ocrx_word' id='word_1_214' title='bbox 334 1586 364 1639; x_wconf 93' lang='lat' dir='ltr'><strong>lu</strong></span> <span class='ocrx_word' id='word_1_215' title='bbox 380 1585 919 1660; x_wconf 67' lang='lat' dir='ltr'><strong>quoquiaabipsafrgururtgniuuui.</strong></span> <span class='ocrx_word' id='word_1_216' title='bbox 971 1579 1122 1650; x_wconf 91' lang='lat' dir='ltr'><strong>municare,</strong></span> <span class='ocrx_word' id='word_1_217' title='bbox 1152 1590 1181 1636; x_wconf 93' lang='lat' dir='ltr'><strong>ut</strong></span> <span class='ocrx_word' id='word_1_218' title='bbox 1210 1584 1274 1637; x_wconf 89' lang='lat' dir='ltr'><strong>dum</strong></span> <span class='ocrx_word' id='word_1_219' title='bbox 1300 1584 1392 1639; x_wconf 89' lang='lat' dir='ltr'><strong>anima</strong></span> <span class='ocrx_word' id='word_1_220' title='bbox 1420 1587 1541 1642; x_wconf 87' lang='lat' dir='ltr'><strong>crederet</strong></span> <span class='ocrx_word' id='word_1_221' title='bbox 1569 1590 1640 1660; x_wconf 88' lang='lat' dir='ltr'><strong>quod</strong></span> <span class='ocrx_word' id='word_1_222' title='bbox 1669 1607 1770 1662; x_wconf 90' lang='lat' dir='ltr'><strong>corpus</strong></span> 
     </span>
     <span class='ocr_line' id='line_1_21' title="bbox 112 1669 1770 1754; baseline 0.004 -26"><span class='ocrx_word' id='word_1_223' title='bbox 112 1689 179 1730; x_wconf 92' lang='lat' dir='ltr'><strong>mus</strong></span> <span class='ocrx_word' id='word_1_224' title='bbox 206 1673 421 1744; x_wconf 87' lang='lat' dir='ltr'><strong>similitudinem,</strong></span> <span class='ocrx_word' id='word_1_225' title='bbox 436 1673 472 1729; x_wconf 91' lang='lat' dir='ltr'><strong>ab</strong></span> <span class='ocrx_word' id='word_1_226' title='bbox 488 1674 549 1746; x_wconf 90' lang='lat' dir='ltr'><strong>ipsa</strong></span> <span class='ocrx_word' id='word_1_227' title='bbox 564 1690 753 1746; x_wconf 89' lang='lat' dir='ltr'><strong>comparemus</strong></span> <span class='ocrx_word' id='word_1_228' title='bbox 767 1677 850 1732; x_wconf 90' lang='lat' dir='ltr'><strong>etiam</strong></span> <span class='ocrx_word' id='word_1_229' title='bbox 868 1694 916 1731; x_wconf 92' lang='grc' dir='ltr'><strong>εε-</strong></span> <span class='ocrx_word' id='word_1_230' title='bbox 930 1693 958 1754; x_wconf 79' lang='grc' dir='ltr'>Β</span> <span class='ocrx_word' id='word_1_231' title='bbox 971 1673 1104 1740; x_wconf 87' lang='lat' dir='ltr'><strong>gustaret,</strong></span> <span class='ocrx_word' id='word_1_232' title='bbox 1114 1669 1221 1742; x_wconf 87' lang='lat' dir='ltr'><strong>utrique</strong></span> <span class='ocrx_word' id='word_1_233' title='bbox 1233 1687 1286 1726; x_wconf 90' lang='lat' dir='ltr'><strong>una</strong></span> <span class='ocrx_word' id='word_1_234' title='bbox 1299 1689 1362 1744; x_wconf 92' lang='lat' dir='ltr'><strong>spes</strong></span> <span class='ocrx_word' id='word_1_235' title='bbox 1371 1674 1467 1730; x_wconf 91' lang='lat' dir='ltr'><strong>salutis</strong></span> <span class='ocrx_word' id='word_1_236' title='bbox 1475 1677 1652 1746; x_wconf 81' lang='lat' dir='ltr'><strong>aequaliterfn</strong></span> <span class='ocrx_word' id='word_1_237' title='bbox 1664 1680 1770 1737; x_wconf 88' lang='lat' dir='ltr'><strong>Christo</strong></span> 
     </span>
     <span class='ocr_line' id='line_1_22' title="bbox 111 1757 1133 1836; baseline 0.003 -18"><span class='ocrx_word' id='word_1_238' title='bbox 111 1761 209 1818; x_wconf 83' lang='lat' dir='ltr'><strong>mendi</strong></span> <span class='ocrx_word' id='word_1_239' title='bbox 223 1761 424 1819; x_wconf 86' lang='lat' dir='ltr'><strong>discretionem.</strong></span> <span class='ocrx_word' id='word_1_240' title='bbox 440 1764 470 1817; x_wconf 89' lang='lat' dir='ltr'><strong>ln</strong></span> <span class='ocrx_word' id='word_1_241' title='bbox 483 1778 536 1818; x_wconf 90' lang='lat' dir='ltr'><strong>una</strong></span> <span class='ocrx_word' id='word_1_242' title='bbox 546 1763 631 1818; x_wconf 91' lang='lat' dir='ltr'><strong>domo</strong></span> <span class='ocrx_word' id='word_1_243' title='bbox 640 1778 727 1836; x_wconf 85' lang='lat' dir='ltr'><strong>agnus</strong></span> <span class='ocrx_word' id='word_1_244' title='bbox 737 1765 853 1834; x_wconf 90' lang='lat' dir='ltr'><strong>comedi,</strong></span> <span class='ocrx_word' id='word_1_245' title='bbox 865 1782 916 1822; x_wconf 88' lang='lat' dir='ltr'><strong>uec</strong></span> <span class='ocrx_word' id='word_1_246' title='bbox 969 1757 1133 1826; x_wconf 80' lang='lat' dir='ltr'><strong>vacniml·</strong></span> 
     </span>
    </p>

    <p class='ocr_par' dir='ltr' id='par_1_9' title="bbox 107 1845 1769 2722">
     <span class='ocr_line' id='line_1_23' title="bbox 109 1845 1769 1927; baseline 0.005 -23"><span class='ocrx_word' id='word_1_247' title='bbox 109 1848 179 1905; x_wconf 91' lang='lat' dir='ltr'><strong>iude</strong></span> <span class='ocrx_word' id='word_1_248' title='bbox 193 1849 296 1923; x_wconf 89' lang='lat' dir='ltr'><strong>aliquid</strong></span> <span class='ocrx_word' id='word_1_249' title='bbox 311 1849 576 1923; x_wconf 83' lang='lat' dir='ltr'><strong>efferripraecipitur,</strong></span> <span class='ocrx_word' id='word_1_250' title='bbox 587 1852 648 1921; x_wconf 87' lang='lat' dir='ltr'><strong>quia</strong></span> <span class='ocrx_word' id='word_1_251' title='bbox 661 1867 723 1908; x_wconf 91' lang='lat' dir='ltr'><strong>cum</strong></span> <span class='ocrx_word' id='word_1_252' title='bbox 735 1861 811 1908; x_wconf 88' lang='lat' dir='ltr'><strong>extra</strong></span> <span class='ocrx_word' id='word_1_253' title='bbox 822 1853 915 1910; x_wconf 84' lang='lat' dir='ltr'><strong>Eccle·</strong></span> <span class='ocrx_word' id='word_1_254' title='bbox 1004 1845 1156 1901; x_wconf 72' lang='lat' dir='ltr'><strong>Videndum</strong></span> <span class='ocrx_word' id='word_1_255' title='bbox 1179 1855 1269 1904; x_wconf 79' lang='lat' dir='ltr'><strong>nnicm</strong></span> <span class='ocrx_word' id='word_1_256' title='bbox 1293 1866 1358 1906; x_wconf 90' lang='lat' dir='ltr'><strong>cnm</strong></span> <span class='ocrx_word' id='word_1_257' title='bbox 1383 1851 1418 1907; x_wconf 90' lang='lat' dir='ltr'><strong>ad</strong></span> <span class='ocrx_word' id='word_1_258' title='bbox 1442 1851 1576 1908; x_wconf 82' lang='lat' dir='ltr'><strong>edendnm</strong></span> <span class='ocrx_word' id='word_1_259' title='bbox 1592 1858 1700 1927; x_wconf 70' lang='lat' dir='ltr'><strong>ignum</strong></span> <span class='ocrx_word' id='word_1_260' title='bbox 1723 1856 1769 1914; x_wconf 88' lang='lat' dir='ltr'><strong>lex</strong></span> 
     </span>
     <span class='ocr_line' id='line_1_24' title="bbox 109 1931 1768 2014; baseline 0.011 -32"><span class='ocrx_word' id='word_1_261' title='bbox 109 1938 184 1994; x_wconf 70' lang='lat' dir='ltr'><strong>uiuuu</strong></span> <span class='ocrx_word' id='word_1_262' title='bbox 198 1954 253 1995; x_wconf 84' lang='lat' dir='ltr'><strong>uuu</strong></span> <span class='ocrx_word' id='word_1_263' title='bbox 268 1938 301 1995; x_wconf 74' lang='lat' dir='ltr'><strong>su</strong></span> <span class='ocrx_word' id='word_1_264' title='bbox 316 1940 393 1995; x_wconf 63' lang='lat' dir='ltr'><strong>lucus</strong></span> <span class='ocrx_word' id='word_1_265' title='bbox 408 1941 465 1995; x_wconf 72' lang='lat' dir='ltr'><strong>puri</strong></span> <span class='ocrx_word' id='word_1_266' title='bbox 480 1939 608 1996; x_wconf 64' lang='lat' dir='ltr'><strong>uuuuifluu</strong></span> <span class='ocrx_word' id='word_1_267' title='bbox 622 1941 839 2014; x_wconf 66' lang='lat' dir='ltr'><strong>quantiscunque</strong></span> <span class='ocrx_word' id='word_1_268' title='bbox 854 1943 914 2014; x_wconf 80' lang='lat' dir='ltr'><strong>pul.</strong></span> <span class='ocrx_word' id='word_1_269' title='bbox 968 1931 1073 1989; x_wconf 88' lang='lat' dir='ltr'><strong>dederit</strong></span> <span class='ocrx_word' id='word_1_270' title='bbox 1096 1934 1123 1989; x_wconf 89' lang='lat' dir='ltr'><strong>ln</strong></span> <span class='ocrx_word' id='word_1_271' title='bbox 1145 1936 1337 1994; x_wconf 87' lang='lat' dir='ltr'><strong>calceameutis</strong></span> <span class='ocrx_word' id='word_1_272' title='bbox 1358 1941 1501 2008; x_wconf 88' lang='lat' dir='ltr'><strong>cautelam,</strong></span> <span class='ocrx_word' id='word_1_273' title='bbox 1518 1959 1551 1998; x_wconf 92' lang='lat' dir='ltr'><strong>ne</strong></span> <span class='ocrx_word' id='word_1_274' title='bbox 1567 1958 1584 1998; x_wconf 84' lang='lat' dir='ltr'><strong>a</strong></span> <span class='ocrx_word' id='word_1_275' title='bbox 1598 1944 1671 1999; x_wconf 91' lang='lat' dir='ltr'><strong>vitiis</strong></span> <span class='ocrx_word' id='word_1_276' title='bbox 1685 1945 1768 2002; x_wconf 89' lang='lat' dir='ltr'><strong>falla-</strong></span> 
     </span>
     <span class='ocr_line' id='line_1_25' title="bbox 109 2023 1769 2103; baseline 0.011 -31"><span class='ocrx_word' id='word_1_277' title='bbox 109 2025 169 2082; x_wconf 68' lang='lat' dir='ltr'><strong>leur</strong></span> <span class='ocrx_word' id='word_1_278' title='bbox 184 2028 308 2084; x_wconf 61' lang='lat' dir='ltr'><strong>muribus</strong></span> <span class='ocrx_word' id='word_1_279' title='bbox 324 2029 393 2099; x_wconf 70' lang='lat' dir='ltr'><strong>quis,</strong></span> <span class='ocrx_word' id='word_1_280' title='bbox 411 2044 465 2085; x_wconf 89' lang='lat' dir='ltr'><strong>u0u</strong></span> <span class='ocrx_word' id='word_1_281' title='bbox 480 2028 530 2084; x_wconf 71' lang='lat' dir='ltr'><strong>uite</strong></span> <span class='ocrx_word' id='word_1_282' title='bbox 554 2027 600 2083; x_wconf 76' lang='lat' dir='ltr'><strong>dut</strong></span> <span class='ocrx_word' id='word_1_283' title='bbox 624 2029 667 2085; x_wconf 78' lang='lat' dir='ltr'><strong>vul</strong></span> <span class='ocrx_word' id='word_1_284' title='bbox 691 2030 778 2084; x_wconf 74' lang='lat' dir='ltr'><strong>sumit</strong></span> <span class='ocrx_word' id='word_1_285' title='bbox 793 2034 912 2103; x_wconf 63' lang='lat' dir='ltr'><strong>uguuuu</strong></span> <span class='ocrx_word' id='word_1_286' title='bbox 967 2038 1039 2092; x_wconf 89' lang='lat' dir='ltr'><strong>rnur,</strong></span> <span class='ocrx_word' id='word_1_287' title='bbox 1056 2023 1083 2076; x_wconf 90' lang='lat' dir='ltr'><strong>in</strong></span> <span class='ocrx_word' id='word_1_288' title='bbox 1098 2024 1193 2080; x_wconf 91' lang='lat' dir='ltr'><strong>baculo</strong></span> <span class='ocrx_word' id='word_1_289' title='bbox 1216 2026 1403 2098; x_wconf 87' lang='lat' dir='ltr'><strong>disciplinam,</strong></span> <span class='ocrx_word' id='word_1_290' title='bbox 1430 2046 1483 2100; x_wconf 89' lang='lat' dir='ltr'><strong>qua</strong></span> <span class='ocrx_word' id='word_1_291' title='bbox 1506 2040 1663 2101; x_wconf 91' lang='lat' dir='ltr'><strong>perpetrata</strong></span> <span class='ocrx_word' id='word_1_292' title='bbox 1678 2035 1769 2090; x_wconf 90' lang='lat' dir='ltr'><strong>corri-</strong></span> 
     </span>
     <span class='ocr_line' id='line_1_26' title="bbox 110 2114 1767 2190; baseline 0.005 -18"><span class='ocrx_word' id='word_1_293' title='bbox 110 2116 168 2172; x_wconf 86' lang='lat' dir='ltr'><strong>nisi</strong></span> <span class='ocrx_word' id='word_1_294' title='bbox 182 2116 346 2186; x_wconf 87' lang='lat' dir='ltr'><strong>Catholicus,</strong></span> <span class='ocrx_word' id='word_1_295' title='bbox 360 2116 492 2173; x_wconf 88' lang='lat' dir='ltr'><strong>unitatem</strong></span> <span class='ocrx_word' id='word_1_296' title='bbox 514 2117 616 2173; x_wconf 89' lang='lat' dir='ltr'><strong>scilicet</strong></span> <span class='ocrx_word' id='word_1_297' title='bbox 637 2118 768 2174; x_wconf 75' lang='lat' dir='ltr'><strong>Ecclesia</strong></span> <span class='ocrx_word' id='word_1_298' title='bbox 786 2135 911 2190; x_wconf 87' lang='lat' dir='ltr'><strong>servans,</strong></span> <span class='ocrx_word' id='word_1_299' title='bbox 967 2127 1076 2184; x_wconf 61' lang='lat' dir='ltr'><strong>sscmcst</strong></span> <span class='ocrx_word' id='word_1_300' title='bbox 1092 2114 1118 2166; x_wconf 93' lang='lat' dir='ltr'><strong>in</strong></span> <span class='ocrx_word' id='word_1_301' title='bbox 1134 2114 1247 2170; x_wconf 75' lang='lat' dir='ltr'><strong>incincic</strong></span> <span class='ocrx_word' id='word_1_302' title='bbox 1271 2119 1522 2188; x_wconf 77' lang='lat' dir='ltr'><strong>compunctionem,</strong></span> <span class='ocrx_word' id='word_1_303' title='bbox 1548 2129 1576 2175; x_wconf 86' lang='lat' dir='ltr'><strong>ut</strong></span> <span class='ocrx_word' id='word_1_304' title='bbox 1600 2138 1655 2178; x_wconf 89' lang='lat' dir='ltr'><strong>uon</strong></span> <span class='ocrx_word' id='word_1_305' title='bbox 1679 2124 1767 2180; x_wconf 89' lang='lat' dir='ltr'><strong>solum</strong></span> 
     </span>
     <span class='ocr_line' id='line_1_27' title="bbox 112 2199 1767 2283; baseline 0.013 -24"><span class='ocrx_word' id='word_1_306' title='bbox 112 2211 169 2261; x_wconf 89' lang='lat' dir='ltr'><strong>tam</strong></span> <span class='ocrx_word' id='word_1_307' title='bbox 194 2203 305 2262; x_wconf 89' lang='lat' dir='ltr'><strong>fidene</strong></span> <span class='ocrx_word' id='word_1_308' title='bbox 329 2206 364 2262; x_wconf 88' lang='lat' dir='ltr'><strong>sit</strong></span> <span class='ocrx_word' id='word_1_309' title='bbox 387 2205 544 2273; x_wconf 72' lang='lat' dir='ltr'><strong>hacreticus,</strong></span> <span class='ocrx_word' id='word_1_310' title='bbox 561 2222 645 2278; x_wconf 88' lang='lat' dir='ltr'><strong>quam</strong></span> <span class='ocrx_word' id='word_1_311' title='bbox 659 2207 812 2264; x_wconf 85' lang='lat' dir='ltr'><strong>obedientia</strong></span> <span class='ocrx_word' id='word_1_312' title='bbox 829 2225 863 2264; x_wconf 94' lang='lat' dir='ltr'><strong>ue</strong></span> <span class='ocrx_word' id='word_1_313' title='bbox 878 2210 913 2264; x_wconf 92' lang='lat' dir='ltr'><strong>sit</strong></span> <span class='ocrx_word' id='word_1_314' title='bbox 967 2199 1097 2264; x_wconf 62' lang='lat' dir='ltr'><strong>miccius·</strong></span> <span class='ocrx_word' id='word_1_315' title='bbox 1123 2202 1173 2259; x_wconf 72' lang='lat' dir='ltr'><strong>Sed</strong></span> <span class='ocrx_word' id='word_1_316' title='bbox 1196 2210 1222 2259; x_wconf 70' lang='lat' dir='ltr'><strong>ei</strong></span> <span class='ocrx_word' id='word_1_317' title='bbox 1246 2203 1358 2260; x_wconf 61' lang='lat' dir='ltr'><strong>inierim</strong></span> <span class='ocrx_word' id='word_1_318' title='bbox 1380 2207 1570 2278; x_wconf 67' lang='lat' dir='ltr'><strong>POEssiicssiiiffl</strong></span> <span class='ocrx_word' id='word_1_319' title='bbox 1592 2226 1715 2283; x_wconf 89' lang='lat' dir='ltr'><strong>agamus,</strong></span> <span class='ocrx_word' id='word_1_320' title='bbox 1738 2212 1767 2268; x_wconf 71' lang='lat' dir='ltr'><strong>in</strong></span> 
     </span>
     <span class='ocr_line' id='line_1_28' title="bbox 111 2287 1767 2369; baseline 0.012 -31"><span class='ocrx_word' id='word_1_321' title='bbox 111 2293 315 2352; x_wconf 65' lang='lat' dir='ltr'><strong>schismaticus,</strong></span> <span class='ocrx_word' id='word_1_322' title='bbox 337 2294 415 2351; x_wconf 83' lang='lat' dir='ltr'><strong>Unde</strong></span> <span class='ocrx_word' id='word_1_323' title='bbox 429 2295 612 2367; x_wconf 79' lang='lat' dir='ltr'><strong>Hieronymus</strong></span> <span class='ocrx_word' id='word_1_324' title='bbox 627 2295 654 2350; x_wconf 86' lang='lat' dir='ltr'><strong>in</strong></span> <span class='ocrx_word' id='word_1_325' title='bbox 668 2297 770 2352; x_wconf 75' lang='lat' dir='ltr'><strong>lsaium</strong></span> <span class='ocrx_word' id='word_1_326' title='bbox 787 2297 907 2366; x_wconf 76' lang='lat' dir='ltr'><strong>(Comm,</strong></span> <span class='ocrx_word' id='word_1_327' title='bbox 966 2287 1156 2359; x_wconf 71' lang='lat' dir='ltr'><strong>festlndllftne,</strong></span> <span class='ocrx_word' id='word_1_328' title='bbox 1182 2291 1311 2348; x_wconf 76' lang='lat' dir='ltr'><strong>desiderii</strong></span> <span class='ocrx_word' id='word_1_329' title='bbox 1335 2297 1477 2364; x_wconf 77' lang='lat' dir='ltr'><strong>ardorem,</strong></span> <span class='ocrx_word' id='word_1_330' title='bbox 1507 2315 1560 2369; x_wconf 84' lang='lat' dir='ltr'><strong>quo</strong></span> <span class='ocrx_word' id='word_1_331' title='bbox 1584 2301 1618 2354; x_wconf 76' lang='lat' dir='ltr'><strong>ati</strong></span> <span class='ocrx_word' id='word_1_332' title='bbox 1641 2303 1767 2358; x_wconf 69' lang='lat' dir='ltr'><strong>coelestit</strong></span> 
     </span>
     <span class='ocr_line' id='line_1_29' title="bbox 108 2378 1765 2457; baseline 0.011 -29"><span class='ocrx_word' id='word_1_333' title='bbox 108 2381 452 2455; x_wconf 68' lang='lat' dir='ltr'><strong>iunpiur‚ud13phes,‚l,</strong></span> <span class='ocrx_word' id='word_1_334' title='bbox 469 2384 593 2453; x_wconf 62' lang='lat' dir='ltr'><strong>uuus,</strong></span> <span class='ocrx_word' id='word_1_335' title='bbox 611 2388 633 2438; x_wconf 78' lang='lat' dir='ltr'><strong>t,</strong></span> <span class='ocrx_word' id='word_1_336' title='bbox 655 2385 717 2452; x_wconf 72' lang='lat' dir='ltr'><strong>vll,</strong></span> <span class='ocrx_word' id='word_1_337' title='bbox 743 2385 794 2441; x_wconf 57' lang='grc' dir='ltr'><strong>σοι,</strong></span> <span class='ocrx_word' id='word_1_338' title='bbox 822 2388 909 2457; x_wconf 77' lang='lat'><strong>579):</strong></span> <span class='ocrx_word' id='word_1_339' title='bbox 965 2378 1154 2449; x_wconf 87' lang='lat' dir='ltr'><strong>suspiremus;</strong></span> <span class='ocrx_word' id='word_1_340' title='bbox 1188 2397 1235 2437; x_wconf 93' lang='lat' dir='ltr'><strong>cur</strong></span> <span class='ocrx_word' id='word_1_341' title='bbox 1267 2383 1398 2439; x_wconf 89' lang='lat' dir='ltr'><strong>accinctis</strong></span> <span class='ocrx_word' id='word_1_342' title='bbox 1431 2386 1543 2442; x_wconf 89' lang='lat' dir='ltr'><strong>renibus</strong></span> <span class='ocrx_word' id='word_1_343' title='bbox 1574 2389 1765 2446; x_wconf 90' lang='lat' dir='ltr'><strong>abstinentiam</strong></span> 
     </span>
     <span class='ocr_line' id='line_1_30' title="bbox 111 2465 1765 2544; baseline 0.011 -28"><span class='ocrx_word' id='word_1_344' title='bbox 111 2495 124 2520; x_wconf 81' lang='grc'><strong>.</strong></span> <span class='ocrx_word' id='word_1_345' title='bbox 141 2472 256 2529; x_wconf 58' lang='lat' dir='ltr'><strong>sunum</strong></span> <span class='ocrx_word' id='word_1_346' title='bbox 271 2472 377 2544; x_wconf 65' lang='lat' dir='ltr'><strong>puuuuu</strong></span> <span class='ocrx_word' id='word_1_347' title='bbox 392 2478 524 2530; x_wconf 65' lang='lat' dir='ltr'><strong>nostrum</strong></span> <span class='ocrx_word' id='word_1_348' title='bbox 538 2474 706 2530; x_wconf 66' lang='lat' dir='ltr'><strong>tumulatus</strong></span> <span class='ocrx_word' id='word_1_349' title='bbox 721 2478 763 2530; x_wconf 67' lang='lat' dir='ltr'><strong>eut</strong></span> <span class='ocrx_word' id='word_1_350' title='bbox 782 2474 911 2531; x_wconf 59' lang='lat' dir='ltr'><strong>caristus</strong></span> <span class='ocrx_word' id='word_1_351' title='bbox 965 2465 1085 2522; x_wconf 89' lang='lat' dir='ltr'><strong>libidinis</strong></span> <span class='ocrx_word' id='word_1_352' title='bbox 1100 2470 1255 2540; x_wconf 82' lang='lat' dir='ltr'><strong>expressius</strong></span> <span class='ocrx_word' id='word_1_353' title='bbox 1271 2471 1409 2541; x_wconf 83' lang='lat' dir='ltr'><strong>indixerit,</strong></span> <span class='ocrx_word' id='word_1_354' title='bbox 1426 2488 1488 2529; x_wconf 87' lang='lat' dir='ltr'><strong>curn</strong></span> <span class='ocrx_word' id='word_1_355' title='bbox 1512 2475 1547 2531; x_wconf 89' lang='lat' dir='ltr'><strong>de</strong></span> <span class='ocrx_word' id='word_1_356' title='bbox 1570 2477 1672 2532; x_wconf 75' lang='lat' dir='ltr'><strong>caeteris</strong></span> <span class='ocrx_word' id='word_1_357' title='bbox 1692 2479 1765 2536; x_wconf 91' lang='lat' dir='ltr'><strong>vitiis</strong></span> 
     </span>
     <span class='ocr_line' id='line_1_31' title="bbox 107 2554 1763 2634; baseline 0.007 -21"><span class='ocrx_word' id='word_1_358' title='bbox 107 2560 133 2631; x_wconf 88' lang='lat' dir='ltr'><strong>(l</strong></span> <span class='ocrx_word' id='word_1_359' title='bbox 148 2560 210 2618; x_wconf 71' lang='lat' dir='ltr'><strong>cor.</strong></span> <span class='ocrx_word' id='word_1_360' title='bbox 225 2577 253 2630; x_wconf 84' lang='lat' dir='ltr'><strong>v,</strong></span> <span class='ocrx_word' id='word_1_361' title='bbox 270 2564 309 2632; x_wconf 76' lang='lat'><strong>⁵1),</strong></span> <span class='ocrx_word' id='word_1_362' title='bbox 325 2561 440 2634; x_wconf 85' lang='lat' dir='ltr'><strong>quinon</strong></span> <span class='ocrx_word' id='word_1_363' title='bbox 464 2561 539 2628; x_wconf 81' lang='lat' dir='ltr'><strong>foris,</strong></span> <span class='ocrx_word' id='word_1_364' title='bbox 564 2561 611 2618; x_wconf 81' lang='lat' dir='ltr'><strong>sed</strong></span> <span class='ocrx_word' id='word_1_365' title='bbox 635 2563 707 2617; x_wconf 79' lang='lat' dir='ltr'><strong>intus</strong></span> <span class='ocrx_word' id='word_1_366' title='bbox 731 2570 757 2617; x_wconf 76' lang='lat' dir='ltr'><strong>et</strong></span> <span class='ocrx_word' id='word_1_367' title='bbox 776 2562 805 2616; x_wconf 83' lang='lat' dir='ltr'><strong>iu</strong></span> <span class='ocrx_word' id='word_1_368' title='bbox 825 2563 908 2621; x_wconf 76' lang='lat' dir='ltr'><strong>domu</strong></span> <span class='ocrx_word' id='word_1_369' title='bbox 963 2554 1030 2609; x_wconf 92' lang='lat' dir='ltr'><strong>nihil</strong></span> <span class='ocrx_word' id='word_1_370' title='bbox 1058 2557 1229 2627; x_wconf 89' lang='lat' dir='ltr'><strong>nominatim,</strong></span> <span class='ocrx_word' id='word_1_371' title='bbox 1245 2560 1294 2615; x_wconf 91' lang='lat' dir='ltr'><strong>sed</strong></span> <span class='ocrx_word' id='word_1_372' title='bbox 1308 2563 1488 2617; x_wconf 90' lang='lat' dir='ltr'><strong>communiter</strong></span> <span class='ocrx_word' id='word_1_373' title='bbox 1502 2565 1622 2620; x_wconf 91' lang='lat' dir='ltr'><strong>omnium</strong></span> <span class='ocrx_word' id='word_1_374' title='bbox 1638 2565 1682 2624; x_wconf 90' lang='lat' dir='ltr'><strong>vel</strong></span> <span class='ocrx_word' id='word_1_375' title='bbox 1697 2583 1763 2625; x_wconf 88' lang='lat' dir='ltr'><strong>cau·</strong></span> 
     </span>
     <span class='ocr_line' id='line_1_32' title="bbox 107 2643 1494 2722; baseline 0.003 -17"><span class='ocrx_word' id='word_1_376' title='bbox 107 2665 164 2705; x_wconf 89' lang='lat' dir='ltr'><strong>una</strong></span> <span class='ocrx_word' id='word_1_377' title='bbox 175 2649 336 2706; x_wconf 88' lang='lat' dir='ltr'><strong>comeditur.</strong></span> <span class='ocrx_word' id='word_1_378' title='bbox 354 2672 366 2700; x_wconf 80' lang='grc' dir='ltr'>ι</span> <span class='ocrx_word' id='word_1_379' title='bbox 383 2649 527 2706; x_wconf 82' lang='lat' dir='ltr'><strong>Accinctis</strong></span> <span class='ocrx_word' id='word_1_380' title='bbox 542 2658 632 2706; x_wconf 90' lang='lat' dir='ltr'><strong>autern</strong></span> <span class='ocrx_word' id='word_1_381' title='bbox 648 2651 769 2718; x_wconf 88' lang='lat' dir='ltr'><strong>renibus,</strong></span> <span class='ocrx_word' id='word_1_382' title='bbox 781 2651 909 2709; x_wconf 88' lang='lat' dir='ltr'><strong>calceatis</strong></span> <span class='ocrx_word' id='word_1_383' title='bbox 963 2643 1045 2698; x_wconf 68' lang='lat' dir='ltr'><strong>iciam</strong></span> <span class='ocrx_word' id='word_1_384' title='bbox 1062 2645 1104 2701; x_wconf 84' lang='lat' dir='ltr'><strong>vci</strong></span> <span class='ocrx_word' id='word_1_385' title='bbox 1120 2646 1297 2718; x_wconf 69' lang='lat' dir='ltr'><strong>disciplinam</strong></span> <span class='ocrx_word' id='word_1_386' title='bbox 1312 2648 1494 2722; x_wconf 69' lang='lat' dir='ltr'><strong>figuraverit?</strong></span> 
     </span>
    </p>

    <p class='ocr_par' dir='ltr' id='par_1_10' title="bbox 102 2733 1762 3610">
     <span class='ocr_line' id='line_1_33' title="bbox 107 2733 1760 2814; baseline 0.005 -20"><span class='ocrx_word' id='word_1_387' title='bbox 107 2737 237 2809; x_wconf 90' lang='lat' dir='ltr'><strong>pedibus,</strong></span> <span class='ocrx_word' id='word_1_388' title='bbox 251 2738 366 2795; x_wconf 90' lang='lat' dir='ltr'><strong>baculos</strong></span> <span class='ocrx_word' id='word_1_389' title='bbox 390 2747 521 2808; x_wconf 91' lang='lat' dir='ltr'><strong>tenentes,</strong></span> <span class='ocrx_word' id='word_1_390' title='bbox 544 2756 644 2811; x_wconf 89' lang='lat' dir='ltr'><strong>agnum</strong></span> <span class='ocrx_word' id='word_1_391' title='bbox 665 2740 796 2809; x_wconf 72' lang='lat' dir='ltr'><strong>iubemur</strong></span> <span class='ocrx_word' id='word_1_392' title='bbox 813 2757 909 2798; x_wconf 72' lang='lat' dir='ltr'><strong>come-</strong></span> <span class='ocrx_word' id='word_1_393' title='bbox 998 2733 1074 2788; x_wconf 87' lang='lat' dir='ltr'><strong>Unde</strong></span> <span class='ocrx_word' id='word_1_394' title='bbox 1095 2735 1247 2803; x_wconf 90' lang='lat' dir='ltr'><strong>sciendum,</strong></span> <span class='ocrx_word' id='word_1_395' title='bbox 1269 2743 1332 2807; x_wconf 86' lang='lat' dir='ltr'><strong>quta</strong></span> <span class='ocrx_word' id='word_1_396' title='bbox 1355 2740 1465 2811; x_wconf 73' lang='lat' dir='ltr'><strong>iignum</strong></span> <span class='ocrx_word' id='word_1_397' title='bbox 1490 2740 1540 2797; x_wconf 89' lang='lat' dir='ltr'><strong>Dei</strong></span> <span class='ocrx_word' id='word_1_398' title='bbox 1561 2742 1621 2799; x_wconf 88' lang='lat' dir='ltr'><strong>sine</strong></span> <span class='ocrx_word' id='word_1_399' title='bbox 1641 2745 1760 2814; x_wconf 85' lang='lat' dir='ltr'><strong>macule,</strong></span> 
     </span>
     <span class='ocr_line' id='line_1_34' title="bbox 105 2822 1761 2900; baseline 0.008 -19"><span class='ocrx_word' id='word_1_400' title='bbox 105 2825 174 2884; x_wconf 86' lang='lat' dir='ltr'><strong>darc</strong></span> <span class='ocrx_word' id='word_1_401' title='bbox 196 2843 258 2884; x_wconf 90' lang='lat' dir='ltr'><strong>cnm</strong></span> <span class='ocrx_word' id='word_1_402' title='bbox 282 2826 393 2883; x_wconf 90' lang='lat' dir='ltr'><strong>lactucis</strong></span> <span class='ocrx_word' id='word_1_403' title='bbox 416 2827 573 2900; x_wconf 77' lang='lat' dir='ltr'><strong>agrestibus</strong></span> <span class='ocrx_word' id='word_1_404' title='bbox 598 2827 764 2896; x_wconf 89' lang='lat' dir='ltr'><strong>festinantes,</strong></span> <span class='ocrx_word' id='word_1_405' title='bbox 781 2836 810 2883; x_wconf 92' lang='lat' dir='ltr'><strong>ut</strong></span> <span class='ocrx_word' id='word_1_406' title='bbox 824 2831 908 2885; x_wconf 89' lang='lat' dir='ltr'><strong>casti·</strong></span> <span class='ocrx_word' id='word_1_407' title='bbox 962 2823 1009 2892; x_wconf 80' lang='lat' dir='ltr'><strong>&lt;fni</strong></span> <span class='ocrx_word' id='word_1_408' title='bbox 1023 2822 1142 2895; x_wconf 74' lang='lat' dir='ltr'><strong>Virginis</strong></span> <span class='ocrx_word' id='word_1_409' title='bbox 1165 2833 1205 2879; x_wconf 80' lang='lat' dir='ltr'><strong>cSi</strong></span> <span class='ocrx_word' id='word_1_410' title='bbox 1228 2824 1309 2892; x_wconf 71' lang='lat' dir='ltr'><strong>filim,</strong></span> <span class='ocrx_word' id='word_1_411' title='bbox 1325 2826 1458 2883; x_wconf 69' lang='lat' dir='ltr'><strong>inxuriosi</strong></span> <span class='ocrx_word' id='word_1_412' title='bbox 1479 2837 1506 2885; x_wconf 78' lang='lat' dir='ltr'><strong>ci</strong></span> <span class='ocrx_word' id='word_1_413' title='bbox 1529 2830 1625 2887; x_wconf 81' lang='lat' dir='ltr'><strong>incesti</strong></span> <span class='ocrx_word' id='word_1_414' title='bbox 1650 2842 1761 2891; x_wconf 85' lang='lat' dir='ltr'><strong>sumunt</strong></span> 
     </span>
     <span class='ocr_line' id='line_1_35' title="bbox 106 2911 1762 2988; baseline 0.004 -17"><span class='ocrx_word' id='word_1_415' title='bbox 106 2920 164 2972; x_wconf 85' lang='lat' dir='ltr'><strong>tate</strong></span> <span class='ocrx_word' id='word_1_416' title='bbox 191 2916 342 2987; x_wconf 82' lang='lat' dir='ltr'><strong>praecincti,</strong></span> <span class='ocrx_word' id='word_1_417' title='bbox 368 2924 395 2972; x_wconf 92' lang='lat' dir='ltr'><strong>et</strong></span> <span class='ocrx_word' id='word_1_418' title='bbox 417 2932 453 2972; x_wconf 91' lang='lat' dir='ltr'><strong>nc</strong></span> <span class='ocrx_word' id='word_1_419' title='bbox 477 2931 493 2971; x_wconf 87' lang='lat' dir='ltr'><strong>a</strong></span> <span class='ocrx_word' id='word_1_420' title='bbox 515 2916 688 2987; x_wconf 89' lang='lat' dir='ltr'><strong>serpentibus</strong></span> <span class='ocrx_word' id='word_1_421' title='bbox 710 2917 739 2972; x_wconf 95' lang='lat' dir='ltr'><strong>in</strong></span> <span class='ocrx_word' id='word_1_422' title='bbox 763 2917 807 2974; x_wconf 88' lang='lat' dir='ltr'><strong>via</strong></span> <span class='ocrx_word' id='word_1_423' title='bbox 828 2919 907 2988; x_wconf 73' lang='lat' dir='ltr'><strong>huius</strong></span> <span class='ocrx_word' id='word_1_424' title='bbox 961 2911 1157 2981; x_wconf 75' lang='lat' dir='ltr'><strong>periculosius,</strong></span> <span class='ocrx_word' id='word_1_425' title='bbox 1184 2913 1264 2983; x_wconf 88' lang='lat' dir='ltr'><strong>quia,</strong></span> <span class='ocrx_word' id='word_1_426' title='bbox 1290 2931 1352 2970; x_wconf 91' lang='lat' dir='ltr'><strong>curn</strong></span> <span class='ocrx_word' id='word_1_427' title='bbox 1376 2917 1403 2971; x_wconf 91' lang='lat' dir='ltr'><strong>in</strong></span> <span class='ocrx_word' id='word_1_428' title='bbox 1427 2928 1598 2976; x_wconf 80' lang='lat' dir='ltr'><strong>sacramento</strong></span> <span class='ocrx_word' id='word_1_429' title='bbox 1614 2922 1713 2978; x_wconf 88' lang='lat' dir='ltr'><strong>Christi</strong></span> <span class='ocrx_word' id='word_1_430' title='bbox 1734 2923 1762 2979; x_wconf 92' lang='lat' dir='ltr'><strong>ei</strong></span> 
     </span>
     <span class='ocr_line' id='line_1_36' title="bbox 106 2999 1757 3081; baseline 0.004 -21"><span class='ocrx_word' id='word_1_431' title='bbox 106 3003 203 3062; x_wconf 80' lang='lat' dir='ltr'><strong>saculi</strong></span> <span class='ocrx_word' id='word_1_432' title='bbox 234 3005 418 3073; x_wconf 88' lang='lat' dir='ltr'><strong>mordeamur,</strong></span> <span class='ocrx_word' id='word_1_433' title='bbox 449 3005 580 3076; x_wconf 85' lang='lat' dir='ltr'><strong>exemplis</strong></span> <span class='ocrx_word' id='word_1_434' title='bbox 608 3015 767 3061; x_wconf 87' lang='lat' dir='ltr'><strong>sanctorum</strong></span> <span class='ocrx_word' id='word_1_435' title='bbox 794 3008 905 3062; x_wconf 78' lang='lat' dir='ltr'><strong>Parrum</strong></span> <span class='ocrx_word' id='word_1_436' title='bbox 959 2999 1030 3053; x_wconf 87' lang='lat' dir='ltr'><strong>uniri</strong></span> <span class='ocrx_word' id='word_1_437' title='bbox 1044 2999 1202 3068; x_wconf 89' lang='lat' dir='ltr'><strong>debeamus,</strong></span> <span class='ocrx_word' id='word_1_438' title='bbox 1215 3003 1402 3060; x_wconf 87' lang='lat' dir='ltr'><strong>conformitate</strong></span> <span class='ocrx_word' id='word_1_439' title='bbox 1418 3007 1555 3077; x_wconf 89' lang='lat' dir='ltr'><strong>passionis</strong></span> <span class='ocrx_word' id='word_1_440' title='bbox 1567 3017 1594 3063; x_wconf 90' lang='lat' dir='ltr'><strong>et</strong></span> <span class='ocrx_word' id='word_1_441' title='bbox 1606 3011 1757 3081; x_wconf 67' lang='lat' dir='ltr'><strong>munditiae,</strong></span> 
     </span>
     <span class='ocr_line' id='line_1_37' title="bbox 104 3086 1756 3171; baseline 0.012 -35"><span class='ocrx_word' id='word_1_442' title='bbox 104 3093 260 3150; x_wconf 64' lang='lat' dir='ltr'><strong>muniente&amp;</strong></span> <span class='ocrx_word' id='word_1_443' title='bbox 278 3110 389 3168; x_wconf 64' lang='lat' dir='ltr'><strong>gressus</strong></span> <span class='ocrx_word' id='word_1_444' title='bbox 411 3101 520 3150; x_wconf 73' lang='lat' dir='ltr'><strong>actuum</strong></span> <span class='ocrx_word' id='word_1_445' title='bbox 543 3101 708 3162; x_wconf 55' lang='lat' dir='ltr'><strong>nostrorum,</strong></span> <span class='ocrx_word' id='word_1_446' title='bbox 724 3094 803 3168; x_wconf 63' lang='lat' dir='ltr'><strong>virga</strong></span> <span class='ocrx_word' id='word_1_447' title='bbox 817 3096 904 3152; x_wconf 75' lang='lat' dir='ltr'><strong>disci.</strong></span> <span class='ocrx_word' id='word_1_448' title='bbox 959 3086 1025 3142; x_wconf 82' lang='lat' dir='ltr'><strong>nihil</strong></span> <span class='ocrx_word' id='word_1_449' title='bbox 1049 3088 1089 3144; x_wconf 79' lang='lat' dir='ltr'><strong>Sic</strong></span> <span class='ocrx_word' id='word_1_450' title='bbox 1111 3089 1273 3147; x_wconf 69' lang='lat' dir='ltr'><strong>adversatur</strong></span> <span class='ocrx_word' id='word_1_451' title='bbox 1295 3093 1416 3162; x_wconf 76' lang='lat' dir='ltr'><strong>passioni</strong></span> <span class='ocrx_word' id='word_1_452' title='bbox 1441 3096 1547 3164; x_wconf 70' lang='lat' dir='ltr'><strong>(trucis,</strong></span> <span class='ocrx_word' id='word_1_453' title='bbox 1568 3104 1598 3151; x_wconf 81' lang='lat' dir='ltr'><strong>Di</strong></span> <span class='ocrx_word' id='word_1_454' title='bbox 1619 3100 1756 3171; x_wconf 74' lang='lat' dir='ltr'><strong>voluplas,</strong></span> 
     </span>
     <span class='ocr_line' id='line_1_38' title="bbox 102 3175 1755 3255; baseline 0.011 -30"><span class='ocrx_word' id='word_1_455' title='bbox 102 3183 189 3255; x_wconf 67' lang='lat' dir='ltr'><strong>pfinae</strong></span> <span class='ocrx_word' id='word_1_456' title='bbox 204 3183 368 3255; x_wconf 56' lang='lat' dir='ltr'><strong>“sugamus</strong></span> <span class='ocrx_word' id='word_1_457' title='bbox 391 3183 480 3238; x_wconf 70' lang='lat' dir='ltr'><strong>cumis</strong></span> <span class='ocrx_word' id='word_1_458' title='bbox 504 3182 758 3254; x_wconf 59' lang='lat' dir='ltr'><strong>intemperantiam</strong></span> <span class='ocrx_word' id='word_1_459' title='bbox 774 3185 904 3240; x_wconf 69' lang='lat' dir='ltr'><strong>gomedu-</strong></span> <span class='ocrx_word' id='word_1_460' title='bbox 957 3175 1024 3230; x_wconf 79' lang='lat' dir='ltr'><strong>nihil</strong></span> <span class='ocrx_word' id='word_1_461' title='bbox 1039 3177 1077 3232; x_wconf 79' lang='lat' dir='ltr'><strong>Sic</strong></span> <span class='ocrx_word' id='word_1_462' title='bbox 1093 3178 1231 3235; x_wconf 79' lang='lat' dir='ltr'><strong>muntllllae</strong></span> <span class='ocrx_word' id='word_1_463' title='bbox 1246 3188 1273 3236; x_wconf 93' lang='lat' dir='ltr'><strong>ut</strong></span> <span class='ocrx_word' id='word_1_464' title='bbox 1288 3180 1406 3247; x_wconf 79' lang='lat' dir='ltr'><strong>loeditaS,</strong></span> <span class='ocrx_word' id='word_1_465' title='bbox 1420 3183 1541 3239; x_wconf 74' lang='lat' dir='ltr'><strong>Dlhllslc</strong></span> <span class='ocrx_word' id='word_1_466' title='bbox 1555 3187 1611 3253; x_wconf 74' lang='lat' dir='ltr'><strong>eju!</strong></span> <span class='ocrx_word' id='word_1_467' title='bbox 1637 3189 1755 3244; x_wconf 74' lang='lat' dir='ltr'><strong>unitioni</strong></span> 
     </span>
     <span class='ocr_line' id='line_1_39' title="bbox 103 3265 1754 3347; baseline 0.003 -20"><span class='ocrx_word' id='word_1_468' title='bbox 103 3287 168 3327; x_wconf 91' lang='lat' dir='ltr'><strong>mus</strong></span> <span class='ocrx_word' id='word_1_469' title='bbox 187 3287 289 3344; x_wconf 86' lang='lat' dir='ltr'><strong>sgnum</strong></span> <span class='ocrx_word' id='word_1_470' title='bbox 310 3288 371 3328; x_wconf 90' lang='lat' dir='ltr'><strong>curn</strong></span> <span class='ocrx_word' id='word_1_471' title='bbox 393 3271 505 3327; x_wconf 91' lang='lat' dir='ltr'><strong>lactucis</strong></span> <span class='ocrx_word' id='word_1_472' title='bbox 530 3270 697 3344; x_wconf 75' lang='lat' dir='ltr'><strong>agrestibus,</strong></span> <span class='ocrx_word' id='word_1_473' title='bbox 712 3271 741 3326; x_wconf 90' lang='lat' dir='ltr'><strong>id</strong></span> <span class='ocrx_word' id='word_1_474' title='bbox 755 3280 798 3329; x_wconf 92' lang='lat' dir='ltr'><strong>est</strong></span> <span class='ocrx_word' id='word_1_475' title='bbox 811 3289 904 3329; x_wconf 91' lang='lat' dir='ltr'><strong>amara</strong></span> <span class='ocrx_word' id='word_1_476' title='bbox 957 3273 985 3319; x_wconf 93' lang='lat' dir='ltr'><strong>ut</strong></span> <span class='ocrx_word' id='word_1_477' title='bbox 1000 3265 1153 3322; x_wconf 73' lang='lat' dir='ltr'><strong>fornicarias</strong></span> <span class='ocrx_word' id='word_1_478' title='bbox 1166 3267 1302 3323; x_wconf 90' lang='lat' dir='ltr'><strong>societatis</strong></span> <span class='ocrx_word' id='word_1_479' title='bbox 1316 3268 1414 3325; x_wconf 88' lang='lat' dir='ltr'><strong>onitas.</strong></span> <span class='ocrx_word' id='word_1_480' title='bbox 1436 3271 1531 3327; x_wconf 89' lang='lat' dir='ltr'><strong>Libido</strong></span> <span class='ocrx_word' id='word_1_481' title='bbox 1546 3274 1619 3328; x_wconf 92' lang='lat' dir='ltr'><strong>enim</strong></span> <span class='ocrx_word' id='word_1_482' title='bbox 1634 3277 1754 3347; x_wconf 86' lang='lat' dir='ltr'><strong>appetitu</strong></span> 
     </span>
     <span class='ocr_line' id='line_1_40' title="bbox 103 3354 1752 3434; baseline 0.002 -18"><span class='ocrx_word' id='word_1_483' title='bbox 103 3362 315 3432; x_wconf 89' lang='lat' dir='ltr'><strong>compunctione</strong></span> <span class='ocrx_word' id='word_1_484' title='bbox 338 3359 447 3431; x_wconf 92' lang='lat' dir='ltr'><strong>plenis,</strong></span> <span class='ocrx_word' id='word_1_485' title='bbox 476 3361 513 3415; x_wconf 87' lang='lat' dir='ltr'><strong>ita</strong></span> <span class='ocrx_word' id='word_1_486' title='bbox 541 3377 602 3416; x_wconf 90' lang='lat' dir='ltr'><strong>cum</strong></span> <span class='ocrx_word' id='word_1_487' title='bbox 629 3361 760 3416; x_wconf 82' lang='lat' dir='ltr'><strong>desiderii</strong></span> <span class='ocrx_word' id='word_1_488' title='bbox 794 3361 903 3419; x_wconf 71' lang='lat' dir='ltr'><strong>fervore</strong></span> <span class='ocrx_word' id='word_1_489' title='bbox 957 3369 1007 3410; x_wconf 93' lang='lat' dir='ltr'><strong>suo</strong></span> <span class='ocrx_word' id='word_1_490' title='bbox 1027 3354 1110 3410; x_wconf 90' lang='lat' dir='ltr'><strong>allicit</strong></span> <span class='ocrx_word' id='word_1_491' title='bbox 1124 3362 1150 3411; x_wconf 92' lang='lat' dir='ltr'><strong>et</strong></span> <span class='ocrx_word' id='word_1_492' title='bbox 1165 3356 1295 3426; x_wconf 86' lang='lat' dir='ltr'><strong>incendit,</strong></span> <span class='ocrx_word' id='word_1_493' title='bbox 1312 3365 1373 3412; x_wconf 90' lang='lat' dir='ltr'><strong>actu</strong></span> <span class='ocrx_word' id='word_1_494' title='bbox 1395 3374 1445 3414; x_wconf 91' lang='lat' dir='ltr'><strong>suo</strong></span> <span class='ocrx_word' id='word_1_495' title='bbox 1470 3358 1556 3416; x_wconf 85' lang='lat' dir='ltr'><strong>foedat</strong></span> <span class='ocrx_word' id='word_1_496' title='bbox 1579 3369 1605 3417; x_wconf 92' lang='lat' dir='ltr'><strong>et</strong></span> <span class='ocrx_word' id='word_1_497' title='bbox 1627 3368 1752 3434; x_wconf 80' lang='lat' dir='ltr'><strong>enervat,</strong></span> 
     </span>
     <span class='ocr_line' id='line_1_41' title="bbox 103 3443 1756 3524; baseline 0.007 -28"><span class='ocrx_word' id='word_1_498' title='bbox 103 3446 268 3506; x_wconf 68' lang='lat' dir='ltr'><strong>festinantes</strong></span> <span class='ocrx_word' id='word_1_499' title='bbox 282 3450 316 3506; x_wconf 78' lang='lat' dir='ltr'><strong>ud</strong></span> <span class='ocrx_word' id='word_1_500' title='bbox 329 3450 457 3521; x_wconf 78' lang='lat' dir='ltr'><strong>patriam,</strong></span> <span class='ocrx_word' id='word_1_501' title='bbox 469 3450 519 3504; x_wconf 81' lang='lat' dir='ltr'><strong>Est</strong></span> <span class='ocrx_word' id='word_1_502' title='bbox 528 3453 600 3504; x_wconf 81' lang='lat' dir='ltr'><strong>enim</strong></span> <span class='ocrx_word' id='word_1_503' title='bbox 615 3451 708 3519; x_wconf 73' lang='lat' dir='ltr'><strong>phase,</strong></span> <span class='ocrx_word' id='word_1_504' title='bbox 719 3450 747 3505; x_wconf 83' lang='lat' dir='ltr'><strong>id</strong></span> <span class='ocrx_word' id='word_1_505' title='bbox 761 3457 801 3507; x_wconf 80' lang='lat' dir='ltr'><strong>est</strong></span> <span class='ocrx_word' id='word_1_506' title='bbox 816 3459 904 3507; x_wconf 80' lang='lat' dir='ltr'><strong>trans-</strong></span> <span class='ocrx_word' id='word_1_507' title='bbox 956 3459 1007 3498; x_wconf 83' lang='lat' dir='ltr'><strong>usu</strong></span> <span class='ocrx_word' id='word_1_508' title='bbox 1026 3443 1141 3499; x_wconf 77' lang='lat' dir='ltr'><strong>lubricat</strong></span> <span class='ocrx_word' id='word_1_509' title='bbox 1155 3452 1182 3499; x_wconf 79' lang='lat' dir='ltr'><strong>el</strong></span> <span class='ocrx_word' id='word_1_510' title='bbox 1197 3444 1327 3517; x_wconf 71' lang='lat' dir='ltr'><strong>illaqueat</strong></span> <span class='ocrx_word' id='word_1_511' title='bbox 1342 3463 1349 3499; x_wconf 91' lang='lat'>:</span> <span class='ocrx_word' id='word_1_512' title='bbox 1365 3446 1436 3502; x_wconf 80' lang='lat' dir='ltr'><strong>adeo</strong></span> <span class='ocrx_word' id='word_1_513' title='bbox 1451 3451 1480 3502; x_wconf 78' lang='lat' dir='ltr'><strong>ut</strong></span> <span class='ocrx_word' id='word_1_514' title='bbox 1495 3449 1630 3520; x_wconf 77' lang='lat' dir='ltr'><strong>placendo</strong></span> <span class='ocrx_word' id='word_1_515' title='bbox 1655 3450 1756 3524; x_wconf 85' lang='lat' dir='ltr'><strong>displi-</strong></span> 
     </span>
     <span class='ocr_line' id='line_1_42' title="bbox 103 3531 1756 3610; baseline 0.003 -18"><span class='ocrx_word' id='word_1_516' title='bbox 103 3537 158 3594; x_wconf 89' lang='lat' dir='ltr'><strong>itus</strong></span> <span class='ocrx_word' id='word_1_517' title='bbox 168 3538 287 3608; x_wconf 87' lang='lat' dir='ltr'><strong>Domini,</strong></span> <span class='ocrx_word' id='word_1_518' title='bbox 298 3554 352 3610; x_wconf 93' lang='lat' dir='ltr'><strong>quo</strong></span> <span class='ocrx_word' id='word_1_519' title='bbox 367 3555 400 3594; x_wconf 85' lang='lat' dir='ltr'><strong>ex</strong></span> <span class='ocrx_word' id='word_1_520' title='bbox 413 3541 466 3595; x_wconf 91' lang='lat' dir='ltr'><strong>hoc</strong></span> <span class='ocrx_word' id='word_1_521' title='bbox 480 3539 582 3594; x_wconf 89' lang='lat' dir='ltr'><strong>mundo</strong></span> <span class='ocrx_word' id='word_1_522' title='bbox 593 3539 718 3595; x_wconf 80' lang='lat' dir='ltr'><strong>transivit</strong></span> <span class='ocrx_word' id='word_1_523' title='bbox 732 3540 766 3594; x_wconf 90' lang='lat' dir='ltr'><strong>ad</strong></span> <span class='ocrx_word' id='word_1_524' title='bbox 778 3539 899 3595; x_wconf 86' lang='lat' dir='ltr'><strong>Patrem:</strong></span> <span class='ocrx_word' id='word_1_525' title='bbox 956 3546 1031 3598; x_wconf 81' lang='lat' dir='ltr'><strong>ccns,</strong></span> <span class='ocrx_word' id='word_1_526' title='bbox 1049 3531 1217 3604; x_wconf 72' lang='lat' dir='ltr'><strong>displicendo</strong></span> <span class='ocrx_word' id='word_1_527' title='bbox 1235 3534 1356 3605; x_wconf 86' lang='lat' dir='ltr'><strong>placens,</strong></span> <span class='ocrx_word' id='word_1_528' title='bbox 1372 3534 1508 3591; x_wconf 86' lang='lat' dir='ltr'><strong>difficilem</strong></span> <span class='ocrx_word' id='word_1_529' title='bbox 1523 3546 1570 3593; x_wconf 89' lang='lat' dir='ltr'><strong>aut</strong></span> <span class='ocrx_word' id='word_1_530' title='bbox 1586 3540 1687 3595; x_wconf 90' lang='lat' dir='ltr'><strong>nullam</strong></span> <span class='ocrx_word' id='word_1_531' title='bbox 1710 3543 1756 3597; x_wconf 93' lang='lat' dir='ltr'><strong>sui</strong></span> 
     </span>
    </p>
   </div>
   <div class='ocr_carea' id='block_1_8' title="bbox 89 3620 1756 4496">
    <p class='ocr_par' dir='ltr' id='par_1_11' title="bbox 95 3620 1756 4143">
     <span class='ocr_line' id='line_1_43' title="bbox 103 3620 1756 3699; baseline 0.002 -17"><span class='ocrx_word' id='word_1_532' title='bbox 103 3642 169 3685; x_wconf 90' lang='lat' dir='ltr'><strong>cum</strong></span> <span class='ocrx_word' id='word_1_533' title='bbox 191 3642 244 3698; x_wconf 84' lang='lat' dir='ltr'><strong>qao</strong></span> <span class='ocrx_word' id='word_1_534' title='bbox 265 3626 373 3682; x_wconf 89' lang='lat' dir='ltr'><strong>desidia</strong></span> <span class='ocrx_word' id='word_1_535' title='bbox 398 3626 508 3694; x_wconf 87' lang='lat' dir='ltr'><strong>tardus,</strong></span> <span class='ocrx_word' id='word_1_536' title='bbox 534 3635 560 3682; x_wconf 91' lang='lat' dir='ltr'><strong>et</strong></span> <span class='ocrx_word' id='word_1_537' title='bbox 583 3643 666 3699; x_wconf 81' lang='lat' dir='ltr'><strong>super</strong></span> <span class='ocrx_word' id='word_1_538' title='bbox 689 3628 759 3683; x_wconf 83' lang='lat' dir='ltr'><strong>ollas</strong></span> <span class='ocrx_word' id='word_1_539' title='bbox 781 3629 901 3684; x_wconf 79' lang='lat' dir='ltr'><strong>carnium</strong></span> <span class='ocrx_word' id='word_1_540' title='bbox 955 3620 1152 3692; x_wconf 79' lang='lat' dir='ltr'><strong>penitudinem</strong></span> <span class='ocrx_word' id='word_1_541' title='bbox 1172 3622 1301 3690; x_wconf 88' lang='lat' dir='ltr'><strong>admittat,</strong></span> <span class='ocrx_word' id='word_1_542' title='bbox 1318 3631 1344 3679; x_wconf 91' lang='lat' dir='ltr'><strong>et</strong></span> <span class='ocrx_word' id='word_1_543' title='bbox 1358 3624 1412 3678; x_wconf 88' lang='lat' dir='ltr'><strong>uisi</strong></span> <span class='ocrx_word' id='word_1_544' title='bbox 1428 3625 1517 3680; x_wconf 88' lang='lat' dir='ltr'><strong>valida</strong></span> <span class='ocrx_word' id='word_1_545' title='bbox 1540 3642 1623 3683; x_wconf 87' lang='lat' dir='ltr'><strong>mauu</strong></span> <span class='ocrx_word' id='word_1_546' title='bbox 1646 3629 1756 3687; x_wconf 90' lang='lat' dir='ltr'><strong>miseri·</strong></span> 
     </span>
     <span class='ocr_line' id='line_1_44' title="bbox 99 3709 1752 3787; baseline 0.006 -21"><span class='ocrx_word' id='word_1_547' title='bbox 99 3710 130 3766; x_wconf 90' lang='lat' dir='ltr'><strong>in</strong></span> <span class='ocrx_word' id='word_1_548' title='bbox 150 3710 374 3784; x_wconf 81' lang='lat' dir='ltr'><strong>saeculiAEgypto</strong></span> <span class='ocrx_word' id='word_1_549' title='bbox 398 3715 565 3778; x_wconf 88' lang='lat' dir='ltr'><strong>remoratus,</strong></span> <span class='ocrx_word' id='word_1_550' title='bbox 582 3711 696 3767; x_wconf 82' lang='lat' dir='ltr'><strong>transire</strong></span> <span class='ocrx_word' id='word_1_551' title='bbox 711 3728 766 3767; x_wconf 93' lang='lat' dir='ltr'><strong>non</strong></span> <span class='ocrx_word' id='word_1_552' title='bbox 789 3727 900 3783; x_wconf 87' lang='lat' dir='ltr'><strong>praeva-</strong></span> <span class='ocrx_word' id='word_1_553' title='bbox 953 3709 1055 3766; x_wconf 86' lang='lat' dir='ltr'><strong>cordiae</strong></span> <span class='ocrx_word' id='word_1_554' title='bbox 1074 3711 1123 3766; x_wconf 88' lang='lat' dir='ltr'><strong>Dei</strong></span> <span class='ocrx_word' id='word_1_555' title='bbox 1144 3711 1307 3767; x_wconf 89' lang='lat' dir='ltr'><strong>subventum</strong></span> <span class='ocrx_word' id='word_1_556' title='bbox 1330 3711 1421 3779; x_wconf 90' lang='lat' dir='ltr'><strong>fuerit,</strong></span> <span class='ocrx_word' id='word_1_557' title='bbox 1440 3715 1590 3770; x_wconf 89' lang='lat' dir='ltr'><strong>miserabili</strong></span> <span class='ocrx_word' id='word_1_558' title='bbox 1614 3715 1668 3773; x_wconf 88' lang='lat' dir='ltr'><strong>fine</strong></span> <span class='ocrx_word' id='word_1_559' title='bbox 1691 3734 1752 3787; x_wconf 87' lang='lat' dir='ltr'><strong>suo,</strong></span> 
     </span>
     <span class='ocr_line' id='line_1_45' title="bbox 97 3798 1753 3875; baseline 0.005 -21"><span class='ocrx_word' id='word_1_560' title='bbox 97 3799 146 3869; x_wconf 92' lang='lat' dir='ltr'><strong>let,</strong></span> <span class='ocrx_word' id='word_1_561' title='bbox 171 3807 201 3855; x_wconf 93' lang='lat' dir='ltr'><strong>ut</strong></span> <span class='ocrx_word' id='word_1_562' title='bbox 222 3798 287 3855; x_wconf 94' lang='lat' dir='ltr'><strong>illuc</strong></span> <span class='ocrx_word' id='word_1_563' title='bbox 308 3800 452 3870; x_wconf 88' lang='lat' dir='ltr'><strong>perveniat</strong></span> <span class='ocrx_word' id='word_1_564' title='bbox 470 3800 517 3854; x_wconf 91' lang='lat' dir='ltr'><strong>uhi</strong></span> <span class='ocrx_word' id='word_1_565' title='bbox 536 3800 661 3856; x_wconf 88' lang='lat' dir='ltr'><strong>Christus</strong></span> <span class='ocrx_word' id='word_1_566' title='bbox 680 3800 708 3854; x_wconf 93' lang='lat' dir='ltr'><strong>in</strong></span> <span class='ocrx_word' id='word_1_567' title='bbox 723 3802 834 3856; x_wconf 78' lang='lat' dir='ltr'><strong>dentem</strong></span> <span class='ocrx_word' id='word_1_568' title='bbox 850 3800 900 3856; x_wconf 93' lang='lat' dir='ltr'><strong>Dei</strong></span> <span class='ocrx_word' id='word_1_569' title='bbox 953 3805 1090 3854; x_wconf 85' lang='lat' dir='ltr'><strong>amatores</strong></span> <span class='ocrx_word' id='word_1_570' title='bbox 1110 3814 1173 3854; x_wconf 90' lang='lat' dir='ltr'><strong>suos</strong></span> <span class='ocrx_word' id='word_1_571' title='bbox 1197 3800 1255 3855; x_wconf 89' lang='lat' dir='ltr'><strong>sine</strong></span> <span class='ocrx_word' id='word_1_572' title='bbox 1277 3800 1331 3855; x_wconf 90' lang='lat' dir='ltr'><strong>line</strong></span> <span class='ocrx_word' id='word_1_573' title='bbox 1355 3800 1464 3870; x_wconf 87' lang='lat' dir='ltr'><strong>perdat.</strong></span> <span class='ocrx_word' id='word_1_574' title='bbox 1488 3803 1523 3858; x_wconf 92' lang='lat' dir='ltr'><strong>Ut</strong></span> <span class='ocrx_word' id='word_1_575' title='bbox 1543 3803 1615 3858; x_wconf 91' lang='lat' dir='ltr'><strong>euim</strong></span> <span class='ocrx_word' id='word_1_576' title='bbox 1636 3818 1753 3875; x_wconf 86' lang='lat' dir='ltr'><strong>praeter-</strong></span> 
     </span>
     <span class='ocr_line' id='line_1_46' title="bbox 97 3882 1752 3960; baseline 0.007 -21"><span class='ocrx_word' id='word_1_577' title='bbox 97 3883 188 3939; x_wconf 89' lang='lat' dir='ltr'><strong>sedet.</strong></span> <span class='ocrx_word' id='word_1_578' title='bbox 212 3882 279 3952; x_wconf 90' lang='lat' dir='ltr'><strong>Sed,</strong></span> <span class='ocrx_word' id='word_1_579' title='bbox 304 3891 333 3938; x_wconf 93' lang='lat' dir='ltr'><strong>ut</strong></span> <span class='ocrx_word' id='word_1_580' title='bbox 356 3883 460 3939; x_wconf 90' lang='lat' dir='ltr'><strong>dictum</strong></span> <span class='ocrx_word' id='word_1_581' title='bbox 485 3891 536 3951; x_wconf 91' lang='lat' dir='ltr'><strong>est,</strong></span> <span class='ocrx_word' id='word_1_582' title='bbox 561 3885 622 3940; x_wconf 91' lang='lat' dir='ltr'><strong>ideo</strong></span> <span class='ocrx_word' id='word_1_583' title='bbox 636 3901 674 3959; x_wconf 55' lang='lat' dir='ltr'><strong>¹se</strong></span> <span class='ocrx_word' id='word_1_584' title='bbox 698 3885 755 3939; x_wconf 92' lang='lat' dir='ltr'><strong>unit</strong></span> <span class='ocrx_word' id='word_1_585' title='bbox 769 3886 849 3940; x_wconf 91' lang='lat' dir='ltr'><strong>nohis</strong></span> <span class='ocrx_word' id='word_1_586' title='bbox 871 3885 898 3939; x_wconf 91' lang='lat' dir='ltr'><strong>iu</strong></span> <span class='ocrx_word' id='word_1_587' title='bbox 952 3886 1059 3942; x_wconf 90' lang='lat' dir='ltr'><strong>mittam</strong></span> <span class='ocrx_word' id='word_1_588' title='bbox 1073 3903 1134 3942; x_wconf 89' lang='lat' dir='ltr'><strong>earn</strong></span> <span class='ocrx_word' id='word_1_589' title='bbox 1149 3904 1209 3960; x_wconf 83' lang='lat' dir='ltr'><strong>quae</strong></span> <span class='ocrx_word' id='word_1_590' title='bbox 1222 3898 1299 3944; x_wconf 84' lang='lat' dir='ltr'><strong>extra</strong></span> <span class='ocrx_word' id='word_1_591' title='bbox 1313 3897 1439 3944; x_wconf 88' lang='lat' dir='ltr'><strong>naturam</strong></span> <span class='ocrx_word' id='word_1_592' title='bbox 1460 3891 1654 3949; x_wconf 87' lang='lat' dir='ltr'><strong>abominabilis</strong></span> <span class='ocrx_word' id='word_1_593' title='bbox 1668 3904 1710 3951; x_wconf 90' lang='lat' dir='ltr'><strong>est</strong></span> <span class='ocrx_word' id='word_1_594' title='bbox 1725 3903 1752 3952; x_wconf 90' lang='lat' dir='ltr'><strong>et</strong></span> 
     </span>
     <span class='ocr_line' id='line_1_47' title="bbox 95 3972 1749 4047; baseline 0.007 -19"><span class='ocrx_word' id='word_1_595' title='bbox 95 3979 278 4039; x_wconf 86' lang='lat' dir='ltr'><strong>sacramento,</strong></span> <span class='ocrx_word' id='word_1_596' title='bbox 293 3980 324 4028; x_wconf 90' lang='lat' dir='ltr'><strong>ut</strong></span> <span class='ocrx_word' id='word_1_597' title='bbox 333 3972 407 4046; x_wconf 88' lang='lat' dir='ltr'><strong>quod</strong></span> <span class='ocrx_word' id='word_1_598' title='bbox 421 3973 501 4029; x_wconf 90' lang='lat' dir='ltr'><strong>nohis</strong></span> <span class='ocrx_word' id='word_1_599' title='bbox 514 3981 556 4028; x_wconf 91' lang='lat' dir='ltr'><strong>est</strong></span> <span class='ocrx_word' id='word_1_600' title='bbox 570 3973 749 4045; x_wconf 87' lang='lat' dir='ltr'><strong>impossibile,</strong></span> <span class='ocrx_word' id='word_1_601' title='bbox 766 3974 898 4047; x_wconf 87' lang='lat' dir='ltr'><strong>possibile</strong></span> <span class='ocrx_word' id='word_1_602' title='bbox 952 3975 1079 4042; x_wconf 85' lang='lat' dir='ltr'><strong>nefanda,</strong></span> <span class='ocrx_word' id='word_1_603' title='bbox 1095 3984 1123 4032; x_wconf 91' lang='lat' dir='ltr'><strong>et</strong></span> <span class='ocrx_word' id='word_1_604' title='bbox 1136 3975 1208 4031; x_wconf 89' lang='lat' dir='ltr'><strong>intra</strong></span> <span class='ocrx_word' id='word_1_605' title='bbox 1222 3985 1347 4032; x_wconf 88' lang='lat' dir='ltr'><strong>naturam</strong></span> <span class='ocrx_word' id='word_1_606' title='bbox 1362 3977 1390 4031; x_wconf 93' lang='lat' dir='ltr'><strong>in</strong></span> <span class='ocrx_word' id='word_1_607' title='bbox 1404 3979 1555 4035; x_wconf 90' lang='lat' dir='ltr'><strong>incestibus</strong></span> <span class='ocrx_word' id='word_1_608' title='bbox 1568 3989 1594 4036; x_wconf 90' lang='lat' dir='ltr'><strong>et</strong></span> <span class='ocrx_word' id='word_1_609' title='bbox 1609 3982 1749 4040; x_wconf 82' lang='lat' dir='ltr'><strong>adulteriis</strong></span> 
     </span>
     <span class='ocr_line' id='line_1_48' title="bbox 96 4060 1751 4143; baseline 0.008 -28"><span class='ocrx_word' id='word_1_610' title='bbox 96 4060 147 4117; x_wconf 88' lang='lat' dir='ltr'><strong>fiat</strong></span> <span class='ocrx_word' id='word_1_611' title='bbox 161 4060 189 4115; x_wconf 91' lang='lat' dir='ltr'><strong>iu</strong></span> <span class='ocrx_word' id='word_1_612' title='bbox 203 4060 274 4133; x_wconf 91' lang='lat' dir='ltr'><strong>ipso.</strong></span> <span class='ocrx_word' id='word_1_613' title='bbox 952 4063 1119 4133; x_wconf 88' lang='lat' dir='ltr'><strong>detestanda,</strong></span> <span class='ocrx_word' id='word_1_614' title='bbox 1130 4065 1173 4123; x_wconf 93' lang='lat' dir='ltr'><strong>vel</strong></span> <span class='ocrx_word' id='word_1_615' title='bbox 1185 4066 1211 4119; x_wconf 91' lang='lat' dir='ltr'><strong>in</strong></span> <span class='ocrx_word' id='word_1_616' title='bbox 1226 4065 1455 4122; x_wconf 85' lang='lat' dir='ltr'><strong>fornicationibus</strong></span> <span class='ocrx_word' id='word_1_617' title='bbox 1466 4075 1492 4122; x_wconf 87' lang='lat' dir='ltr'><strong>et</strong></span> <span class='ocrx_word' id='word_1_618' title='bbox 1503 4070 1603 4141; x_wconf 89' lang='lat' dir='ltr'><strong>stupris</strong></span> <span class='ocrx_word' id='word_1_619' title='bbox 1613 4070 1751 4143; x_wconf 91' lang='lat' dir='ltr'><strong>lethifera,</strong></span> 
     </span>
    </p>

    <p class='ocr_par' dir='ltr' id='par_1_12' title="bbox 89 4152 1752 4496">
     <span class='ocr_line' id='line_1_49' title="bbox 132 4152 1752 4228; baseline 0.01 -27"><span class='ocrx_word' id='word_1_620' title='bbox 132 4155 210 4213; x_wconf 73' lang='lat' dir='ltr'><strong>Uudu</strong></span> <span class='ocrx_word' id='word_1_621' title='bbox 233 4155 315 4213; x_wconf 71' lang='lat' dir='ltr'><strong>urium</strong></span> <span class='ocrx_word' id='word_1_622' title='bbox 337 4173 373 4214; x_wconf 70' lang='lat' dir='ltr'><strong>ue</strong></span> <span class='ocrx_word' id='word_1_623' title='bbox 396 4157 470 4228; x_wconf 79' lang='lat' dir='ltr'><strong>quod</strong></span> <span class='ocrx_word' id='word_1_624' title='bbox 493 4159 576 4214; x_wconf 68' lang='lat' dir='ltr'><strong>dubus</strong></span> <span class='ocrx_word' id='word_1_625' title='bbox 600 4157 681 4215; x_wconf 76' lang='lat' dir='ltr'><strong>iuuuu</strong></span> <span class='ocrx_word' id='word_1_626' title='bbox 706 4158 847 4215; x_wconf 75' lang='lat' dir='ltr'><strong>uideretur</strong></span> <span class='ocrx_word' id='word_1_627' title='bbox 872 4167 898 4214; x_wconf 80' lang='lat' dir='ltr'><strong>er</strong></span> <span class='ocrx_word' id='word_1_628' title='bbox 950 4152 997 4208; x_wconf 89' lang='lat' dir='ltr'><strong>illa</strong></span> <span class='ocrx_word' id='word_1_629' title='bbox 1011 4154 1090 4209; x_wconf 89' lang='lat' dir='ltr'><strong>etiarn</strong></span> <span class='ocrx_word' id='word_1_630' title='bbox 1114 4154 1143 4208; x_wconf 93' lang='lat' dir='ltr'><strong>in</strong></span> <span class='ocrx_word' id='word_1_631' title='bbox 1166 4154 1301 4228; x_wconf 89' lang='lat' dir='ltr'><strong>conjugiis</strong></span> <span class='ocrx_word' id='word_1_632' title='bbox 1323 4171 1384 4225; x_wconf 88' lang='lat' dir='ltr'><strong>quae</strong></span> <span class='ocrx_word' id='word_1_633' title='bbox 1406 4163 1449 4212; x_wconf 90' lang='lat' dir='ltr'><strong>est</strong></span> <span class='ocrx_word' id='word_1_634' title='bbox 1470 4156 1555 4225; x_wconf 88' lang='lat' dir='ltr'><strong>licite,</strong></span> <span class='ocrx_word' id='word_1_635' title='bbox 1572 4160 1678 4215; x_wconf 89' lang='lat' dir='ltr'><strong>etiarnsi</strong></span> <span class='ocrx_word' id='word_1_636' title='bbox 1697 4177 1752 4218; x_wconf 91' lang='lat' dir='ltr'><strong>non</strong></span> 
     </span>
     <span class='ocr_line' id='line_1_50' title="bbox 95 4243 1751 4320; baseline 0.003 -19"><span class='ocrx_word' id='word_1_637' title='bbox 95 4244 238 4312; x_wconf 87' lang='lat' dir='ltr'><strong>frivolum,</strong></span> <span class='ocrx_word' id='word_1_638' title='bbox 254 4261 306 4303; x_wconf 91' lang='lat' dir='ltr'><strong>nec</strong></span> <span class='ocrx_word' id='word_1_639' title='bbox 319 4254 381 4302; x_wconf 90' lang='lat' dir='ltr'><strong>ante</strong></span> <span class='ocrx_word' id='word_1_640' title='bbox 399 4262 450 4303; x_wconf 89' lang='lat' dir='ltr'><strong>uec</strong></span> <span class='ocrx_word' id='word_1_641' title='bbox 469 4255 541 4319; x_wconf 91' lang='lat' dir='ltr'><strong>post,</strong></span> <span class='ocrx_word' id='word_1_642' title='bbox 557 4249 606 4303; x_wconf 88' lang='lat' dir='ltr'><strong>sed</strong></span> <span class='ocrx_word' id='word_1_643' title='bbox 632 4249 693 4320; x_wconf 87' lang='lat' dir='ltr'><strong>ipsa</strong></span> <span class='ocrx_word' id='word_1_644' title='bbox 715 4248 849 4320; x_wconf 82' lang='lat' dir='ltr'><strong>passionis</strong></span> <span class='ocrx_word' id='word_1_645' title='bbox 871 4256 898 4304; x_wconf 85' lang='lat' dir='ltr'><strong>et</strong></span> <span class='ocrx_word' id='word_1_646' title='bbox 951 4243 1039 4298; x_wconf 90' lang='lat' dir='ltr'><strong>aufert</strong></span> <span class='ocrx_word' id='word_1_647' title='bbox 1053 4243 1148 4309; x_wconf 89' lang='lat' dir='ltr'><strong>vitam,</strong></span> <span class='ocrx_word' id='word_1_648' title='bbox 1171 4243 1241 4299; x_wconf 87' lang='lat' dir='ltr'><strong>adeo</strong></span> <span class='ocrx_word' id='word_1_649' title='bbox 1263 4251 1352 4298; x_wconf 86' lang='lat' dir='ltr'><strong>tamen</strong></span> <span class='ocrx_word' id='word_1_650' title='bbox 1372 4244 1470 4299; x_wconf 89' lang='lat' dir='ltr'><strong>minuit</strong></span> <span class='ocrx_word' id='word_1_651' title='bbox 1489 4260 1631 4316; x_wconf 90' lang='lat' dir='ltr'><strong>coronam,</strong></span> <span class='ocrx_word' id='word_1_652' title='bbox 1647 4257 1676 4304; x_wconf 93' lang='lat' dir='ltr'><strong>ut</strong></span> <span class='ocrx_word' id='word_1_653' title='bbox 1690 4265 1751 4305; x_wconf 91' lang='lat' dir='ltr'><strong>cum</strong></span> 
     </span>
     <span class='ocr_line' id='line_1_51' title="bbox 89 4331 1752 4408; baseline 0.003 -19"><span class='ocrx_word' id='word_1_654' title='bbox 89 4333 221 4389; x_wconf 88' lang='lat' dir='ltr'><strong>transitus</strong></span> <span class='ocrx_word' id='word_1_655' title='bbox 232 4334 275 4389; x_wconf 90' lang='lat' dir='ltr'><strong>sni</strong></span> <span class='ocrx_word' id='word_1_656' title='bbox 289 4336 356 4390; x_wconf 88' lang='lat' dir='ltr'><strong>hora</strong></span> <span class='ocrx_word' id='word_1_657' title='bbox 376 4343 584 4391; x_wconf 84' lang='lat' dir='ltr'><strong>sacramentum</strong></span> <span class='ocrx_word' id='word_1_658' title='bbox 604 4337 728 4407; x_wconf 89' lang='lat' dir='ltr'><strong>corporis</strong></span> <span class='ocrx_word' id='word_1_659' title='bbox 753 4338 795 4391; x_wconf 90' lang='lat' dir='ltr'><strong>sui</strong></span> <span class='ocrx_word' id='word_1_660' title='bbox 820 4336 897 4391; x_wconf 90' lang='lat' dir='ltr'><strong>dedit</strong></span> <span class='ocrx_word' id='word_1_661' title='bbox 953 4331 1097 4403; x_wconf 91' lang='lat' dir='ltr'><strong>virginitas</strong></span> <span class='ocrx_word' id='word_1_662' title='bbox 1114 4333 1303 4402; x_wconf 85' lang='lat' dir='ltr'><strong>centesimum,</strong></span> <span class='ocrx_word' id='word_1_663' title='bbox 1320 4332 1438 4389; x_wconf 87' lang='lat' dir='ltr'><strong>viduitas</strong></span> <span class='ocrx_word' id='word_1_664' title='bbox 1453 4337 1664 4408; x_wconf 84' lang='lat' dir='ltr'><strong>sexagesimum,</strong></span> <span class='ocrx_word' id='word_1_665' title='bbox 1682 4354 1752 4394; x_wconf 89' lang='lat' dir='ltr'><strong>ccu-</strong></span> 
     </span>
     <span class='ocr_line' id='line_1_52' title="bbox 93 4401 1747 4496; baseline 0.001 -17"><span class='ocrx_word' id='word_1_666' title='bbox 93 4429 123 4479; x_wconf 93' lang='lat' dir='ltr'><strong>et</strong></span> <span class='ocrx_word' id='word_1_667' title='bbox 133 4422 294 4495; x_wconf 85' lang='lat' dir='ltr'><strong>sauguirris;</strong></span> <span class='ocrx_word' id='word_1_668' title='bbox 310 4432 340 4479; x_wconf 95' lang='lat' dir='ltr'><strong>ut</strong></span> <span class='ocrx_word' id='word_1_669' title='bbox 353 4424 425 4479; x_wconf 92' lang='lat' dir='ltr'><strong>unde</strong></span> <span class='ocrx_word' id='word_1_670' title='bbox 440 4424 522 4479; x_wconf 90' lang='lat' dir='ltr'><strong>dabat</strong></span> <span class='ocrx_word' id='word_1_671' title='bbox 536 4426 700 4496; x_wconf 84' lang='lat' dir='ltr'><strong>exemplum,</strong></span> <span class='ocrx_word' id='word_1_672' title='bbox 717 4423 794 4480; x_wconf 81' lang='lat' dir='ltr'><strong>daret</strong></span> <span class='ocrx_word' id='word_1_673' title='bbox 813 4425 896 4479; x_wconf 90' lang='lat' dir='ltr'><strong>etiam</strong></span> <span class='ocrx_word' id='word_1_674' title='bbox 911 4401 1052 4493; x_wconf 86' lang='lat' dir='ltr'><strong>Djugalis</strong></span> <span class='ocrx_word' id='word_1_675' title='bbox 1067 4421 1165 4492; x_wconf 89' lang='lat' dir='ltr'><strong>copula</strong></span> <span class='ocrx_word' id='word_1_676' title='bbox 1180 4429 1333 4478; x_wconf 76' lang='lat' dir='ltr'><strong>extremum</strong></span> <span class='ocrx_word' id='word_1_677' title='bbox 1349 4431 1375 4478; x_wconf 92' lang='lat' dir='ltr'><strong>et</strong></span> <span class='ocrx_word' id='word_1_678' title='bbox 1390 4423 1554 4479; x_wconf 87' lang='lat' dir='ltr'><strong>tricesimum</strong></span> <span class='ocrx_word' id='word_1_679' title='bbox 1570 4425 1671 4481; x_wconf 87' lang='lat' dir='ltr'><strong>referat</strong></span> <span class='ocrx_word' id='word_1_680' title='bbox 1686 4427 1747 4481; x_wconf 89' lang='lat' dir='ltr'><strong>fru-</strong></span> 
     </span>
    </p>
   </div>
   <div class='ocr_carea' id='block_1_9' title="bbox 92 4511 896 5208">
    <p class='ocr_par' dir='ltr' id='par_1_13' title="bbox 92 4511 896 5208">
     <span class='ocr_line' id='line_1_53' title="bbox 92 4511 896 4584; baseline 0.004 -18"><span class='ocrx_word' id='word_1_681' title='bbox 92 4511 218 4583; x_wconf 77' lang='lat' dir='ltr'><strong>mysterii</strong></span> <span class='ocrx_word' id='word_1_682' title='bbox 240 4512 394 4578; x_wconf 84' lang='lat' dir='ltr'><strong>exordium,</strong></span> <span class='ocrx_word' id='word_1_683' title='bbox 410 4520 541 4584; x_wconf 89' lang='lat' dir='ltr'><strong>quatenus</strong></span> <span class='ocrx_word' id='word_1_684' title='bbox 563 4513 705 4569; x_wconf 85' lang='lat' dir='ltr'><strong>memoriae</strong></span> <span class='ocrx_word' id='word_1_685' title='bbox 727 4521 826 4569; x_wconf 80' lang='lat' dir='ltr'><strong>nostrae</strong></span> <span class='ocrx_word' id='word_1_686' title='bbox 848 4529 896 4569; x_wconf 90' lang='lat' dir='ltr'><strong>ar-</strong></span> 
     </span>
     <span class='ocr_line' id='line_1_54' title="bbox 94 4598 896 4674; baseline 0.001 -17"><span class='ocrx_word' id='word_1_687' title='bbox 94 4598 166 4657; x_wconf 90' lang='lat' dir='ltr'><strong>ctius</strong></span> <span class='ocrx_word' id='word_1_688' title='bbox 186 4601 322 4672; x_wconf 82' lang='lat' dir='ltr'><strong>passionis</strong></span> <span class='ocrx_word' id='word_1_689' title='bbox 345 4617 401 4656; x_wconf 85' lang='lat' dir='ltr'><strong>suae</strong></span> <span class='ocrx_word' id='word_1_690' title='bbox 425 4601 613 4658; x_wconf 85' lang='lat' dir='ltr'><strong>characterem</strong></span> <span class='ocrx_word' id='word_1_691' title='bbox 637 4601 815 4674; x_wconf 89' lang='lat' dir='ltr'><strong>imprimeret,</strong></span> <span class='ocrx_word' id='word_1_692' title='bbox 836 4600 896 4674; x_wconf 93' lang='lat' dir='ltr'><strong>spei</strong></span> 
     </span>
     <span class='ocr_line' id='line_1_55' title="bbox 95 4689 896 4758; baseline 0.002 -14"><span class='ocrx_word' id='word_1_693' title='bbox 95 4691 200 4744; x_wconf 78' lang='lat' dir='ltr'><strong>nostras</strong></span> <span class='ocrx_word' id='word_1_694' title='bbox 219 4690 321 4746; x_wconf 91' lang='lat' dir='ltr'><strong>certius</strong></span> <span class='ocrx_word' id='word_1_695' title='bbox 337 4690 463 4745; x_wconf 86' lang='lat' dir='ltr'><strong>transitus</strong></span> <span class='ocrx_word' id='word_1_696' title='bbox 478 4690 530 4758; x_wconf 88' lang='lat' dir='ltr'><strong>sui,</strong></span> <span class='ocrx_word' id='word_1_697' title='bbox 546 4697 572 4745; x_wconf 91' lang='lat' dir='ltr'><strong>et</strong></span> <span class='ocrx_word' id='word_1_698' title='bbox 587 4691 672 4745; x_wconf 90' lang='lat' dir='ltr'><strong>nostri</strong></span> <span class='ocrx_word' id='word_1_699' title='bbox 695 4690 822 4747; x_wconf 88' lang='lat' dir='ltr'><strong>viaticum</strong></span> <span class='ocrx_word' id='word_1_700' title='bbox 844 4689 896 4746; x_wconf 90' lang='lat' dir='ltr'><strong>de-</strong></span> 
     </span>
     <span class='ocr_line' id='line_1_56' title="bbox 95 4778 895 4851; baseline 0.001 -18"><span class='ocrx_word' id='word_1_701' title='bbox 95 4778 210 4851; x_wconf 87' lang='lat' dir='ltr'><strong>legaret,</strong></span> <span class='ocrx_word' id='word_1_702' title='bbox 226 4794 288 4834; x_wconf 90' lang='lat' dir='ltr'><strong>cum</strong></span> <span class='ocrx_word' id='word_1_703' title='bbox 303 4778 370 4834; x_wconf 94' lang='lat' dir='ltr'><strong>illud</strong></span> <span class='ocrx_word' id='word_1_704' title='bbox 384 4779 456 4835; x_wconf 88' lang='lat' dir='ltr'><strong>sicut</strong></span> <span class='ocrx_word' id='word_1_705' title='bbox 476 4779 579 4851; x_wconf 89' lang='lat' dir='ltr'><strong>primus</strong></span> <span class='ocrx_word' id='word_1_706' title='bbox 598 4781 728 4850; x_wconf 92' lang='lat' dir='ltr'><strong>primum,</strong></span> <span class='ocrx_word' id='word_1_707' title='bbox 744 4780 784 4836; x_wconf 89' lang='lat' dir='ltr'><strong>sic</strong></span> <span class='ocrx_word' id='word_1_708' title='bbox 799 4780 827 4834; x_wconf 93' lang='lat' dir='ltr'><strong>in</strong></span> <span class='ocrx_word' id='word_1_709' title='bbox 841 4796 895 4836; x_wconf 87' lang='lat' dir='ltr'><strong>ex·</strong></span> 
     </span>
     <span class='ocr_line' id='line_1_57' title="bbox 95 4867 895 4940; baseline 0.001 -17"><span class='ocrx_word' id='word_1_710' title='bbox 95 4877 184 4923; x_wconf 91' lang='lat' dir='ltr'><strong>tremo</strong></span> <span class='ocrx_word' id='word_1_711' title='bbox 196 4867 355 4940; x_wconf 87' lang='lat' dir='ltr'><strong>temporalis</strong></span> <span class='ocrx_word' id='word_1_712' title='bbox 368 4868 431 4924; x_wconf 76' lang='lat' dir='ltr'><strong>vitas</strong></span> <span class='ocrx_word' id='word_1_713' title='bbox 445 4884 502 4924; x_wconf 85' lang='lat' dir='ltr'><strong>suae</strong></span> <span class='ocrx_word' id='word_1_714' title='bbox 515 4868 565 4923; x_wconf 93' lang='lat' dir='ltr'><strong>sub</strong></span> <span class='ocrx_word' id='word_1_715' title='bbox 578 4869 643 4925; x_wconf 90' lang='lat' dir='ltr'><strong>novi</strong></span> <span class='ocrx_word' id='word_1_716' title='bbox 657 4869 809 4926; x_wconf 88' lang='lat' dir='ltr'><strong>testamenti</strong></span> <span class='ocrx_word' id='word_1_717' title='bbox 823 4869 895 4924; x_wconf 89' lang='lat' dir='ltr'><strong>assi·</strong></span> 
     </span>
     <span class='ocr_line' id='line_1_58' title="bbox 95 4955 896 5028; baseline 0.002 -18"><span class='ocrx_word' id='word_1_718' title='bbox 95 4955 227 5028; x_wconf 90' lang='lat' dir='ltr'><strong>guatioue</strong></span> <span class='ocrx_word' id='word_1_719' title='bbox 250 4955 327 5012; x_wconf 88' lang='lat' dir='ltr'><strong>daret</strong></span> <span class='ocrx_word' id='word_1_720' title='bbox 350 4965 511 5012; x_wconf 81' lang='lat' dir='ltr'><strong>extremum.</strong></span> <span class='ocrx_word' id='word_1_721' title='bbox 536 4957 710 5014; x_wconf 84' lang='lat' dir='ltr'><strong>Testamenta</strong></span> <span class='ocrx_word' id='word_1_722' title='bbox 734 4959 806 5014; x_wconf 91' lang='lat' dir='ltr'><strong>euim</strong></span> <span class='ocrx_word' id='word_1_723' title='bbox 830 4975 896 5014; x_wconf 91' lang='lat' dir='ltr'><strong>san-</strong></span> 
     </span>
     <span class='ocr_line' id='line_1_59' title="bbox 95 5043 896 5119; baseline 0.005 -20"><span class='ocrx_word' id='word_1_724' title='bbox 95 5043 187 5118; x_wconf 87' lang='lat' dir='ltr'><strong>guinis</strong></span> <span class='ocrx_word' id='word_1_725' title='bbox 201 5045 253 5113; x_wconf 89' lang='lat' dir='ltr'><strong>sui,</strong></span> <span class='ocrx_word' id='word_1_726' title='bbox 269 5045 333 5101; x_wconf 90' lang='lat' dir='ltr'><strong>data</strong></span> <span class='ocrx_word' id='word_1_727' title='bbox 346 5045 535 5118; x_wconf 86' lang='lat' dir='ltr'><strong>redemptione</strong></span> <span class='ocrx_word' id='word_1_728' title='bbox 550 5053 577 5103; x_wconf 90' lang='grc' dir='ltr'><strong>ει</strong></span> <span class='ocrx_word' id='word_1_729' title='bbox 592 5055 773 5119; x_wconf 88' lang='lat' dir='ltr'><strong>peccatorum</strong></span> <span class='ocrx_word' id='word_1_730' title='bbox 795 5049 896 5103; x_wconf 89' lang='lat' dir='ltr'><strong>remis·</strong></span> 
     </span>
     <span class='ocr_line' id='line_1_60' title="bbox 95 5133 893 5208; baseline 0.003 -19"><span class='ocrx_word' id='word_1_731' title='bbox 95 5133 183 5202; x_wconf 90' lang='lat' dir='ltr'><strong>sione,</strong></span> <span class='ocrx_word' id='word_1_732' title='bbox 197 5141 306 5206; x_wconf 90' lang='lat' dir='ltr'><strong>pactum</strong></span> <span class='ocrx_word' id='word_1_733' title='bbox 321 5135 394 5206; x_wconf 93' lang='lat' dir='ltr'><strong>quod</strong></span> <span class='ocrx_word' id='word_1_734' title='bbox 413 5135 580 5191; x_wconf 79' lang='lat' dir='ltr'><strong>habebamus</strong></span> <span class='ocrx_word' id='word_1_735' title='bbox 595 5151 657 5193; x_wconf 91' lang='lat' dir='ltr'><strong>cum</strong></span> <span class='ocrx_word' id='word_1_736' title='bbox 673 5145 759 5193; x_wconf 90' lang='lat' dir='ltr'><strong>morte</strong></span> <span class='ocrx_word' id='word_1_737' title='bbox 783 5136 893 5208; x_wconf 87' lang='lat' dir='ltr'><strong>delevit,</strong></span> 
     </span>
    </p>
   </div>
   <div class='ocr_carea' id='block_1_10' title="bbox 92 5230 895 5604">
    <p class='ocr_par' dir='ltr' id='par_1_14' title="bbox 92 5230 895 5604">
     <span class='ocr_line' id='line_1_61' title="bbox 94 5230 895 5307; baseline 0.002 -19"><span class='ocrx_word' id='word_1_738' title='bbox 94 5230 158 5288; x_wconf 71' lang='lat' dir='ltr'><strong>vite</strong></span> <span class='ocrx_word' id='word_1_739' title='bbox 174 5239 284 5288; x_wconf 78' lang='lat' dir='ltr'><strong>aeternae</strong></span> <span class='ocrx_word' id='word_1_740' title='bbox 299 5231 387 5288; x_wconf 77' lang='lat' dir='ltr'><strong>foedus</strong></span> <span class='ocrx_word' id='word_1_741' title='bbox 402 5232 545 5291; x_wconf 89' lang='lat' dir='ltr'><strong>nobiscum</strong></span> <span class='ocrx_word' id='word_1_742' title='bbox 559 5234 675 5307; x_wconf 78' lang='lat' dir='ltr'><strong>pepigit,</strong></span> <span class='ocrx_word' id='word_1_743' title='bbox 691 5242 719 5291; x_wconf 92' lang='lat' dir='ltr'><strong>et</strong></span> <span class='ocrx_word' id='word_1_744' title='bbox 732 5234 797 5290; x_wconf 92' lang='lat' dir='ltr'><strong>tanti</strong></span> <span class='ocrx_word' id='word_1_745' title='bbox 811 5243 895 5291; x_wconf 85' lang='lat' dir='ltr'><strong>testa·</strong></span> 
     </span>
     <span class='ocr_line' id='line_1_62' title="bbox 93 5327 895 5391; baseline 0.005 -7"><span class='ocrx_word' id='word_1_746' title='bbox 93 5327 180 5384; x_wconf 89' lang='lat' dir='ltr'><strong>menti</strong></span> <span class='ocrx_word' id='word_1_747' title='bbox 191 5336 393 5387; x_wconf 83' lang='lat' dir='ltr'><strong>sacramentum</strong></span> <span class='ocrx_word' id='word_1_748' title='bbox 405 5331 441 5386; x_wconf 91' lang='lat' dir='ltr'><strong>ad</strong></span> <span class='ocrx_word' id='word_1_749' title='bbox 451 5332 694 5388; x_wconf 87' lang='lat' dir='ltr'><strong>confoederandam</strong></span> <span class='ocrx_word' id='word_1_750' title='bbox 705 5333 758 5388; x_wconf 88' lang='lat' dir='ltr'><strong>sibi</strong></span> <span class='ocrx_word' id='word_1_751' title='bbox 772 5340 895 5391; x_wconf 88' lang='lat' dir='ltr'><strong>sanctam</strong></span> 
     </span>
     <span class='ocr_line' id='line_1_63' title="bbox 92 5425 895 5501; baseline 0.006 -18"><span class='ocrx_word' id='word_1_752' title='bbox 92 5425 245 5484; x_wconf 82' lang='lat' dir='ltr'><strong>Ecclesiam</strong></span> <span class='ocrx_word' id='word_1_753' title='bbox 268 5427 296 5481; x_wconf 88' lang='lat' dir='ltr'><strong>iu</strong></span> <span class='ocrx_word' id='word_1_754' title='bbox 320 5442 465 5485; x_wconf 91' lang='lat' dir='ltr'><strong>commune</strong></span> <span class='ocrx_word' id='word_1_755' title='bbox 489 5430 616 5486; x_wconf 89' lang='lat' dir='ltr'><strong>omnihus</strong></span> <span class='ocrx_word' id='word_1_756' title='bbox 640 5430 758 5501; x_wconf 88' lang='lat' dir='ltr'><strong>reliquit,</strong></span> <span class='ocrx_word' id='word_1_757' title='bbox 774 5439 803 5486; x_wconf 91' lang='grc' dir='ltr'><strong>ει</strong></span> <span class='ocrx_word' id='word_1_758' title='bbox 822 5432 895 5488; x_wconf 90' lang='lat' dir='ltr'><strong>undo</strong></span> 
     </span>
     <span class='ocr_line' id='line_1_64' title="bbox 92 5523 895 5604; baseline 0.005 -22"><span class='ocrx_word' id='word_1_759' title='bbox 92 5523 227 5584; x_wconf 73' lang='lat' dir='ltr'><strong>habenm</strong></span> <span class='ocrx_word' id='word_1_760' title='bbox 247 5532 360 5599; x_wconf 84' lang='lat' dir='ltr'><strong>gustum</strong></span> <span class='ocrx_word' id='word_1_761' title='bbox 382 5526 413 5584; x_wconf 91' lang='lat' dir='ltr'><strong>in</strong></span> <span class='ocrx_word' id='word_1_762' title='bbox 437 5528 489 5598; x_wconf 87' lang='lat' dir='ltr'><strong>via,</strong></span> <span class='ocrx_word' id='word_1_763' title='bbox 512 5529 666 5588; x_wconf 79' lang='lat' dir='ltr'><strong>sabemtem</strong></span> <span class='ocrx_word' id='word_1_764' title='bbox 687 5544 843 5604; x_wconf 73' lang='lat' dir='ltr'><strong>quaeramus</strong></span> <span class='ocrx_word' id='word_1_765' title='bbox 865 5529 895 5585; x_wconf 88' lang='lat' dir='ltr'><strong>in</strong></span> 
     </span>
    </p>
   </div>
   <div class='ocr_carea' id='block_1_11' title="bbox 948 4510 1751 5204">
    <p class='ocr_par' dir='ltr' id='par_1_15' title="bbox 948 4510 1751 5204">
     <span class='ocr_line' id='line_1_65' title="bbox 949 4510 1747 4585; baseline 0.006 -20"><span class='ocrx_word' id='word_1_766' title='bbox 949 4516 1034 4565; x_wconf 92' lang='lat' dir='ltr'><strong>ctum.</strong></span> <span class='ocrx_word' id='word_1_767' title='bbox 1053 4510 1081 4564; x_wconf 90' lang='lat' dir='ltr'><strong>Si</strong></span> <span class='ocrx_word' id='word_1_768' title='bbox 1097 4526 1164 4580; x_wconf 89' lang='lat' dir='ltr'><strong>ergo</strong></span> <span class='ocrx_word' id='word_1_769' title='bbox 1178 4512 1217 4566; x_wconf 89' lang='lat' dir='ltr'><strong>ita</strong></span> <span class='ocrx_word' id='word_1_770' title='bbox 1231 4511 1372 4575; x_wconf 84' lang='lat' dir='ltr'><strong>humiliat;</strong></span> <span class='ocrx_word' id='word_1_771' title='bbox 1397 4511 1444 4566; x_wconf 90' lang='lat' dir='ltr'><strong>ubi</strong></span> <span class='ocrx_word' id='word_1_772' title='bbox 1470 4513 1543 4584; x_wconf 86' lang='lat' dir='ltr'><strong>quod</strong></span> <span class='ocrx_word' id='word_1_773' title='bbox 1556 4529 1612 4569; x_wconf 91' lang='lat' dir='ltr'><strong>nou</strong></span> <span class='ocrx_word' id='word_1_774' title='bbox 1626 4515 1747 4585; x_wconf 81' lang='lat' dir='ltr'><strong>expedit,</strong></span> 
     </span>
     <span class='ocr_line' id='line_1_66' title="bbox 949 4599 1749 4671; baseline 0.009 -17"><span class='ocrx_word' id='word_1_775' title='bbox 949 4606 1028 4654; x_wconf 88' lang='lat' dir='ltr'><strong>sanat</strong></span> <span class='ocrx_word' id='word_1_776' title='bbox 1042 4599 1218 4671; x_wconf 85' lang='lat' dir='ltr'><strong>indulgentia,</strong></span> <span class='ocrx_word' id='word_1_777' title='bbox 1237 4607 1372 4670; x_wconf 86' lang='lat' dir='ltr'><strong>quactum</strong></span> <span class='ocrx_word' id='word_1_778' title='bbox 1395 4607 1477 4656; x_wconf 89' lang='lat' dir='ltr'><strong>nocet</strong></span> <span class='ocrx_word' id='word_1_779' title='bbox 1499 4601 1555 4671; x_wconf 92' lang='lat' dir='ltr'><strong>illa,</strong></span> <span class='ocrx_word' id='word_1_780' title='bbox 1581 4602 1624 4658; x_wconf 91' lang='lat' dir='ltr'><strong>cui</strong></span> <span class='ocrx_word' id='word_1_781' title='bbox 1648 4603 1749 4661; x_wconf 80' lang='lat' dir='ltr'><strong>divium</strong></span> 
     </span>
     <span class='ocr_line' id='line_1_67' title="bbox 948 4687 1749 4763; baseline 0.006 -21"><span class='ocrx_word' id='word_1_782' title='bbox 948 4687 1071 4743; x_wconf 88' lang='lat' dir='ltr'><strong>imminet</strong></span> <span class='ocrx_word' id='word_1_783' title='bbox 1091 4688 1286 4760; x_wconf 82' lang='lat' dir='ltr'><strong>indignationis</strong></span> <span class='ocrx_word' id='word_1_784' title='bbox 1306 4690 1443 4743; x_wconf 75' lang='lat' dir='ltr'><strong>censura?</strong></span> <span class='ocrx_word' id='word_1_785' title='bbox 1469 4689 1533 4745; x_wconf 90' lang='lat' dir='ltr'><strong>Haec</strong></span> <span class='ocrx_word' id='word_1_786' title='bbox 1557 4691 1629 4745; x_wconf 87' lang='lat' dir='ltr'><strong>enim</strong></span> <span class='ocrx_word' id='word_1_787' title='bbox 1653 4693 1749 4763; x_wconf 90' lang='lat' dir='ltr'><strong>pestis,</strong></span> 
     </span>
     <span class='ocr_line' id='line_1_68' title="bbox 949 4776 1749 4848; baseline 0.006 -17"><span class='ocrx_word' id='word_1_788' title='bbox 949 4793 1002 4846; x_wconf 87' lang='lat' dir='ltr'><strong>quo</strong></span> <span class='ocrx_word' id='word_1_789' title='bbox 1017 4792 1074 4848; x_wconf 80' lang='lat' dir='ltr'><strong>prae</strong></span> <span class='ocrx_word' id='word_1_790' title='bbox 1088 4776 1193 4832; x_wconf 85' lang='lat' dir='ltr'><strong>caeteris</strong></span> <span class='ocrx_word' id='word_1_791' title='bbox 1212 4776 1284 4832; x_wconf 91' lang='lat' dir='ltr'><strong>vitiis</strong></span> <span class='ocrx_word' id='word_1_792' title='bbox 1300 4784 1342 4831; x_wconf 91' lang='lat' dir='ltr'><strong>est</strong></span> <span class='ocrx_word' id='word_1_793' title='bbox 1356 4784 1460 4832; x_wconf 82' lang='lat' dir='ltr'><strong>naturae</strong></span> <span class='ocrx_word' id='word_1_794' title='bbox 1480 4777 1650 4848; x_wconf 88' lang='lat' dir='ltr'><strong>familiarior,</strong></span> <span class='ocrx_word' id='word_1_795' title='bbox 1666 4795 1699 4835; x_wconf 91' lang='lat' dir='ltr'><strong>ec</strong></span> <span class='ocrx_word' id='word_1_796' title='bbox 1714 4780 1749 4836; x_wconf 89' lang='lat' dir='ltr'><strong>ad</strong></span> 
     </span>
     <span class='ocr_line' id='line_1_69' title="bbox 949 4863 1749 4937; baseline 0.005 -16"><span class='ocrx_word' id='word_1_797' title='bbox 949 4864 1101 4921; x_wconf 88' lang='lat' dir='ltr'><strong>cavendum</strong></span> <span class='ocrx_word' id='word_1_798' title='bbox 1124 4863 1277 4934; x_wconf 60' lang='lat' dir='ltr'><strong>difficilium</strong></span> <span class='ocrx_word' id='word_1_799' title='bbox 1303 4865 1377 4936; x_wconf 89' lang='lat' dir='ltr'><strong>quia,</strong></span> <span class='ocrx_word' id='word_1_800' title='bbox 1395 4880 1456 4922; x_wconf 92' lang='lat' dir='ltr'><strong>cum</strong></span> <span class='ocrx_word' id='word_1_801' title='bbox 1479 4867 1627 4937; x_wconf 86' lang='lat' dir='ltr'><strong>repellitur,</strong></span> <span class='ocrx_word' id='word_1_802' title='bbox 1643 4869 1749 4925; x_wconf 92' lang='lat' dir='ltr'><strong>nolenti</strong></span> 
     </span>
     <span class='ocr_line' id='line_1_70' title="bbox 949 4953 1748 5027; baseline 0.004 -18"><span class='ocrx_word' id='word_1_803' title='bbox 949 4970 979 5010; x_wconf 90' lang='lat' dir='ltr'><strong>se</strong></span> <span class='ocrx_word' id='word_1_804' title='bbox 1003 4954 1104 5027; x_wconf 90' lang='lat' dir='ltr'><strong>ingerit</strong></span> <span class='ocrx_word' id='word_1_805' title='bbox 1127 4953 1289 5026; x_wconf 88' lang='lat' dir='ltr'><strong>importuna,</strong></span> <span class='ocrx_word' id='word_1_806' title='bbox 1314 4969 1376 5010; x_wconf 86' lang='lat' dir='ltr'><strong>curn</strong></span> <span class='ocrx_word' id='word_1_807' title='bbox 1400 4954 1560 5023; x_wconf 89' lang='lat' dir='ltr'><strong>admittitur,</strong></span> <span class='ocrx_word' id='word_1_808' title='bbox 1576 4956 1677 5013; x_wconf 91' lang='lat' dir='ltr'><strong>volenti</strong></span> <span class='ocrx_word' id='word_1_809' title='bbox 1702 4957 1748 5012; x_wconf 90' lang='lat' dir='ltr'><strong>in-</strong></span> 
     </span>
     <span class='ocr_line' id='line_1_71' title="bbox 949 5043 1751 5110; baseline 0.001 -10"><span class='ocrx_word' id='word_1_810' title='bbox 949 5043 1049 5100; x_wconf 83' lang='lat' dir='ltr'><strong>cumbit</strong></span> <span class='ocrx_word' id='word_1_811' title='bbox 1063 5043 1161 5099; x_wconf 88' lang='lat' dir='ltr'><strong>blande</strong></span> <span class='ocrx_word' id='word_1_812' title='bbox 1175 5058 1301 5110; x_wconf 82' lang='lat' dir='ltr'><strong>onerosa,</strong></span> <span class='ocrx_word' id='word_1_813' title='bbox 1319 5051 1346 5098; x_wconf 90' lang='lat' dir='ltr'><strong>ct</strong></span> <span class='ocrx_word' id='word_1_814' title='bbox 1358 5043 1424 5097; x_wconf 91' lang='lat' dir='ltr'><strong>dum</strong></span> <span class='ocrx_word' id='word_1_815' title='bbox 1448 5043 1487 5099; x_wconf 90' lang='lat' dir='ltr'><strong>sic</strong></span> <span class='ocrx_word' id='word_1_816' title='bbox 1510 5045 1611 5099; x_wconf 88' lang='lat' dir='ltr'><strong>sensim</strong></span> <span class='ocrx_word' id='word_1_817' title='bbox 1632 5044 1751 5102; x_wconf 88' lang='lat' dir='ltr'><strong>infundit</strong></span> 
     </span>
     <span class='ocr_line' id='line_1_72' title="bbox 949 5131 1745 5204; baseline 0.006 -16"><span class='ocrx_word' id='word_1_818' title='bbox 949 5149 1071 5190; x_wconf 89' lang='lat' dir='ltr'><strong>amorem</strong></span> <span class='ocrx_word' id='word_1_819' title='bbox 1081 5149 1171 5200; x_wconf 91' lang='lat' dir='ltr'><strong>suum,</strong></span> <span class='ocrx_word' id='word_1_820' title='bbox 1181 5148 1293 5204; x_wconf 91' lang='lat' dir='ltr'><strong>prorsus</strong></span> <span class='ocrx_word' id='word_1_821' title='bbox 1308 5131 1439 5203; x_wconf 85' lang='lat' dir='ltr'><strong>exstirpat</strong></span> <span class='ocrx_word' id='word_1_822' title='bbox 1449 5147 1570 5188; x_wconf 89' lang='lat' dir='ltr'><strong>amorem</strong></span> <span class='ocrx_word' id='word_1_823' title='bbox 1581 5134 1745 5194; x_wconf 88' lang='lat' dir='ltr'><strong>coelestium.</strong></span> 
     </span>
    </p>
   </div>
   <div class='ocr_carea' id='block_1_12' title="bbox 949 5230 1751 5601">
    <p class='ocr_par' dir='ltr' id='par_1_16' title="bbox 949 5230 1751 5601">
     <span class='ocr_line' id='line_1_73' title="bbox 949 5230 1750 5304; baseline 0.002 -17"><span class='ocrx_word' id='word_1_824' title='bbox 949 5232 1004 5288; x_wconf 90' lang='lat' dir='ltr'><strong>Sed</strong></span> <span class='ocrx_word' id='word_1_825' title='bbox 1018 5232 1084 5304; x_wconf 92' lang='lat' dir='ltr'><strong>quid</strong></span> <span class='ocrx_word' id='word_1_826' title='bbox 1098 5238 1209 5287; x_wconf 86' lang='lat' dir='ltr'><strong>econtra</strong></span> <span class='ocrx_word' id='word_1_827' title='bbox 1222 5230 1378 5286; x_wconf 89' lang='lat' dir='ltr'><strong>faciendum</strong></span> <span class='ocrx_word' id='word_1_828' title='bbox 1393 5238 1445 5299; x_wconf 93' lang='lat' dir='ltr'><strong>est,</strong></span> <span class='ocrx_word' id='word_1_829' title='bbox 1456 5246 1490 5287; x_wconf 93' lang='lat' dir='ltr'><strong>ne</strong></span> <span class='ocrx_word' id='word_1_830' title='bbox 1502 5232 1750 5303; x_wconf 83' lang='lat' dir='ltr'><strong>pereamus‘lQuia</strong></span> 
     </span>
     <span class='ocr_line' id='line_1_74' title="bbox 949 5328 1749 5402; baseline 0.003 -17"><span class='ocrx_word' id='word_1_831' title='bbox 949 5330 1082 5388; x_wconf 90' lang='lat' dir='ltr'><strong>advitam</strong></span> <span class='ocrx_word' id='word_1_832' title='bbox 1103 5346 1158 5385; x_wconf 94' lang='lat' dir='ltr'><strong>non</strong></span> <span class='ocrx_word' id='word_1_833' title='bbox 1179 5329 1336 5402; x_wconf 90' lang='lat' dir='ltr'><strong>pervenitur</strong></span> <span class='ocrx_word' id='word_1_834' title='bbox 1356 5328 1410 5384; x_wconf 91' lang='lat' dir='ltr'><strong>nisi</strong></span> <span class='ocrx_word' id='word_1_835' title='bbox 1433 5345 1483 5400; x_wconf 93' lang='lat' dir='ltr'><strong>per</strong></span> <span class='ocrx_word' id='word_1_836' title='bbox 1505 5338 1651 5402; x_wconf 88' lang='lat' dir='ltr'><strong>angustam</strong></span> <span class='ocrx_word' id='word_1_837' title='bbox 1676 5331 1749 5390; x_wconf 91' lang='lat' dir='ltr'><strong>viam</strong></span> 
     </span>
     <span class='ocr_line' id='line_1_75' title="bbox 949 5425 1750 5501; baseline 0.004 -19"><span class='ocrx_word' id='word_1_838' title='bbox 949 5425 1104 5496; x_wconf 69' lang='lat' dir='ltr'><strong>difficilem</strong></span> <span class='ocrx_word' id='word_1_839' title='bbox 1129 5427 1189 5499; x_wconf 89' lang='lat' dir='ltr'><strong>sed,</strong></span> <span class='ocrx_word' id='word_1_840' title='bbox 1213 5426 1374 5499; x_wconf 87' lang='lat' dir='ltr'><strong>cooperante</strong></span> <span class='ocrx_word' id='word_1_841' title='bbox 1388 5428 1457 5494; x_wconf 91' lang='lat' dir='ltr'><strong>Dec,</strong></span> <span class='ocrx_word' id='word_1_842' title='bbox 1472 5443 1528 5483; x_wconf 91' lang='lat' dir='ltr'><strong>uon</strong></span> <span class='ocrx_word' id='word_1_843' title='bbox 1548 5427 1750 5501; x_wconf 89' lang='lat' dir='ltr'><strong>impossibilem</strong></span> 
     </span>
     <span class='ocr_line' id='line_1_76' title="bbox 949 5509 1751 5601; baseline 0.004 -19"><span class='ocrx_word' id='word_1_844' title='bbox 949 5509 1141 5599; x_wconf 88' lang='lat' dir='ltr'><strong>ingrediamur</strong></span> <span class='ocrx_word' id='word_1_845' title='bbox 1162 5526 1299 5598; x_wconf 84' lang='lat' dir='ltr'><strong>semitam,</strong></span> <span class='ocrx_word' id='word_1_846' title='bbox 1313 5534 1343 5584; x_wconf 92' lang='lat' dir='ltr'><strong>ut</strong></span> <span class='ocrx_word' id='word_1_847' title='bbox 1355 5525 1419 5599; x_wconf 89' lang='lat' dir='ltr'><strong>quia</strong></span> <span class='ocrx_word' id='word_1_848' title='bbox 1432 5526 1554 5585; x_wconf 87' lang='lat' dir='ltr'><strong>humana</strong></span> <span class='ocrx_word' id='word_1_849' title='bbox 1567 5542 1623 5586; x_wconf 90' lang='lat' dir='ltr'><strong>uon</strong></span> <span class='ocrx_word' id='word_1_850' title='bbox 1633 5524 1751 5601; x_wconf 87' lang='lat' dir='ltr'><strong>prolici-</strong></span> 
     </span>
    </p>
   </div>
   <div class='ocr_carea' id='block_1_13' title="bbox 0 0 1856 6000">
    <p class='ocr_par' dir='ltr' id='par_1_17' title="bbox 0 0 1856 6000">
     <span class='ocr_line' id='line_1_77' title="bbox 0 0 1856 6000; baseline 0 8"><span class='ocrx_word' id='word_1_851' title='bbox 0 0 1856 6000; x_wconf 95' lang='lat' dir='ltr'><strong> </strong></span> 
     </span>
    </p>
   </div>
  </div>
 </body>
</html>
