3728 6000
100 245 141 300 lat
543 240 668 300 Tentat
686 242 892 302 chnomcott
911 244 1206 304 aabatbtacertstt.
1226 278 1260 291 —
1279 249 1341 303 tte.
1363 251 1399 306 tt.

1699 254 1750 312 tas

101 368 156 421 liter
176 369 332 434 permotus,
356 366 437 421 mittit
464 381 481 421 s
506 365 593 422 latere
620 384 669 421 sno
691 381 722 422 ac
749 369 899 424 consolari·
916 370 944 428 Α
958 373 1123 432 extraneas,
1137 374 1165 424 et
1181 388 1196 423 a
1212 373 1335 443 propriis
1351 371 1460 427 redibas
1473 373 1620 446 expulsos,
1640 391 1706 445 qnos
1723 381 1757 432 tu

99 457 160 510 dum
178 472 276 528 regem
290 456 459 511 venerabiles
475 455 628 525 episcopos.
648 456 810 513 Gaulridum
826 459 901 513 Cata·

99 544 268 612 leonensem,
284 551 312 599 et
327 545 480 599 blatthrrum
494 546 685 613 albanensem,
706 545 752 616 qui
778 562 812 601 ex
827 546 902 617 prio·

101 643 160 688 rstn
178 633 256 689 Beati
275 633 382 688 tter-tini
401 631 435 688 de
450 633 560 704 Campis
574 649 623 703 per
638 635 787 688 donarium
803 650 903 705 papam

100 722 217 778 Romam
238 730 358 789 sumtus,
371 729 398 777 et
417 721 452 777 ad
470 725 657 792 episcopatum
673 721 760 777 iuerat
774 723 905 794 subroga-

102 818 154 865 tus.
176 811 266 865 initur
287 810 440 873 consilium,
463 818 491 864 ut
505 826 553 865 rex
573 811 733 879 quantocius
755 811 788 865 ad
810 811 905 867 conci·

102 898 172 954 lium
189 908 357 971 properaret,
372 906 400 954 et
412 898 579 954 Ludoricum
596 898 690 964 lilium,
707 900 753 971 qui
768 909 830 970 past
848 899 906 954 Phi·

100 987 205 1059 bppum
221 997 300 1043 nctus
314 997 382 1057 erat,
404 990 567 1060 subrogaret
588 989 614 1040 in
635 1004 740 1060 regem.
758 989 840 1057 igitur
858 1004 906 1044 rex

100 1077 255 1133 ludovicus
268 1078 312 1132 die
332 1076 443 1132 sabbati
454 1093 516 1131 curn
532 1076 648 1131 Radullo
663 1076 907 1132 vermendensium

98 1165 210 1230 comite,
237 1164 283 1234 qui
307 1164 359 1220 sibi
382 1175 517 1235 cognatus
539 1174 568 1219 et
587 1165 673 1233 major
697 1166 783 1235 regiae
809 1165 908 1219 alamus

100 1260 169 1321 erat,
197 1252 344 1323 multisque
370 1253 538 1308 Francorum
567 1252 737 1323 proceribus,
762 1253 908 1309 concilium

101 1343 268 1414 ingreditur,
292 1341 407 1396 tribunal
433 1341 566 1407 ascendit,
590 1341 694 1396 damini
728 1359 804 1413 papae
825 1341 908 1412 pedes

103 1430 254 1492 osculatur,
274 1429 354 1499 juxta
369 1446 449 1501 quem
469 1429 600 1484 cathedra
623 1431 712 1500 posita
726 1431 806 1493 sedit,
824 1446 908 1499 panca

103 1536 152 1591 pro
177 1518 234 1573 atto
258 1518 387 1573 defuncto
416 1519 561 1589 peroravit,
590 1533 687 1572 amares
704 1519 737 1572 ad
773 1519 908 1589 lacrymas

956 458 1193 530 primusunaium
1204 476 1254 531 pro
1262 462 1412 516 antoreDrr'
1420 466 1448 516 et
1456 464 1531 517 benit
1541 464 1618 519 Petri
1627 464 1657 519 irs
1666 481 1751 537 mano

958 551 1006 602 tao
1016 546 1330 620 horroridcesuscepisti.
1341 551 1478 622 obsequiis
1487 551 1644 615 honorasti,
1653 552 1756 615 benesi-

957 637 1756 711 ciisaaerastiJ’rddattibiDomiaasricemetperprtuam

958 726 1125 790 mercedem,
1134 728 1246 782 domine
1261 744 1323 792 rex,
1334 729 1366 783 ia
1374 730 1472 790 iliade
1483 745 1537 797 qua
1547 729 1668 800 pluriosa
1678 730 1757 786 dieta

959 819 1036 877 ruat.
1049 817 1175 879 civitate,
1192 817 1223 870 ia
1236 833 1290 888 qua
1299 820 1341 872 est
1356 818 1413 871 rita
1423 832 1485 872 sme
1496 824 1594 879 morte.
1606 820 1757 875 eternitas

959 904 1239 974 analemmatorum
1247 907 1309 960 sine
1320 905 1390 973 fiae.
1404 905 1493 974 liujus
1504 904 1633 961 orationis
1643 905 1760 961 mirabili

960 993 1033 1048 velut
1045 993 1164 1048 antidoto
1177 993 1297 1048 saucium
1312 1009 1359 1048 cor
1374 994 1447 1065 regis
1463 1002 1575 1049 sanctus
1593 996 1759 1064 apostolicus

959 1081 1093 1136 delinivit.
1117 1084 1154 1137 lic
1178 1082 1301 1152 protinus
1321 1099 1438 1152 surgens
1466 1083 1492 1137 in
1515 1083 1606 1153 pedes,
1631 1090 1758 1141 oratione

961 1171 1111 1234 Donrinica,
1134 1170 1205 1225 sicut
1228 1186 1289 1225 mos
1314 1171 1480 1226 Christianus
1500 1173 1595 1242 exigit,
1622 1171 1692 1227 dicta
1707 1172 1757 1227 sub

961 1259 1077 1325 silentio,
1093 1260 1171 1330 pueri
1186 1259 1306 1315 defuncti
1324 1261 1444 1315 enimam
1467 1260 1593 1315 absolvit.
1619 1260 1686 1315 Dein
1708 1277 1758 1316 ar·

961 1350 1159 1418 chiepiscopos‚
1184 1349 1339 1418 episcopos,
1363 1349 1484 1410 abbates,
1506 1365 1554 1420 per
1575 1349 1758 1405 obedientiam

962 1438 1074 1496 monuit,
1097 1445 1229 1506 quatenus
1248 1438 1333 1492 sacris
1352 1447 1432 1507 atque
1453 1437 1567 1502 lestiris,
1593 1438 1661 1492 sicut
1682 1447 1759 1494 erant

961 1529 988 1581 ia
1003 1536 1146 1587 conventu.
1163 1526 1283 1580 restibus
1298 1525 1393 1589 iiuluti,
1413 1526 1457 1581 die
1479 1527 1605 1588 crastina,
1621 1542 1681 1595 quae
1700 1528 1758 1582 Do-

105 1609 243 1663 exatavit.
259 1607 333 1677 Papa
349 1621 413 1662 vero
428 1606 455 1660 in
476 1622 569 1678 regern
589 1616 752 1661 convertens
771 1607 906 1669 inbutum.
964 1616 1061 1670 minan
1077 1616 1163 1668 turino
1178 1624 1246 1675 arar,
1268 1630 1328 1668 sese
1350 1621 1583 1684 repraesentarent,
1609 1622 1635 1669 et
1655 1629 1756 1672 conse-

106 1699 146 1752 8ἰῦ
168 1713 248 1751 Orsus
263 1705 303 1751 esi
319 1695 523 1767 sdritolldrlel,
544 1696 638 1765 inquii,
663 1701 701 1760 id,
718 1712 770 1751 rex
792 1698 907 1766 aptiore,
922 1725 949 1785 B
964 1704 1075 1762 ommni
1090 1704 1151 1758 novi
1168 1703 1242 1775 regis
1258 1703 1430 1758 interessent,

106 1786 464 1860 wimbermbffiffltbssm
473 1784 909 1856 Frssbssotbmttnlssmltbetl'm·
996 1797 1080 1867 igitur
1095 1809 1127 1848 eo
1150 1792 1193 1846 dic
1215 1793 1295 1846 solito
1318 1792 1416 1847 clarior
1440 1793 1479 1848 sol
1503 1794 1600 1857 illuxit,
1625 1802 1651 1851 et
1676 1794 1759 1851 rebus

107 1880 233 1947 perium,
251 1874 287 1929 bd
303 1875 383 1928 filimi
394 1875 500 1929 Summi
517 1875 605 1943 sst'tl’b
622 1889 672 1944 W
682 1889 763 1943 quem
776 1888 852 1943 fedei
867 1887 910 1927 l'ss·
961 1884 1076 1955 agendis
1090 1897 1167 1935 snum
1184 1881 1345 1948 obsequium
1368 1890 1482 1935 orurrler
1505 1893 1667 1952 praesentare
1681 1885 1760 1939 visus

102 1967 206 2034 ebant.
223 1963 532 2034 majetlsslethtstt
544 1963 638 2017 00b¹0⁸
653 1963 794 2019 ailoilt'rt·
807 1967 833 2015 el
846 1962 907 2024 tim
961 1982 1012 2029 est.
1037 1973 1108 2041 Papa
1125 1985 1203 2024 mana
1226 1984 1332 2022 summo
1348 1969 1381 2022 de
1396 1970 1494 2038 palatio
1521 1971 1655 2041 pontilicis
1677 1988 1758 2043 egre·

102 2052 448 2124 Wiuniaissml'ei'mia
459 2053 600 2107 venerari·
615 2050 676 2121 Ilm
684 2053 758 2104 enim
769 2050 907 2118 dubitasti
961 2064 1038 2118 diens
1052 2077 1112 2116 cunr
1128 2060 1184 2113 suis
1198 2056 1344 2111 caritatibus¹
1359 2067 1386 2111 et
1406 2059 1628 2129 archiepiscopis.
1650 2076 1759 2131 episco-

102 2143 257 2213 0m'12'0‘l1‘2'
271 2143 380 2197 cmvii
393 2141 535 2203 ‘’mm“
553 2154 679 2194 ‘tmuium
696 2138 907 2193 iabffliissim·
960 2152 1002 2222 pis
1017 2161 1043 2206 et
1070 2147 1222 2211 abhatibus,
1245 2146 1279 2200 ad
1304 2145 1446 2200 ecclesiam
1464 2147 1535 2201 beati
1561 2149 1688 2221 Remigii,
1712 2148 1759 2205 nbi

102 2237 186 2301 tiam,
198 2238 231 2291 irs
238 2237 429 2291 universitate
449 2251 546 2290 rerum
557 2236 632 2290 nibil
644 2235 758 2290 omnino
771 2234 813 2288 ael
824 2235 907 2304 sarit,
961 2250 1012 2290 rex
1028 2250 1088 2289 cunr
1104 2231 1159 2285 lilio
1175 2231 1324 2299 hospitatus
1338 2238 1405 2291 erat,
1426 2231 1554 2300 perrexit,
1578 2241 1602 2286 et
1616 2248 1678 2287 curn
1702 2248 1759 2286 ma·

101 2327 145 2381 oei
166 2326 232 2394 lieri
252 2325 398 2396 permittit
429 2324 547 2394 injaste,
571 2326 698 2394 quamuis
723 2325 814 2377 ruralia
835 2323 909 2388 fiatri
961 2340 1016 2397 gna
1031 2323 1176 2376 devotione
1196 2328 1279 2390 atque
1304 2318 1478 2386 processione
1492 2321 1688 2376 monachorum
1707 2321 1758 2376 de-

100 2414 224 2484 iniusta.
234 2413 336 2468 liorem
348 2413 431 2467 habet
442 2414 492 2467 itte
501 2414 647 2483 piissimus
658 2413 804 2473 Dominus,
816 2409 908 2465 aboas
962 2412 1120 2469 cautissime
1135 2409 1288 2477 suscipitur.
1305 2407 1399 2476 Ibique
1414 2407 1528 2462 Romani
1546 2407 1683 2478 pontheis
1697 2425 1760 2465 om-

101 2519 154 2559 res
168 2507 178 2556 l
192 2501 291 2571 fideles
313 2517 378 2556 suas
405 2504 433 2556 et
455 2500 689 2571 prosperitatibus
709 2498 860 2561 consolari,
879 2501 907 2553 et
962 2502 1043 2555 nibus
1065 2498 1217 2569 insignibus
1241 2496 1362 2559 indutus,
1388 2511 1419 2550 ac
1443 2504 1472 2551 ut
1486 2497 1537 2551 sihi
1558 2498 1761 2554 consuetudinis

99 2588 910 2658 aaaersttattbaserrabasauteatmtasanctaScriptu-
962 2597 1043 2645 estrn
1069 2587 1152 2642 sacris
1175 2585 1336 2657 magnisque
1362 2584 1559 2653 festivitatibus,
1579 2587 1657 2658 frigio
1676 2602 1759 2642 coro-

101 2680 274 2751 ralepimaa
288 2679 558 2752 quoeejaslipistala
570 2678 604 2734 de
617 2680 684 2734 celo
695 2693 746 2749 per
762 2677 906 2747 Spiritum
963 2688 1051 2741 natira,
1080 2675 1222 2730 innumere
1251 2672 1426 2727 ecclesiastici
1455 2681 1534 2744 atque
1564 2675 1686 2729 militaris
1714 2689 1760 2730 ot·-

101 2768 336 2823 saactumadaos
344 2769 375 2821 in
386 2770 463 2822 terra
470 2767 575 2837 positos
590 2765 699 2820 directa
708 2768 761 2828 est,
775 2766 909 2834 ipseper·
962 2766 1042 2831 dinis,
1060 2765 1201 2835 plebisque
1217 2762 1388 2816 multitudine
1413 2763 1592 2832 constipatus,
1607 2762 1641 2817 ad
1666 2763 1761 2819 ercle-

100 2852 909 2924 cartretmeaerarttobr,18),etrtapettaromnematrum
961 2855 1029 2908 siam
1045 2852 1194 2917 oratricem,
1215 2865 1275 2921 quae
1298 2850 1324 2903 in
1340 2850 1443 2904 honore
1463 2849 1550 2905 heatae
1574 2851 1663 2907 Maria
1691 2865 1761 2907 con·

100 2940 911 3019 qoemailiait(Hebr.x11,b).uEpa,iaqait.occidam,ei
963 2949 1068 2997 sacrata
1087 2949 1138 3009 est,
1154 2955 1214 2993 cnm
1235 2953 1319 3009 puero
1335 2939 1516 2993 consecrando
1530 2942 1666 3009 pervenit.
1694 2946 1761 3017 hale

101 3035 253 3105 eporioere
263 3031 564 3103 saciant,percatiam,
584 3034 613 3086 et
627 3046 676 3101 epo
691 3027 904 3097 saaaboffleat.
965 3032 1036 3087 lares
1051 3030 1173 3086 ecclesiae
1189 3043 1235 3083 eos
1250 3027 1443 3097 exspectabant
1465 3044 1522 3093 rex,
1550 3044 1677 3097 proceres
1700 3029 1762 3098 ejus

101 3137 198 3186 xxsrr,
220 3123 277 3193 aa).
290 3142 301 3169 a
312 3119 486 3177 beadettcet
498 3120 588 3179 hamo.
601 3119 851 3190 qaiadirnaqinem
861 3117 909 3170 Dei
924 3077 949 3141 C
963 3118 1169 3189 archiepiscopi,
1191 3116 1302 3187 qnidam
1331 3116 1460 3185 episcopi,
1484 3117 1607 3179 abbates,
1626 3116 1760 3184 monachi,

101 3213 237 3268 contium
248 3214 331 3265 mitt
343 3210 619 3280 ltssbtbltttionitbd
628 3206 910 3273 bviasmarmtttattr
963 3208 1097 3271 canonici,
1115 3205 1215 3268 cleriei,
1231 3204 1448 3267 conscholastici,
1465 3204 1510 3273 qni
1525 3207 1559 3258 de
1572 3206 1688 3259 dirersis
1702 3205 1763 3260 Gal·

104 3302 236 3356 tenebras
244 3298 395 3355 denotatas
404 3301 457 3359 est,
467 3312 519 3369 pro
531 3298 628 3367 patria
642 3297 746 3367 altipat
761 3296 909 3356 ersilium,
964 3299 1007 3353 tiae
1017 3314 1048 3352 ac
1063 3296 1220 3352 Germaniae
1236 3293 1355 3363 partibas
1368 3294 1401 3346 ad
1412 3293 1554 3346 concilium
1567 3292 1761 3348 confluxerant.

102 3389 153 3445 sed
175 3388 346 3459 qaantocius
377 3385 471 3442 redire
493 3386 611 3455 lestines
633 3385 669 3439 ad
691 3384 832 3452 diemde
855 3398 911 3454 qua
965 3380 1511 3451 intrantecelesiam,puer-amarlaltare
1540 3388 1712 3447 praesentant.
1737 3388 1764 3437 et

102 3475 355 3549 pereuriaaturin
380 3476 475 3536 terris,
501 3474 644 3530 caelestem
660 3473 805 3527 civitatem
822 3487 911 3526 saar·
964 3478 1026 3531 oleo
1041 3469 1576 3544 qaosanctusttenngru-perangelicem
1592 3468 1764 3526 manumsibi

105 3571 167 3621 tam
183 3565 372 3629 Hierusalem,
387 3564 470 3635 cujus
492 3563 684 3634 fundamenta
703 3567 770 3617 sant
786 3562 817 3616 ia
832 3576 913 3615 raon·
965 3571 1128 3636 praesentato
1139 3561 1306 3615 Clodoreum
1319 3573 1411 3626 regern
1425 3557 1587 3611 Francorum
1600 3559 1625 3611 in
1637 3557 1765 3613 thristia-

104 3654 181 3710 tibus
204 3656 325 3721 sanctis,
348 3651 399 3708 hoc
423 3656 466 3707 est
493 3653 524 3707 ia
549 3653 684 3721 apostolis
707 3655 822 3705 nostris.
850 3663 911 3719 quas
965 3669 1028 3707 num
1047 3659 1177 3712 nrrxerat,
1195 3648 1337 3719 puerulum
1363 3646 1457 3701 dotem
1481 3662 1568 3701 annos
1589 3647 1648 3716 plus
1674 3647 1765 3703 minus

103 3759 223 3799 sursum
237 3746 289 3804 esi,
304 3757 366 3812 (ματ
382 3745 424 3794 eti
434 3744 528 3795 mater
542 3744 657 3795 bostra·
674 3737 911 3794 Adttenoetiettt'm
965 3742 1110 3798 habentem
1126 3754 1186 3794 cunr
1204 3739 1306 3808 ingenti
1319 3737 1433 3805 tripudio
1447 3736 1574 3789 dontinus
1590 3752 1765 3804 papaconse·

104 3846 209 3887 sumus
222 3834 251 3885 ei
262 3829 416 3901 perecrini,
432 3830 508 3883 sicut
524 3844 619 3884 amnes
629 3833 726 3899 patres
741 3828 845 3890 aostri,
860 3840 912 3880 aec
966 3830 1060 3886 ararit.
1071 3829 1187 3883 Fuerunt
1199 3826 1514 3896 ‹pridicerentaunqnam
1527 3825 1551 3876 in
1562 3824 1675 3879 Francia
1686 3824 1765 3880 sinrul

105 3920 244 3976 bahem
255 3918 300 3974 ilic
313 3921 479 3973 mmmm
490 3917 646 3980 fiilialem»
658 3916 707 3971 ⁸04
722 3913 912 3982 iblurssmib·
966 3916 1199 3975 evenisseconcilii
1215 3914 1438 3977 celebrationem,
1464 3923 1491 3966 et
1510 3913 1545 3966 eh
1562 3914 1620 3983 ipso
1643 3915 1765 3969 Romano

105 4007 304 4081 Wifimubln
319 4022 426 4062 mum
439 4007 493 4061 ⁰⁶⁰
512 4007 677 4077 perenniter
694 4002 913 4072 williwaldi&
966 4014 1093 4086 pontilice
1109 4013 1208 4067 iactam
1232 4009 1304 4081 regis
1329 4010 1573 4064 coirsecretionem.
1600 4010 1692 4078 ltaque
1715 4024 1766 4065 rex

105 4094 542 4165 0⁰m⁰10⁸i50⁰⁰fl⁶¹⁴ll¹⁹⁸00nii⁰⁸
549 4093 864 4149 ”ilssflisstfflllffliffl'li-
873 4089 912 4144 Ad
968 4103 1128 4167 Ludovicus,
1140 4107 1246 4169 sumpta
1257 4106 1317 4168 post
1330 4097 1548 4152 lamentationem
1567 4098 1763 4166 consolatione,

107 4181 911 4256 eamfiil'm‘¹⁴¹⁴''illlllh'ssiiaiii0²57171003215503l³ll⁶itilii·
967 4211 1028 4250 curn
1047 4207 1165 4261 conjuge
1180 4198 1207 4243 et
1220 4186 1275 4241 irlio
1289 4195 1315 4240 et
1331 4187 1402 4241 curia
1418 4187 1451 4241 ad
1467 4186 1607 4241 tractanda
1620 4187 1699 4260 regni
1713 4204 1765 4243 ne-

107 4275 214 4347 praeit.
234 4273 344 4329 Talium
357 4272 485 4328 ‘mmm
498 4287 619 4343 reanum
633 4268 914 4337 caei⁰film·⁰⁰vl'dr⁰
967 4283 1041 4356 gotia
1070 4295 1195 4335 reversus
1217 4286 1267 4331 est.
1291 4275 1425 4330 Caeterum
1448 4275 1492 4329 die
1516 4276 1632 4329 crastina
1655 4275 1765 4331 domino

105 4368 181 4421 ¹⁹⁶²!
188 4363 323 4433 inimi*
339 4361 608 4433 “dfimxssmllissl'
621 4361 759 4415 virtulum
769 4357 913 4421 stibium
967 4386 1045 4443 papae
1059 4369 1087 4423 in
1102 4366 1218 4425 concilio
1230 4364 1358 4419 residenti
1374 4379 1422 4433 per
1436 4363 1581 4434 quemdam
1597 4363 1766 4435 hlagdebur-

105 4447 789 4522 filiminimi‘lndb‘w‘rei,blaviiiimlliffl'mi
808 4464 817 4509 ι’
835 4449 911 4516 lim·
926 4437 953 4498 Ῑ)
968 4475 1081 4533 gensem
1097 4455 1335 4525 archiepiscopum
1350 4454 1390 4524 (3)
1406 4460 1576 4523 praesentatae
1591 4462 1653 4506 sunt
1669 4452 1765 4508 litterae

108 4534 913 4611 quanoemmortuusaaatiatusest‚decrnereetciliciaia
968 4547 1127 4604 „pomario
1144 4560 1209 4617 pege
1224 4546 1448 4607 alamannorum,
1473 4542 1498 4595 in
1520 4541 1616 4610 qulbus
1632 4556 1725 4594 rursus
1740 4547 1767 4596 er

106 4645 163 4703 quo
164 4629 279 4701 pacabat
285 4630 463 4693 exsurrexit,
476 4626 706 4685 restesmutarit,
716 4638 820 4678 manus
832 4622 912 4687 labit,

107 4711 910 4787 adconciviumfamiliamcoarocaait.[inpassibileerrim

108 4810 219 4863 estnon
224 4807 290 4874 fieri
300 4804 370 4876 quod
375 4806 486 4875 facium
495 4808 548 4870 est,
559 4809 585 4858 et
594 4803 697 4858 sciebat
706 4803 747 4857 air
755 4798 913 4865 Deoplenus

107 4890 914 4967 quaatnmpeccaret.quidiriaoeiustilicerelratocoatra·

107 4985 176 5040 iret.
187 4986 299 5056 Depone
307 4980 570 5053 nuacmiturbaac,
580 4997 664 5053 qaam
676 4978 916 5048 tibicaraulispe·

108 5072 361 5144 seravitatsectus,
374 5087 457 5140 qaam
464 5068 805 5141 pectorenattuqaeaeris,
821 5066 913 5122 animi

110 5163 289 5227 mestitiam,
309 5164 375 5233 quia
391 5160 440 5232 qai
454 5158 507 5214 sibi
517 5173 607 5214 anam
619 5174 711 5212 secam
725 5164 911 5229 repaatarum

108 5252 245 5322 suscepit.
252 5250 406 5321 pluresqai
413 5252 510 5320 pastea
519 5262 638 5319 reamare
647 5250 759 5316 possent
770 5246 819 5300 tibi
830 5244 912 5300 dere-

110 5341 208 5414 liquit.
218 5339 394 5396 bebesetiam
409 5342 436 5394 et
446 5353 495 5393 aas
506 5337 777 5401 commanserant
786 5334 912 5391 homines

159 5476 187 5546 3)
203 5473 330 5532 Sanctum
344 5473 518 5530 Norbertum.

157 5549 188 5619 i>
202 5548 308 5620 Nempe
322 5546 457 5603 ltslicsm.

967 4635 1121 4710 obedientia
1131 4633 1302 4705 promittitur,
1313 4638 1339 4683 et
1350 4630 1420 4698 quod
1432 4629 1502 4681 seed
1515 4628 1715 4697 expeditionem
1725 4628 1765 4700 (i)

967 4752 1027 4793 carn
1043 4734 1144 4789 viribus
1156 4730 1286 4786 omnibus
1296 4728 1372 4799 regni
1383 4725 1424 4779 sui
1436 4733 1601 4796 praepararet
1615 4726 1764 4781 intimatur.

969 4832 1098 4889 Similiter
1126 4829 1205 4884 etiem
1230 4844 1280 4881 rex
1303 4825 1454 4895 hraglorum
1481 4823 1613 4877 ilenricus
1637 4840 1684 4894 per
1705 4824 1766 4879 Hu-

967 4946 1067 5004 gonem
1092 4927 1324 4995 archepiscopum
1351 4921 1608 4993 Rothomngensem.
1629 4929 1655 4977 et
1681 4938 1765 4979 orna-

968 5029 1086 5084 tissimas
1103 5026 1204 5081 litteras
1219 5023 1301 5087 misit,
1318 5029 1344 5076 et
1368 5018 1475 5073 fidetem
1500 5018 1680 5074 obedientiam
1696 5037 1764 5091 pro-

968 5130 1047 5183 misit.
1079 5127 1170 5196 Reges
1195 5136 1303 5193 (qnoque
1337 5116 1470 5172 citerioris
1499 5117 1644 5185 hispaniae,
1674 5118 1766 5172 senior

967 5227 1141 5281 llihletunsns
1154 5221 1205 5292 (i),
1228 5230 1252 5273 et
1270 5215 1407 5271 in·eriur·is
1420 5214 1513 5285 junior
1527 5214 1703 5268 liildelunsns
1726 5216 1764 5285 (6)

967 5326 1060 5381 missis
1075 5341 1122 5395 per
1136 5323 1283 5392 episcopos
1295 5331 1407 5378 suarum
1423 5314 1624 5384 provinciarum
1640 5311 1764 5383 epistolis

1001 5462 1040 5532 (5)
1051 5458 1159 5514 Scilicet
1170 5455 1322 5523 alptronsus
1335 5452 1367 5505 Vl
1380 5449 1523 5514 aragoniae
1533 5457 1560 5503 et
1570 5447 1693 5505 bavarie
1703 5464 1764 5508 rex.

1000 5536 1040 5604 (6)
1054 5529 1167 5587 Scilicet
1175 5530 1332 5598 alphonsus
1344 5523 1401 5592 Vll,
1417 5521 1543 5578 Castebae
1552 5534 1610 5576 rex.
