3728 6000
406 214 531 284 mmai
564 210 774 282 'carolinus
809 208 1110 281 dabaminddrtsa.
1146 254 1181 265 -
1211 222 1277 280 iia.
1308 223 1358 280 iii.

460 441 708 548 INCIPIT
749 454 944 543 IilBEIl
980 449 1296 550 TERTIUS.

93 832 134 887 Bc
149 831 233 903 igitur
249 835 372 899 tempore
386 841 442 897 quo
456 824 641 889 Innocentius,
653 824 774 880 Honorio
781 823 860 880 dece
873 824 902 885 A
917 824 1079 880 multimoda
1092 824 1128 880 ibi
1140 841 1319 897 expensanim
1348 826 1416 883 iacta
1434 827 1515 883 luerit
1545 827 1709 885 munificen-

57 922 155 984 dente,
172 921 207 974 sd
221 919 344 991 agendas
353 916 427 972 vices
442 913 738 984 apostolicasrecenter
753 928 860 978 promo-

58 1020 111 1073 tns,
122 1018 187 1081 post
202 1008 353 1063 solemnem
363 1004 467 1060 concilii
487 1002 698 1058 celebrationem
713 1016 729 1055 a
746 1002 856 1057 Fiancia

58 1097 214 1168 repedavit,
251 1095 425 1152 Guillelmum
464 1093 634 1148 Pietavorum
668 1092 794 1147 comitem
827 1090 861 1144 ad

60 1188 91 1244 S.
107 1186 242 1243 Iacobum
253 1200 369 1256 peregre
384 1182 582 1254 profectionem
590 1196 751 1254 agaressiim
763 1194 861 1249 aspera

59 1276 220 1332 infirmitate
234 1273 360 1337 detineri,
378 1282 404 1327 el
418 1287 506 1343 usque
533 1272 568 1326 ad
597 1270 689 1325 mortis
713 1267 857 1323 ‹litliciitta-

59 1373 114 1422 tem
131 1365 249 1437 contigit
259 1363 381 1435 perduci.
397 1362 447 1417 llic
462 1363 554 1432 itaque
571 1376 634 1415 cnm
650 1374 666 1414 a
681 1359 737 1413 [iro
754 1359 861 1427 provisa

61 1444 861 1524 fatalisiilioccasio(ilpropinquassetetinerrabilemspi·

59 1543 131 1599 ritus
140 1542 344 1598 exhalationem
360 1539 412 1596 sibi
427 1537 763 1606 imminerecoiispiceret,
781 1543 861 1590 terrae

60 1647 118 1688 suia
132 1646 262 1702 proceres
276 1639 303 1686 et
317 1631 464 1701 optimates
480 1628 645 1693 accersiens,
659 1641 707 1681 eos
735 1625 861 1680 coactitio

57 1719 239 1793 iurisiurandi
254 1720 362 1775 vinculo
377 1718 547 1782 constrinxit,
561 1725 588 1771 ut
603 1714 684 1769 filiam
714 1731 790 1769 suam
807 1715 860 1768 Lu·

60 1809 160 1865 device
189 1808 264 1881 regis
294 1807 428 1865 Ludovici
456 1805 511 1863 filio
539 1805 746 1875 copularent,et
762 1813 861 1857 terram

59 1914 139 1954 suam
154 1898 290 1952 ainbobus
303 1897 452 1953 secundum
482 1894 704 1953 consuetudinem
732 1892 861 1949 connubii

59 1988 260 2058 manciparent.
290 1983 611 2056 lpsevaruGuillelmus.
637 1981 720 2036 rebiis
735 1981 861 2035 liumaiiis

59 2078 221 2143 exemptus,
251 2069 278 2124 iri
308 2069 405 2124 eadem
434 2067 735 2124 ecclesialleatilaecbi
765 2075 860 2120 esttii·

916 913 960 978 tia,
979 914 1021 969 viii
1037 914 1117 968 Tullii
1132 931 1179 970 ore
1195 914 1321 986 proferri,
1338 917 1380 971 vol
1394 918 1526 985 regalium
1539 919 1710 974 territorum

914 1009 941 1057 et
957 1002 1117 1058 deliciarum
1133 1005 1260 1073 preciosa
1274 1005 1390 1060 varietas
1410 1007 1457 1059 illa
1471 1008 1639 1062 memorabili
1654 1008 1709 1064 Se·

916 1104 992 1145 nacae
1018 1099 1111 1160 posset
1133 1094 1264 1146 memoria
1278 1094 1480 1162 comprehendi.
1498 1096 1583 1167 Igitur
1598 1097 1710 1151 univer-

914 1178 952 1232 sis
968 1180 1119 1248 Aquitania
1142 1180 1313 1248 pontilicibus
1331 1199 1391 1236 ciiin
1420 1183 1630 1254 archiepiscopo
1660 1201 1711 1242 suc

915 1266 1049 1322 Gautiido
1072 1269 1230 1334 astantibus,
1249 1271 1401 1326 ludovicus
1416 1280 1456 1325 est
1485 1273 1581 1343 puella
1600 1274 1711 1330 nomine

914 1356 1031 1410 AEnorde
1048 1357 1129 1428 iegati
1154 1358 1262 1412 viuculo
1276 1360 1403 1415 sociatus.
1420 1361 1515 1430 Ibique
1540 1372 1653 1435 uterque
1669 1369 1712 1418 est

914 1445 1087 1516 impositione
1109 1462 1251 1501 aureorum
1267 1447 1448 1502 diadematum
1478 1448 1636 1521 insignitus.
1669 1451 1711 1505 lbi

915 1533 1335 1590 etiambudcvicusfidelitatum
1361 1545 1389 1590 et
1417 1539 1604 1608 bomogiorum
1634 1548 1712 1609 pacta

915 1623 1028 1693 accepit,
1046 1632 1072 1678 et
1087 1623 1113 1678 in
1130 1625 1240 1694 proprio
1256 1626 1359 1679 babere
1373 1629 1465 1696 erepit.
1482 1626 1535 1680 Sed
1551 1629 1615 1698 quia
1638 1628 1710 1683 diem

915 1726 967 1766 nox
1000 1712 1109 1781 premit,
1136 1714 1275 1768 etcrebro
1300 1723 1435 1769 mutantur
1466 1716 1541 1771 vices
1577 1716 1713 1773 felicitatis

915 1802 1049 1864 humane,
1064 1800 1181 1868 fortuna,
1198 1819 1259 1869 quse
1273 1803 1321 1857 sibi
1337 1803 1364 1857 in
1393 1803 1537 1871 magnifica
1561 1805 1633 1860 illius
1660 1806 1712 1861 ho·

916 1888 1085 1961 norisgloria
1101 1890 1197 1943 hilaris
1211 1907 1244 1945 ac
1260 1892 1321 1945 laeta
1334 1892 1479 1956 adriserat,
1496 1895 1608 1948 drmuin
1621 1895 1711 1950 ruttns

914 1978 956 2031 sui
968 1979 1152 2048 deceptorium
1165 1978 1285 2032 colorem
1302 1982 1427 2044 mutarit,
1443 1991 1470 2034 et
1485 1983 1640 2051 iiiiportuno
1669 1982 1711 2036 lu·

914 2076 958 2120 ctu
973 2075 1092 2121 ertreriia
1107 2067 1199 2138 gaudit
1214 2070 1371 2139 occupavit.
1384 2069 1517 2124 Omnibus
1532 2072 1602 2125 enim
1623 2070 1713 2126 adbuc

60 2159 195 2216 mulatus.
215 2158 361 2214 Enimvero
375 2153 666 2228 praedictiregisfilius,
683 2155 793 2209 nornine
809 2153 860 2208 Ln-
876 2177 902 2240 B
917 2154 988 2209 illins
1014 2156 1152 2210 deliciosae
1179 2156 1343 2226 epulationis
1381 2159 1545 2228 plenitudine
1569 2167 1596 2214 et
1621 2161 1713 2215 laetitia

60 2248 188 2317 doricus,
203 2248 313 2319 juvenis
327 2254 384 2302 erat
398 2245 522 2316 corporis
535 2244 671 2316 elegantia
683 2244 732 2297 elai
742 2260 782 2305 us,
799 2257 859 2296 nio-

60 2354 120 2394 ruiu
137 2339 279 2393 honestate
295 2343 322 2391 et
336 2334 468 2407 religione
483 2333 628 2404 magnifiee
644 2332 780 2403 praeditus,
796 2347 861 2385 sen·

60 2443 108 2483 sus
123 2435 153 2483 et
162 2426 304 2498 sapientiae
327 2423 470 2481 vivacitate
495 2430 600 2477 acutus.
613 2422 700 2486 llunc,
716 2427 743 2475 ut
758 2422 792 2474 ita
817 2419 862 2473 di-

59 2531 134 2580 cam,
153 2516 265 2586 sapiens
280 2514 324 2569 ille
337 2512 437 2568 artifex
452 2513 525 2567 inter
539 2511 607 2566 alios
622 2519 774 2565 coetaneos
798 2525 862 2563 snos

59 2606 140 2676 quasi
156 2604 302 2660 flosculum
323 2601 533 2659 redolentiorem
548 2600 763 2670 protulei·at,qui
778 2598 862 2652 futiiii

59 2695 87 2750 iii
102 2711 133 2749 se
151 2695 254 2748 valoris
279 2693 305 2747 iii
318 2693 378 2762 ipsa
393 2689 490 2762 primic
500 2692 587 2745 aetaris
609 2686 786 2744 teneritudine
807 2687 863 2755 jain

60 2783 206 2838 manifeste
231 2781 350 2837 indolem
378 2780 549 2853 preferebat.
589 2779 676 2850 igitur
704 2776 862 2831 imminente

59 2873 206 2929 destiuotae
227 2870 281 2925 sibi
304 2869 421 2941 virginis
445 2867 584 2930 ductione,
608 2875 684 2937 pater
710 2864 861 2919 Liiiloriciia

59 2962 152 3018 itineri
175 2959 330 3016 necessaria
346 2965 489 3029 preparat,
500 2967 527 3012 et
542 2966 570 3011 nt
592 2966 665 3010 tanta
682 2971 724 3008 res
748 2953 802 3009 cito
819 2953 862 3007 ef-

61 3050 147 3107 fectui
160 3047 471 3118 mancipaturelabnrat.
488 3045 644 3115 Imperialis
663 3045 752 3117 itaque
777 3043 863 3099 edicli

60 3140 204 3194 taxatione
232 3138 333 3207 ubique
362 3136 507 3207 publicata,
534 3134 648 3188 militum
677 3132 790 3204 agmina
810 3146 863 3186 non

60 3242 151 3299 parva
167 3234 347 3297 properanter
358 3221 531 3288 conveniunt,
562 3223 636 3277 etad
661 3220 863 3291 ampliationem

61 3316 133 3387 regii
147 3314 293 3371 comitatus
307 3314 388 3368 urbes
404 3322 431 3368 et
445 3310 545 3384 oppida
575 3327 684 3365 sucrum
714 3307 865 3362 multitudi-

51 3416 126 3461 ‘nem
143 3404 331 3458 habitatorum
347 3401 482 3457 emittunt.
498 3400 572 3456 Inter
587 3412 658 3472 quos
673 3404 748 3452 erant
763 3396 863 3466 praeci-

61 3494 111 3566 pui
139 3501 168 3549 et
196 3491 369 3547 famosissimi
389 3492 546 3561 nptiizaies,
571 3487 750 3543 Tbeobandns
773 3500 864 3541 comes

52 3580 209 3648 'blesensis
245 3579 376 3636 Radullus
398 3577 619 3638 vermendensis.
636 3575 797 3632 Guillelmus
815 3575 864 3628 Ni-

60 3672 219 3740 rernensis,
253 3667 574 3726 IlotrodusPerticensis.
593 3667 640 3721 lsti
655 3682 689 3721 ex
704 3663 813 3733 propria
837 3671 863 3718 et

62 3761 141 3832 regis
157 3761 296 3814 voluntate
310 3758 416 3829 copiam
432 3757 550 3811 militurn
560 3771 672 3809 suorum
682 3753 861 3817 addiiiiernnt,

61 3851 178 3920 regique
210 3856 240 3903 ut
263 3847 374 3903 domino
401 3860 450 3901 siin
470 3846 602 3899 honorem
630 3846 657 3897 et
685 3840 863 3896 reverentiam

50 3941 242 3998 exhiberent.
258 3938 324 3993 Erat
339 3938 419 3990 etiarn
434 3935 506 3989 inter
519 3947 569 3988 eos
584 3930 736 3987 (lanfridus
759 3929 863 3985 Carno-

63 4028 154 4085 tensis
170 4025 331 4100 provincie
346 4025 502 4095 episcopus.
519 4021 639 4076 scientiae
659 4019 769 4091 quidem
792 4018 864 4073 litte-

63 4119 129 4174 ralis
153 4133 209 4173 non
235 4115 356 4187 indigus.
385 4111 555 4169 saeciilariam
578 4107 864 4180 quoqiienegctiorum

63 4209 217 4279 dispositor
230 4221 262 4260 ac
277 4213 406 4259 tractatur
423 4201 554 4256 famosus.
579 4198 655 4252 Hunc
679 4195 866 4265 praecedentes

63 4295 210 4368 apostolici
224 4292 345 4349 amicniu
359 4306 468 4362 semper
482 4298 506 4342 et
523 4285 686 4342 familiarem
705 4284 864 4346 babuerunt,

65 4396 93 4444 et
109 4403 159 4458 pru
187 4382 289 4439 valoris
312 4380 354 4436 vel
379 4377 531 4450 elegantia,
548 4391 609 4447 quse
638 4373 767 4444 preditus
796 4380 864 4437 erat,

65 4472 265 4548 magnitudine,
286 4471 368 4526 totius
382 4469 408 4524 ei
423 4464 574 4537 Aquitania>
586 4464 748 4534 legationem
758 4460 865 4514 indixe-

63 4574 136 4622 rant.
162 4562 249 4635 Igitur
262 4563 347 4616 itera
370 4557 467 4612 Galliis
483 4563 685 4627 promoventes,
709 4548 867 4621 burdegalis

64 4653 190 4717 requnt,
207 4649 299 4721 ibique
314 4646 351 4703 ad
364 4645 544 4703 celebrandas
555 4641 662 4714 regales
686 4639 791 4710 nuptias
818 4652 867 4692 ce-

64 4741 359 4810 lebrioresapparatus
372 4734 451 4790 liunt.
469 4733 527 4789 Nec
541 4729 680 4787 Ludnricc
710 4727 868 4799 precedens

65 4831 186 4890 rnilitum
214 4826 342 4884 adunatio
371 4822 482 4889 suflicit,
511 4821 621 4892 insuper
640 4826 667 4873 at
693 4818 865 4872 Pictavorum

66 4926 273 4985 multitudinem
301 4922 463 4978 iinmensam
491 4916 614 4974 accersit.
632 4912 867 4969 ludiciturcmni-

67 5026 121 5081 bus
134 5020 291 5079 communis
305 5017 399 5074 laetitia
413 5033 445 5071 eii
462 5012 618 5071 commuids
632 5010 735 5066 domiui
758 5007 868 5081 glorifi-

67 5125 180 5180 catione
195 5123 342 5177 abstracta.
359 5116 422 5172 Sine
446 5129 571 5171 mensuri
587 5121 614 5167 et
640 5124 756 5165 numero
771 5125 869 5165 omnes

67 5237 100 5277 se
116 5226 283 5291 praesentant
298 5216 471 5280 etexbbeut,
487 5212 563 5286 qnasi
574 5211 601 5265 iii
623 5210 764 5280 Regalium
790 5207 868 5261 locu·

68 5320 160 5377 lorum
172 5315 358 5375 vacuationem
373 5310 534 5371 unanimiter
561 5308 762 5381 conjurassent.
779 5304 865 5375 Quam

916 2245 1065 2301 dissolutis.
1083 2260 1145 2300 ecce
1162 2245 1266 2314 legatus
1279 2246 1382 2314 pernici
1398 2262 1476 2301 eursu
1492 2249 1596 2302 delatus
1624 2249 1713 2303 advo-

917 2333 963 2396 lat,
980 2342 1006 2388 et
1021 2333 1186 2389 Ludovicum
1204 2351 1307 2405 rogerii,
1324 2335 1370 2405 qiii
1382 2336 1427 2389 diu
1441 2338 1517 2404 pravi
1534 2337 1655 2391 diarrhia
1667 2339 1710 2392 la-

917 2422 1071 2486 boraveiat,
1087 2423 1168 2477 vitain
1182 2423 1300 2476 Parisios
1315 2422 1408 2478 finisse
1438 2424 1590 2480 denuntiat.
1623 2425 1712 2494 Hujus

916 2512 989 2582 regis
1001 2512 1054 2564 rita
1071 2512 1112 2566 vel
1129 2511 1246 2580 probitas
1269 2512 1358 2566 ideoa
1375 2513 1454 2567 nobis
1481 2529 1533 2567 non
1558 2514 1713 2585 exponitur,

917 2615 978 2669 quia
994 2600 1084 2655 adbuc
1107 2600 1135 2653 in
1160 2599 1296 2653 inentibus
1317 2601 1458 2655 liominum
1487 2618 1536 2669 per
1552 2604 1713 2659 niernorian

917 2688 1092 2756 scriptitasse
1116 2689 1232 2743 ridetur.
1249 2689 1276 2742 Si
1292 2690 1352 2760 quis
1365 2706 1429 2743 vero
1445 2687 1605 2746 infirmitatis
1630 2692 1713 2760 illius,

918 2793 968 2847 qiiu
981 2777 1118 2839 decubuit,
1135 2779 1303 2849 angustiam,
1328 2779 1370 2833 vel
1386 2778 1550 2835 Christiana
1565 2781 1712 2837 confessio·

916 2868 960 2920 nis
982 2865 1170 2925 eminentiam,
1183 2883 1263 2935 qiiam
1279 2867 1373 2921 vivens
1388 2870 1482 2934 tenuit,
1498 2870 1714 2925 moriturusedi-

916 2955 964 3016 dil,
981 2962 1028 3009 aut
1042 2954 1128 3026 ipsius
1145 2955 1240 3008 mortis
1256 2955 1378 3023 modum,
1396 2957 1543 3023 pretiosum
1568 2959 1650 3013 etiam
1665 2975 1713 3014 sa·

918 3044 1032 3115 pultnrae
1044 3043 1131 3098 locum
1145 3043 1328 3109 pleniusscire
1343 3045 1483 3100 desiderat
1498 3064 1505 3112 ;
1522 3046 1655 3116 quasdam
1670 3047 1713 3103 le·

918 3132 1091 3202 ciiouesquae
1106 3149 1122 3186 o
1137 3131 1324 3204 Saggarium)
1342 3134 1521 3204 riiusapienti
1536 3135 1714 3206 editieluejus

917 3222 1105 3275 anniversario
1122 3221 1257 3288 leguntur,
1272 3222 1392 3275 studiose
1408 3223 1541 3278 revolvet.
1563 3223 1648 3278 Porro
1660 3238 1713 3279 no-

918 3310 959 3363 bis
973 3309 1006 3363 ad
1019 3309 1163 3380 superiora
1176 3309 1348 3364 redeundum
1361 3317 1410 3363 est.

954 3432 1052 3487 Audito
1069 3433 1169 3503 itaque,
1185 3442 1213 3487 ut
1229 3431 1441 3502 supradiximus,
1460 3431 1621 3504 liuepatris,
1638 3440 1714 3490 tener

878 3520 964 3590 cille
991 3522 1099 3576 animus
1115 3524 1177 3576 novi
1197 3521 1288 3590 sponsi
1313 3523 1372 3575 aine
1387 3520 1710 3590 niansuiacnntnndiinr,

917 3620 943 3665 et
959 3619 1039 3665 eruto
1058 3610 1218 3664 indumento
1235 3611 1334 3665 laetitiae
1350 3613 1440 3665 tiinicn
1455 3611 1712 3669 moerorisvestitnr.

918 3701 1002 3771 Eique
1032 3700 1110 3753 unius
1133 3699 1246 3754 amissio
1275 3715 1402 3772 magnum
1436 3700 1558 3754 dolorem
1585 3701 1712 3769 incussit,

918 3805 997 3859 quein
1013 3787 1123 3842 alterius
1148 3789 1283 3857 susceptIo
1299 3789 1380 3842 valde
1401 3787 1557 3843 laetificavit.
1583 3790 1617 3844 lit
1631 3805 1713 3859 quem

917 3877 1072 3948 conjugalis
1087 3877 1191 3945 cnpntae
1211 3876 1348 3946 inexperta
1372 3876 1413 3931 lox
1445 3877 1472 3930 in
1495 3878 1582 3932 aliena
1610 3877 1714 3935 recent

918 3964 1062 4036 proficisci,
1078 3967 1149 4020 hunc
1163 3965 1289 4037 genitalis
1303 3965 1458 4019 dulcedinis
1484 3967 1616 4022 memoria
1631 3983 1715 4040 coge·

918 4055 964 4108 bat
991 4056 1018 4108 in
1043 4055 1133 4109 nativa
1162 4054 1269 4109 reverti.
1302 4054 1506 4109 cummunicato
1530 4057 1620 4125 itaque
1649 4072 1713 4112 cum

920 4145 1076 4215 proceribus
1093 4143 1296 4213 etsapiontibus
1311 4142 1375 4196 viris
1390 4143 1424 4197 de
1438 4145 1598 4199 necessitate
1618 4160 1714 4200 rever-

920 4232 1003 4286 sionis
1018 4231 1142 4294 oonsilio,
1156 4231 1278 4285 omnium
1296 4232 1427 4285 sententia
1442 4239 1468 4286 et
1484 4232 1643 4288 deliberatio
1663 4240 1713 4302 est,

920 4321 984 4375 utin
1001 4330 1089 4390 partes
1100 4321 1249 4375 Galliarum
1265 4319 1394 4373 festinato
1409 4335 1439 4375 se
1453 4320 1585 4386 conferat,
1616 4338 1649 4376 ne
1660 4322 1715 4376 mi·

920 4408 1032 4463 nuribus
1058 4408 1220 4464 inberrendo
1234 4407 1465 4477 majoraaiiiiitai.
1482 4409 1533 4463 Sed
1551 4409 1611 4478 quia
1637 4426 1716 4464 men·

921 4506 974 4552 tem
990 4498 1049 4567 ejus
1063 4497 1217 4568 coniugatis
1232 4498 1368 4553 remordet
1381 4494 1502 4554 allectus.
1520 4496 1637 4567 aliquem
1648 4512 1717 4567 ptae·

921 4590 1078 4642 stantinrom
1094 4588 1180 4641 virum
1197 4588 1339 4656 providere
1355 4587 1453 4657 placet,
1486 4586 1530 4641 ciii
1556 4586 1648 4640 uxoris
1662 4598 1718 4642 snae

921 4676 1072 4731 custodimu
1088 4676 1173 4747 regiae
1182 4677 1325 4746 potestatis
1350 4675 1530 4747 preceptione
1550 4674 1718 4731 intermicet.

922 4765 1066 4821 Gaulrdus
1080 4765 1258 4820 Carnutensis
1286 4765 1427 4835 episcopus
1445 4764 1566 4836 eligitur,
1584 4762 1662 4837 eique
1677 4765 1720 4836 ip·

922 4856 979 4910 sius
993 4854 1111 4910 dominae
1139 4869 1205 4909 cuia
1227 4870 1253 4909 ei
1269 4856 1459 4908 necessitatum
1476 4854 1594 4926 provisio
1617 4870 1650 4909 ex
1662 4861 1718 4911 toto

922 4945 1061 5012 imbuitur,
1076 4944 1252 5016 quoadusque
1268 4959 1315 5011 pro
1326 4942 1466 4997 amborum
1491 4943 1666 5012 requisitione
1682 4944 1716 4999 ab

923 5036 982 5105 ipso
998 5050 1063 5106 rege
1080 5035 1187 5088 nuntius
1200 5041 1359 5088 remittatur.
1390 5033 1431 5086 ab
1451 5032 1598 5102 Aquitani-a
1627 5033 1717 5102 itaque

923 5125 1075 5181 ludovicus
1090 5123 1270 5195 disgrediens,
1296 5139 1355 5193 qiiae
1375 5122 1446 5176 inter
1462 5122 1530 5176 alias
1558 5120 1720 5176 eniiiienticr

923 5223 964 5269 est
979 5224 1072 5272 urnas.
1093 5213 1304 5282 l’arisiuspetiii,
1321 5212 1412 5279 ibique
1428 5211 1575 5266 liaereditali
1589 5209 1640 5263 sibi
1657 5211 1720 5283 lege

923 5301 1138 5375 debitumregiii
1154 5303 1296 5373 imperium
1325 5300 1487 5372 suscipiens,
1518 5299 1577 5354 sine
1604 5298 1721 5370 alicujus

162 5498 228 5573 leq.
245 5512 254 5553 :
269 5495 387 5568 occatio,
403 5493 432 5553 id
446 5499 487 5552 ast
501 5488 637 5567 precisic,
643 5487 678 5546 ab
684 5502 760 5559 cccc,
771 5490 867 5553 rastro,
958 5483 999 5556 (9)
1017 5482 1084 5542 Vide
1099 5482 1170 5556 apud
1184 5497 1235 5540 nos
1249 5480 1277 5537 in
1290 5478 1417 5553 Superin,
1427 5477 1462 5536 ad
1476 5494 1521 5536 an.
1534 5480 1614 5536 itia.

66 5502 282 5630 silacia.
