3728 6000
103 180 132 236 il
278 146 282 157 Ι
566 182 768 243 cunctatus
788 158 834 240 ba
856 186 1124 243 lNCARNdTIONE
1143 186 1291 245 uenisti.
1719 187 1756 251 22

103 303 164 359 liter
170 302 350 376 intelligenda
363 323 369 363 :
387 308 495 364 littera
510 308 588 363 enim
599 307 712 374 occidit,
723 310 843 383 spiritur
853 326 903 366 uu·
917 310 943 371 A
959 311 1065 366 bomo?
1079 310 1150 380 Quia
1163 313 1235 368 enim
1250 312 1332 368 bomo
1342 310 1424 368 stulte
1436 310 1520 367 voluit
1535 327 1596 369 esse
1606 311 1688 387 Deus.
1700 313 1756 374 tui-

103 398 158 448 tem
168 394 297 463 vivificat
312 395 348 463 (ll
357 393 468 462 Coarn,
480 395 651 466 6).hlioquin
665 403 692 452 et
709 397 768 452 alas
778 398 852 454 Deus
863 400 909 453 hn-

102 480 186 542 benit.
199 483 266 554 quia
280 483 314 538 de
326 483 372 539 illo
387 483 505 554 legitur:
520 487 555 541 ιιι
568 484 699 543 escendit
714 504 801 559 super
810 485 909 543 citeru-

102 571 157 625 bim
168 573 435 638 etvoluuit,uoluuit
444 589 528 647 super
536 591 646 647 pennas
659 582 809 634 uentorum
819 578 907 643 (Psul.

103 675 171 728 narr,
210 662 270 731 tt).
303 662 586 734 anthropomorphitae
614 681 681 738 ergo
708 666 835 735 haretici,
863 667 910 736 qui

105 748 198 804 dicunt
215 749 354 805 hominem
380 750 526 806 secundum
546 768 646 824 corpus
669 753 766 810 iactum
789 754 822 809 ad
838 755 908 810 ima·

102 838 195 910 ginem
221 839 283 906 Dei,
307 847 353 894 aut
378 839 524 895 ostendant
546 841 686 897 bominem
719 843 823 908 volare,
847 845 909 916 quia

104 928 178 982 Deus
201 927 304 998 legitur
332 928 450 998 uolasse,
470 937 515 984 aut
540 939 739 1003 recognoscant
759 931 908 988 fatuitatem

103 1015 195 1072 nimiae
209 1017 391 1085 simplicitatis
407 1034 474 1074 suae.
494 1018 559 1074 Sola
575 1019 666 1091 itaque
681 1021 821 1076 rationalis
836 1037 910 1078 crea-

105 1114 176 1171 tura,
198 1104 327 1177 angelica
341 1105 444 1163 scilicet
465 1114 545 1177 atque
565 1109 691 1176 humana,
707 1109 909 1165 similitudinem

105 1193 154 1248 liei
175 1193 203 1247 in
229 1210 259 1248 se
288 1194 417 1263 continet,
435 1197 559 1267 quamvis
586 1197 701 1270 angelus
724 1214 777 1253 nou
806 1199 911 1271 legatur

103 1280 192 1336 iactus
207 1281 242 1336 ad
263 1281 412 1353 imaginem
429 1283 488 1338 Dei.
510 1284 556 1341 Sic
574 1286 646 1339 enim
662 1303 711 1357 per
726 1287 822 1342 isaiam
836 1287 908 1343 dici-

961 400 1134 456 sericorditcr
1149 400 1222 456 Deus
1238 402 1325 456 iactus
1354 408 1393 457 est
1408 402 1502 456 homo.
1522 401 1590 456 ilinc
1612 409 1638 456 et
1661 403 1758 458 beatus

962 489 1127 559 Apostolus:
1144 490 1213 553 Hoc,
1225 491 1320 560 iuquit,
1336 491 1441 546 cerame
1459 491 1490 546 in
1510 490 1582 546 uobis
1596 490 1668 562 quod
1681 495 1710 546 et
1724 492 1757 547 iu

964 578 1075 633 Christo
1087 580 1162 643 iesu.
1172 580 1230 651 qui,
1241 596 1306 635 cum
1316 581 1348 635 in
1358 582 1450 650 sorana
1461 579 1509 634 Dei
1520 583 1603 644 ercet,
1615 594 1672 635 non
1682 579 1758 651 rapi-

963 684 1030 722 nuru
1046 667 1255 723 arbitratuceri
1268 683 1362 724 esseae
1378 670 1513 740 (equalem
1526 668 1580 723 Deo
1589 666 1756 740 (Philippu,

963 755 1004 823 6).
1023 755 1095 811 Ecce
1109 771 1190 827 quam
1201 755 1326 812 distincte
1341 755 1495 826 superbiam
1505 755 1625 811 hominis
1634 763 1661 811 et
1674 754 1761 811 humi·

963 845 1063 899 litatem
1088 844 1192 900 Christi
1215 844 1329 899 notarit.
1352 845 1441 900 llomo
1464 843 1536 900 enim
1561 860 1611 916 per
1632 844 1759 914 rapinam

963 941 1077 989 conatus
1093 941 1135 988 cst
1149 934 1207 988 Deo
1221 949 1283 988 esse
1305 933 1431 1005 aequalis,
1447 941 1473 988 et
1492 933 1544 989 hoc
1558 932 1706 988 arbitratus
1718 940 1761 991 eat

962 1039 992 1078 sc
1011 1039 1059 1093 per
1080 1021 1181 1077 iructus
1204 1020 1279 1078 vetiti
1303 1021 1499 1077 comestionem
1524 1037 1604 1092 posse
1627 1021 1757 1092 assequi;

962 1111 1084 1166 Christus
1098 1118 1188 1166 autem
1204 1125 1257 1164 nou
1274 1109 1381 1180 rapina,
1393 1109 1441 1165 sed
1455 1117 1552 1165 natura
1573 1109 1686 1179 aequalis
1700 1111 1759 1168 Deo

962 1200 1020 1255 luit.
1033 1200 1120 1255 llomo
1136 1215 1198 1255 cum
1208 1199 1234 1252 in
1247 1199 1333 1254 iorma
1346 1198 1427 1264 serui,
1438 1198 1493 1254 imo
1503 1198 1551 1253 Dei
1567 1214 1662 1254 servus
1676 1204 1758 1268 esset,

961 1288 1079 1359 superbe
1101 1303 1131 1344 se
1147 1288 1228 1343 roluit
1248 1288 1378 1343 extollere
1402 1288 1436 1342 ad
1463 1287 1666 1342 similitudinem
1680 1286 1758 1345 Dei:

102 1378 161 1423 tur:
180 1373 222 1426 Tu
235 1372 639 1442 signaculumsimilitudirris,
649 1376 752 1445 plenus
762 1377 908 1448 sapientie
960 1378 1083 1433 Christus
1098 1392 1160 1432 vero
1176 1393 1241 1433 cum
1257 1378 1287 1433 in
1297 1379 1392 1448 forma
1408 1376 1460 1432 Ilei
1479 1380 1560 1439 esaei.
1576 1377 1760 1448 semetipsum

102 1463 131 1514 et
144 1462 295 1531 perfectus
311 1459 420 1524 decore,
437 1461 467 1516 in
484 1462 595 1518 deliciis
611 1463 742 1519 Paradisi
756 1464 806 1519 Ilei
820 1465 908 1535 suisti
960 1465 1756 1538 exinaniuitformumseruioccipiens,inrimititudinem

100 1548 215 1617 (Bacch.
225 1564 321 1614 xnrrrr,
336 1550 388 1619 ta).
399 1549 476 1618 Quod
484 1549 581 1619 beatus
592 1551 740 1623 Gregorius
753 1568 907 1622 exponens:
960 1555 1214 1627 hominumsactua
1223 1553 1758 1626 eihabitatiunculasathomoiibid.,l).

103 1638 296 1700 «Notandum,
307 1638 403 1708 inquit,
420 1638 493 1711 quod
516 1655 569 1695 uon
587 1639 622 1694 ad
637 1639 838 1696 similitudinem
854 1640 904 1696 Dei
920 1666 947 1726 Β
962 1644 1045 1700 Adam
1061 1644 1120 1700 sine
1135 1644 1228 1716 aliqua
1250 1643 1412 1698 necessitate
1429 1651 1591 1713 praeceptum
1607 1641 1656 1698 Dei
1670 1649 1761 1698 trans·

100 1726 199 1793 iactus,
216 1727 265 1783 sed
280 1727 460 1800 signaculum
475 1728 676 1785 similitudinis
691 1728 834 1789 dicitur.ut
850 1745 905 1800 quo
962 1749 1072 1805 gressus
1088 1741 1175 1801 esr,ct
1188 1731 1372 1788 obedientiam
1382 1732 1440 1800 ejus
1450 1747 1562 1788 servare
1576 1731 1760 1804 contempsit3

99 1815 125 1869 in
141 1830 175 1870 eo
190 1815 316 1871 subtilior
330 1823 374 1871 est
387 1824 489 1884 natura,
506 1832 539 1872 eo
549 1818 577 1871 in
592 1816 638 1872 illo
654 1818 744 1891 imago
756 1818 807 1873 Dei
822 1817 907 1873 subti-
961 1822 1083 1879 Christus
1097 1837 1165 1878 roro
1189 1820 1299 1880 dicens:
1316 1821 1376 1876 Non
1391 1822 1457 1877 verti
1473 1823 1568 1892 fucere
1582 1822 1760 1877 uoluntatem

101 1904 153 1959 lius
167 1904 211 1959 rel
227 1904 343 1960 similius
357 1904 507 1960 insinuetur
521 1921 658 1977 expressa.
676 1930 687 1955 a
703 1906 824 1961 similius
840 1923 906 1980 crgo
960 1927 1063 1976 meum,
1073 1911 1120 1967 sed
1133 1910 1249 1982 ejusqui
1259 1925 1304 1964 me
1321 1909 1400 1965 misit
1414 1910 1553 1978 (deamvi,
1570 1910 1627 1977 38),
1636 1907 1761 1981 permul-

103 1993 131 2047 in
146 1993 246 2064 angelo
262 1994 310 2063 qui
325 1992 393 2047 nihil
413 1994 492 2049 habet
509 1994 651 2065 corporale
665 1995 714 2050 sed
734 1995 907 2050 solummodo

102 2081 215 2153 spiritus
234 2091 286 2149 est,
311 2081 403 2154 imago
419 2083 467 2137 llei
490 2092 529 2137 cst
555 2098 699 2153 expressa,
716 2099 798 2155 quarn
813 2084 840 2138 in
855 2085 907 2140 bo-

101 2170 176 2224 mine
195 2170 243 2240 qui
266 2186 365 2241 corpus
388 2178 477 2242 gestat
497 2179 632 2237 terrestre,
648 2172 712 2228 licet
733 2173 807 2228 dicat
834 2173 907 2228 idenr

100 2259 196 2314 beatus
219 2259 371 2332 Gregorius
393 2260 419 2314 in
443 2261 622 2331 Expositione
646 2261 795 2317 Ezechielis
819 2261 904 2332 quod,

100 2348 134 2402 ad
150 2349 384 2419 comparationem
409 2349 510 2405 summi
533 2349 607 2404 illius
632 2357 658 2405 ει
677 2349 902 2419 incircumscripti

102 2436 213 2506 spiritus
229 2437 277 2509 qui
298 2444 338 2492 est
352 2438 434 2504 Beue,
451 2438 531 2494 etium
546 2439 635 2510 angeli
650 2438 775 2508 corporei
791 2445 905 2508 possunt

102 2525 171 2581 dici.
190 2525 347 2581 Secundum
363 2527 482 2581 animam
502 2527 592 2597 itaque
610 2529 692 2583 homo
708 2527 794 2582 lactus
816 2535 856 2582 est
871 2526 905 2580 ad

101 2614 252 2686 imaginem
267 2614 330 2679 Dei,
346 2622 373 2670 et
394 2614 490 2669 similis
511 2624 553 2670 est
567 2616 687 2689 angelis,
702 2615 757 2670 imo
778 2615 907 2686 aeqttalis3

101 2703 256 2758 secuudum
272 2719 371 2775 corpus
391 2718 456 2759 vero
472 2702 581 2759 inierior
595 2712 636 2759 εει
658 2703 773 2776 angelis.
795 2711 909 2760 testante

102 2792 245 2846 Psalntista
257 2792 303 2865 qui
318 2793 373 2847 ait:
390 2793 591 2848 llinuisiieunr
605 2792 693 2865 paulo
704 2795 801 2848 miuus
811 2793 844 2848 alr
859 2809 910 2847 un-

98 2882 172 2951 petis
186 2882 276 2945 (Paul.
293 2880 399 2952 rituti).
413 2881 497 2936 aldam
514 2881 605 2952 itaque
617 2897 667 2951 per
675 2881 838 2937 rationalem
854 2880 904 2934 sibi

963 2007 1049 2054 tarum
1065 1997 1268 2052 tribulationum
1284 1994 1455 2051 difficultates
1469 2004 1497 2051 et
1510 1997 1661 2068 angustias,
1675 1996 1763 2053 tactas

961 2095 1003 2144 est
1018 2086 1150 2143 obediens
1169 2085 1253 2150 Patri,
1270 2084 1443 2156 servavitque
1458 2083 1684 2156 irrefragabiliter
1703 2085 1762 2153 eius

961 2175 1145 2233 obedientiam
1161 2189 1215 2229 non
1230 2173 1264 2228 ad
1280 2181 1401 2242 tempus,
1416 2173 1463 2227 sed
1479 2189 1565 2245 usque
1584 2173 1618 2229 ad
1634 2180 1761 2228 mortem.

962 2266 1020 2321 lt'cc
1041 2265 1126 2335 ipsam
1139 2261 1290 2332 jucundam
1313 2269 1361 2317 eut
1375 2277 1486 2317 suarem
1505 2260 1549 2317 rel
1573 2259 1763 2318 honorabilem

963 2361 1090 2418 mortem,
1106 2352 1154 2407 sed
1175 2351 1270 2407 duram
1287 2357 1313 2405 et
1338 2350 1558 2422 ignominiosam,
1571 2356 1687 2406 mortem
1704 2348 1761 2406 sci·

961 2442 1024 2498 lieet
1039 2442 1137 2497 crucis.
1154 2440 1235 2497 Unde
1250 2446 1277 2494 ει
1296 2439 1355 2510 ipse
1370 2438 1428 2494 haee
1444 2437 1536 2493 omnia
1551 2438 1640 2493 sciens
1655 2445 1680 2494 et
1693 2453 1762 2510 pas·
1850 2458 1854 2464 ·

963 2531 1033 2586 sioni
1048 2529 1245 2601 propinquans,
1255 2543 1320 2584 cum
1340 2525 1562 2598 discipulos,imo
1576 2533 1661 2582 totum
1671 2542 1759 2600 genus

963 2620 1111 2674 humanum
1128 2620 1185 2673 llco
1202 2616 1271 2671 Patri
1287 2615 1492 2684 commendans,
1508 2621 1597 2670 oraret
1612 2629 1661 2686 pro
1676 2614 1763 2670 omni·

962 2709 1013 2763 bus
1027 2709 1077 2764 :Et
1087 2723 1137 2779 pro
1153 2708 1203 2773 eir,
1219 2703 1315 2776 inquit,
1325 2703 1471 2772 sanctifico
1488 2704 1639 2776 meipsum,
1654 2707 1687 2759 ul
1702 2703 1764 2759 sint

963 2801 990 2852 ei
1007 2797 1061 2869 ipsi
1075 2794 1288 2864 sanctificoiiirt
1301 2793 1420 2848 ueritate
1434 2793 1531 2861 (ioan.
1542 2807 1609 2856 nuri,
1622 2792 1676 2862 ta).
1692 2790 1764 2847 hcsi

962 2886 1067 2941 diceret
1084 2900 1089 2939 :
1108 2884 1158 2937 Pro
1182 2883 1220 2937 eis
1240 2879 1325 2936 offero
1354 2881 1500 2951 meipsum,
1525 2879 1571 2952 qui
1598 2880 1659 2951 plus
1685 2879 1764 2937 valeo

99 2969 271 3024 intellectum
291 2969 344 3023 sibi
373 2985 388 3024 a
412 2970 470 3024 Deo
498 2968 601 3035 datum,
617 2968 710 3024 debuit
737 2985 905 3040 cognoscere
963 2990 1043 3047 quam
1058 2989 1153 3028 omnes
1165 2971 1288 3026 homines
1303 2984 1371 3041 quos
1386 2968 1434 3023 tibi
1455 2968 1633 3034 abstulerunt,
1650 2969 1695 3039 qui
1710 2983 1763 3040 pro

100 3073 165 3113 sese
180 3057 314 3113 minorem
330 3074 390 3112 esse
412 3056 536 3129 angelis3
561 3073 610 3127 per
621 3057 779 3126 supertiam
796 3065 906 3112 conatus
921 3019 946 3082 G
960 3063 1013 3126 eis.
1029 3078 1092 3119 cun
1109 3076 1198 3115 essem
1214 3060 1296 3127 Deus,
1312 3057 1400 3113 Filius
1419 3065 1478 3112 tuus
1492 3057 1661 3130 unigenitus,
1676 3058 1763 3114 homo

99 3155 143 3202 est
159 3146 287 3216 superior
302 3162 367 3202 csse
381 3144 498 3218 angelis,
514 3154 540 3202 et
563 3147 621 3200 Deo
636 3145 793 3202 consimilis.
812 3145 906 3201 Mulier

99 3235 205 3291 etenim
234 3235 350 3291 credens
377 3234 497 3306 serpenti
522 3233 646 3290 dicenti:
675 3235 820 3292 Scitlleus
834 3235 906 3305 quod

99 3327 132 3380 in
145 3340 311 3397 quocunque
322 3323 366 3379 die
374 3322 552 3381 comederitis
563 3340 601 3379 ee
611 3339 642 3379 eo
652 3323 819 3395 aperientur·
827 3321 905 3378 oculi

100 3414 203 3478 uestri,
220 3416 248 3467 et
261 3413 344 3467 eritis
357 3413 431 3467 sicut
442 3412 482 3467 dii
496 3414 617 3468 scientes
633 3411 737 3466 boreum
752 3415 780 3466 et
795 3413 905 3468 ructum

98 3501 191 3569 (Gerr.
205 3515 245 3564 nr,
263 3501 300 3570 i),
312 3516 344 3555 ea
354 3500 502 3556 intentione
516 3499 634 3556 comedit
644 3507 670 3555 et
686 3500 745 3554 viro
761 3499 904 3555 comedere

99 3590 198 3653 suasit,
217 3589 279 3659 quia
293 3589 411 3660 speravit
428 3587 500 3659 quod
514 3588 598 3644 futuri
612 3597 705 3644 essent
719 3587 766 3644 dii.
785 3588 863 3645 Unde
878 3595 906 3642 et

99 3680 164 3750 ipse
180 3678 271 3733 Deus:
286 3679 365 3744 Ecce,
382 3677 478 3750 inquit,
496 3678 582 3734 Adam
597 3679 678 3748 quusi
692 3694 768 3733 unua
779 3677 904 3734 eeuobis

99 3770 200 3838 suctus
215 3771 269 3836 eat,
281 3769 373 3823 sciens
383 3768 486 3823 honum
497 3770 525 3821 et
535 3767 644 3822 molum
654 3765 731 3837 (ibid.
744 3767 821 3836 xxti).
833 3766 905 3821 Ecce

100 3865 206 3929 quanta
232 3856 361 3926 superbia
376 3856 450 3927 quod
465 3856 547 3910 homo
570 3855 604 3910 de
627 3862 707 3910 terrae
723 3853 788 3910 limo
815 3853 901 3910 iactus

100 3952 220 4000 conatur
233 3943 367 4000 excellere
380 3943 506 4016 augelus,
522 3952 547 3999 et
563 3959 616 4013 par
640 3959 700 3998 esse
715 3943 773 3999 Deo
791 3942 905 3999 creatori

100 4034 171 4087 suo!
192 4033 281 4089 L'uum
302 4048 370 4105 ergo
390 4032 517 4103 idemque
542 4038 583 4086 est
607 4031 700 4087 ritium
723 4031 904 4102 superbientis

100 4120 199 4193 angeli
224 4133 250 4176 et
273 4120 452 4192 superbientis
475 4119 601 4176 bominis.
628 4118 812 4188 Quamobrem
833 4119 905 4191 justo

101 4209 152 4264 Dei
167 4207 273 4278 judicio
296 4225 391 4281 parem
410 4209 515 4280 culpam
536 4224 584 4279 par
599 4224 679 4280 poena
695 4207 826 4278 sequitur,
842 4207 906 4280 quia

101 4308 148 4364 ille
165 4307 199 4365 de
214 4307 296 4376 eoelo,
311 4317 339 4363 et
362 4309 406 4364 hic
420 4307 527 4376 eiicitur
549 4307 583 4362 de
605 4307 743 4377 paradiso.
760 4306 814 4364 Sed
829 4306 904 4361 illum

962 3152 1049 3207 iactus
1064 3166 1134 3220 sum,
1150 3157 1176 3204 et
1191 3164 1277 3221 usque
1295 3146 1330 3202 ad
1353 3153 1466 3201 mortem
1484 3146 1530 3201 tibi
1544 3146 1677 3202 obediens
1690 3162 1762 3203 sum.

963 3243 1188 3311 Diripaturergo
1200 3235 1298 3308 procis
1312 3236 1403 3292 oratio
1412 3251 1476 3292 meu
1486 3236 1560 3292 sicul
1570 3238 1719 3293 incensum
1728 3238 1764 3294 ire

960 3331 1115 3401 conspectu
1128 3330 1218 3392 tumet
1234 3326 1351 3382 elevatio
1362 3341 1500 3380 manuum
1508 3325 1761 3382 mearumincruoe

960 3418 1024 3473 iecit
1039 3433 1087 3489 pro
1104 3414 1326 3483 eissucrificium
1339 3415 1531 3484 vespertinum
1544 3414 1632 3479 (Paul.
1647 3414 1758 3484 exest),

958 3516 987 3562 ut
1014 3505 1123 3562 dimissa
1151 3504 1224 3559 omni
1243 3501 1347 3573 peccati
1369 3500 1509 3574 originalia
1528 3500 1714 3567 maculatim
1728 3505 1758 3558 et

960 3597 1014 3668 ipsi
1028 3593 1213 3660 sanctificati.
1230 3592 1275 3647 Sic
1291 3606 1359 3662 ergo
1378 3604 1385 3644 τ
1403 3589 1471 3645 Cum
1486 3590 1609 3645 clamore
1624 3590 1716 3649 ualido
1727 3593 1759 3646 et

961 3681 1093 3754 lucrymis
1104 3680 1236 3753 offerens,
1245 3678 1403 3733 exauditur
1412 3679 1513 3747 cetpro
1523 3692 1574 3731 sua
1587 3678 1756 3747 reuerentia,

958 3779 1121 3841 peractoque
1141 3767 1272 3823 sacrificio
1301 3774 1329 3822 et
1357 3763 1540 3821 satisfactione
1559 3763 1594 3819 ad
1621 3764 1758 3837 integmm

958 3860 1110 3930 completa:
1128 3858 1362 3913 consummatum
1384 3857 1437 3919 esi,
1454 3852 1550 3925 inquit,
1566 3857 1595 3908 ct
1616 3852 1758 3909 inclinato

959 3949 1051 4020 capite
1069 3947 1165 4003 emisit
1183 3946 1318 4018 spiritum
1325 3942 1552 4014 (deaurando).
1564 3940 1697 4012 Quodque
1704 3957 1760 3997 ma·

958 4037 1001 4109 gis
1024 4034 1178 4089 mirandum
1194 4042 1242 4100 est,
1267 4040 1294 4089 et
1319 4031 1391 4086 dulci
1416 4030 1549 4084 memoria
1572 4029 1756 4099 retinendum,

956 4124 1072 4198 jugique
1094 4121 1276 4177 ruminatione
1292 4119 1478 4177 venerandum
1496 4135 1502 4174 :
1519 4133 1573 4171 non
1589 4117 1758 4174 solummodo

959 4213 1117 4285 sanguinem
1134 4227 1223 4276 suum,
1241 4209 1286 4282 qui
1310 4207 1425 4279 majoris
1441 4214 1481 4262 est
1508 4206 1587 4277 pretii
1607 4223 1688 4279 quam
1703 4215 1760 4263 tota

958 4311 1083 4358 creatura
1105 4316 1165 4373 quac
1185 4300 1260 4355 Deus
1278 4315 1333 4354 non
1362 4304 1411 4366 est,
1427 4295 1499 4351 Patri
1526 4312 1576 4351 suo
1601 4311 1649 4367 pro
1678 4294 1760 4352 uobis

101 4399 164 4455 sine
192 4397 283 4469 aliqua
308 4413 358 4468 spe
386 4395 598 4467 recuperationis
625 4396 730 4466 lapsum
758 4376 1186 4462 credimus,Drecompensavtr‚
1215 4387 1263 4442 sed
1290 4387 1372 4442 etiarn
1401 4399 1497 4440 omnes
1524 4383 1661 4454 homines,
1690 4399 1760 4456 quos

102 4488 232 4560 quamuis
248 4487 353 4559 legatur
369 4485 517 4558 Origenem
532 4485 670 4557 scripsisse
690 4484 762 4556 quod
778 4483 907 4540 Salvator
961 4480 1065 4552 primus
1079 4494 1178 4549 parens
1192 4477 1250 4532 Deo
1265 4475 1420 4539 abstulerat,
1431 4473 1455 4527 ei
1468 4489 1503 4527 ex
1517 4473 1624 4546 integro
1640 4473 1760 4530 reddidit

102 4584 209 4643 noster,
226 4575 293 4631 sicut
308 4575 443 4647 perditum
461 4573 598 4629 homiuem
615 4573 759 4645 repararit,
776 4572 814 4627 ita
835 4587 905 4641 quo·
961 4585 1011 4640 per
1025 4569 1153 4622 uirtutem
1168 4565 1290 4635 ejusdcm
1312 4561 1450 4619 sacrificii.
1472 4561 1543 4617 Dicit
1558 4562 1630 4617 enim
1646 4569 1759 4634 aposto·

103 4682 159 4738 que
175 4673 238 4736 post
248 4664 470 4720 resurrectionem
481 4663 638 4734 prolapsum
654 4660 783 4735 angelum
798 4669 907 4730 peracto
961 4657 1005 4713 lus
1020 4656 1083 4729 quia
1094 4657 1254 4729 quicunque
1265 4656 1404 4727 baptisati
1414 4669 1510 4709 sumus
1520 4655 1551 4708 in
1563 4652 1759 4720 carisiolam,

100 4753 209 4824 judicio
227 4752 365 4809 liberabit.
388 4752 477 4809 lloruo
502 4767 566 4807 vero
589 4751 635 4823 qui
649 4750 707 4820 jam
730 4765 780 4820 per
800 4748 908 4803 media·
962 4747 993 4802 iu
1010 4749 1101 4802 morte
1113 4746 1203 4817 ipsius
1216 4744 1355 4817 baptizati
1369 4760 1467 4800 sumus
1484 4743 1660 4815 (domant).
1673 4741 1761 4796 Habet

104 4852 194 4898 torem
208 4841 300 4898 Jeeum
312 4840 450 4897 Christum
461 4839 542 4895 solvit
552 4840 610 4896 Deo
619 4839 694 4910 quod
708 4837 733 4894 ei
746 4837 905 4904 abstulerat,
964 4851 1083 4905 nemque
1106 4832 1174 4890 fides
1199 4833 1339 4890 Catholiea
1363 4832 1436 4903 quod
1463 4831 1648 4904 unusquisque
1671 4828 1761 4887 fidelia

103 4931 224 5003 pretium
240 4929 345 4986 scilicet
367 4929 512 5002 sanguinis
536 4927 596 4997 ejus
616 4927 677 4999 plus
696 4927 910 4999 uolentiaquam
964 4924 1116 4996 baptizatus
1143 4922 1178 4978 ab
1207 4921 1280 4978 omni
1299 4929 1411 4994 peccato
1440 4919 1710 4994 originaliamaculae
1728 4917 1763 4973 sit

105 5019 174 5075 illud
189 5018 264 5092 quod
286 5017 486 5084 eichstatense,
503 5032 574 5072 nune
595 5023 716 5087 superest
731 5021 760 5070 ut
780 5030 828 5086 pro
843 5030 911 5071 con·
964 5013 1051 5080 liber;
1072 5020 1098 5068 et
1113 5012 1193 5082 plene
1203 5009 1437 5081 mundatusatque
1451 5008 1763 5080 purgatusejusdemqua

104 5106 418 5180 tumaciaetsuperbia,
435 5112 598 5178 quocontra
622 5119 682 5160 eum
700 5103 808 5170 tumuit,
823 5102 907 5176 digno
966 5111 1007 5157 est
1021 5101 1119 5167 meriti,
1136 5099 1216 5171 cujus
1240 5099 1330 5154 Adam
1355 5105 1499 5169 antequam
1517 5104 1650 5167 peccaret.
1670 5097 1721 5152 liic
1740 5093 1765 5150 ai

105 5197 130 5253 ei
146 5195 305 5253 satislaciat.
966 5189 1064 5260 aliquis
1079 5197 1184 5263 quaerut
1197 5203 1297 5260 quare,
1309 5185 1424 5242 dimisso
1434 5193 1549 5256 peccato
1558 5184 1694 5258 originali,
1710 5199 1766 5239 non

142 5285 288 5359 Quaeergo
301 5282 464 5358 digniorrel
476 5282 683 5339 convenientior
697 5287 856 5353 potestesse
872 5295 915 5335 sa·
968 5278 1119 5344 dimittitur,
1135 5293 1187 5333 nec
1213 5284 1379 5339 remoretur,
1396 5273 1444 5330 sed
1466 5272 1520 5328 lixa
1542 5273 1672 5329 retinetur
1685 5287 1766 5344 poena

104 5375 292 5446 deiamiopro
305 5369 677 5449 contumaciahominis,qui
695 5369 813 5442 superbe
828 5369 914 5425 uoluit
971 5368 1093 5438 ejusdem
1120 5365 1236 5439 peccati.
1260 5363 1287 5420 id
1315 5373 1358 5420 eet
1384 5379 1471 5430 mors,
1485 5362 1557 5419 hauc
1585 5362 1765 5435 questionem

106 5481 174 5523 esse
199 5461 301 5521 similis
319 5462 389 5532 Deo,
404 5477 484 5537 quam
500 5467 530 5517 ut
541 5461 630 5520 Filius
648 5459 698 5517 Dei
711 5456 851 5520 humiliter
868 5456 917 5519 liat
968 5456 1066 5517 beatm
1091 5455 1256 5537 augustinus
1282 5454 1311 5511 iu
1328 5453 1401 5510 libro
1414 5453 1456 5511 ile
1482 5452 1568 5509 libero
1594 5450 1704 5509 arbitrio
1730 5449 1767 5506 ita
