3728 6000
629 211 662 266 D.
685 209 814 266 monui
834 208 1063 267 SGHOLtsrrat
1082 208 1293 269 Laobttatsrs
1734 208 1787 266 tlt

136 218 189 276 'tta

27 334 33 351 ¹
134 362 190 401 non
204 343 294 405 minus
308 354 373 396 esse
386 338 542 403 creduntur,
564 335 603 393 sic
617 352 678 407 quae
690 343 755 390 sunt
774 334 973 406 incompte-A
1018 337 1159 393 Hortendo
1175 336 1282 409 quidem
1297 346 1323 393 ot
1342 335 1497 395 inducendo
1515 335 1551 392 ad
1565 334 1659 405 fidem,
1674 335 1787 391 modum

135 432 279 490 hausibilia
293 427 475 484 intellectibus
489 426 615 480 humanis
633 440 686 480 non
701 425 789 480 minus
803 440 933 481 essecrc-
982 425 1091 498 prologi
1114 428 1249 482 excedere
1273 427 1346 482 visus
1367 425 1502 482 suntsed
1528 423 1600 493 ideo,
1616 424 1682 499 quia
1702 422 1787 480 iidem

136 524 245 579 dentur.
274 519 318 575 Uti
335 517 416 590 igitur
436 519 475 570 ait
497 514 652 581 Apostolus,
677 515 764 570 Deum
789 530 859 570 nunc
884 530 935 586 per
983 515 1071 587 magis
1090 514 1145 570 vidi
1160 517 1341 571 necessariam
1355 515 1391 571 ad
1410 513 1616 587 percipiendam
1637 513 1783 571 vamtatem

135 611 281 685 speculum
296 611 323 664 et
337 608 369 662 tu
385 605 537 675 oenipmote
552 603 577 673 (l
591 602 654 659 Gor.
670 619 729 668 xnr,
749 603 794 674 la)
809 615 932 658 contem·
983 603 1155 672 sacramenti,
1170 605 1242 660 unde
1256 613 1367 660 acturus
1381 619 1451 659 sum.
1476 603 1556 659 Nunc
1568 602 1651 676 igitur
1666 602 1785 675 primam

134 701 251 773 plantes,
267 696 381 751 multum
395 694 428 748 de
443 694 504 762 ipso
519 691 720 764 cognoscimus,
736 691 759 747 si
774 691 863 761 ipsum
879 707 933 746 uo·
982 693 1180 764 portiunculam
1196 693 1280 763 hujus
1290 692 1393 765 operis,
1403 693 1461 749 Deo
1475 699 1622 759 annuente,
1635 690 1785 764 expediam

134 790 176 845 bis
191 781 506 857 incomprehensibilem,
520 781 547 835 in
565 781 607 835 bis
621 796 681 852 quae
696 797 733 836 ex
747 778 834 836 nihilo
859 780 932 850 lecit,
983 780 1018 838 de
1034 781 1148 838 veritate
1165 782 1299 840 Dominici
1313 782 1437 855 corporis
1448 799 1455 847 ;
1467 781 1623 850 secundam,
1639 781 1676 838 de
1697 780 1787 852 ipsius

78 868 81 873 ’
133 875 286 934 mirabilem
296 875 323 928 in
334 872 422 943 seipso
434 869 577 927 credamus
588 869 790 925 mirabiliorem.
983 872 1147 927 sacramenti
1158 871 1242 928 variis
1251 870 1462 943 quaestiunculis.

663 1158 857 1276 DIVI
901 1160 1260 1281 ALGERI

239 1402 307 1508 bl
337 1394 708 1505 steatomatis
736 1394 995 1500 CORPORIS
1021 1397 1089 1502 al
1117 1397 1402 1506 saltatlis
1429 1401 1674 1510 DOMlNlGl

710 1620 895 1724 LlBER
933 1621 1185 1730 PRIMUS.

387 1885 501 1943 carot
520 1884 667 1940 PlilllUll.
945 1885 972 1946 B
987 1887 1064 1954 mini,
1081 1888 1231 1945 secundum
1247 1906 1326 1962 quern
1343 1890 1430 1948 iactus
1444 1899 1486 1948 est
1500 1892 1633 1950 obediens
1647 1909 1735 1967 usqne
1749 1891 1785 1948 ad

138 2000 212 2070 Quod
227 2000 300 2054 beas
313 1994 456 2050 bominem
463 1993 641 2048 Domintcum
652 2005 702 2062 pro
711 1990 789 2045 nobis
799 2005 932 2062 ursump-

317 2092 389 2153 tuur,
405 2080 598 2155 superomnia
614 2077 769 2134 exaltavit.

169 2195 240 2264 Quia
255 2210 271 2249 a
285 2207 352 2249 vere
367 2189 429 2244 fidei
445 2187 602 2258 cognitione
616 2185 757 2256 originalis
768 2185 860 2240 delicti
876 2200 927 2240 ca-

132 2287 213 2344 citate
239 2281 315 2349 tenti,
350 2281 385 2334 ad
416 2278 505 2334 varios
528 2290 638 2330 errores
665 2274 861 2342 decideramus,
891 2278 930 2340 ut,

132 2374 280 2445 instigante
295 2367 405 2423 diabolo
421 2363 592 2430 idololatria,
602 2371 628 2418 et
643 2372 812 2433 peccatorum
826 2363 932 2434 passio·

132 2463 214 2519 nibus
228 2459 423 2522 deservientes,
440 2455 473 2508 ad
490 2446 604 2507 ruor'tem
619 2451 754 2506 obstinate
770 2461 860 2506 mente
875 2459 931 2505 ten-

133 2553 272 2613 deremus,
289 2561 387 2617 magna
401 2560 449 2598 suu
464 2543 553 2615 gratia
567 2541 683 2596 terbum
697 2542 745 2595 Dei
754 2556 817 2597 caro
830 2542 930 2596 lactum

133 2647 184 2708 est,
201 2645 228 2694 et
243 2634 375 2690 habitavit
388 2633 415 2686 in
436 2632 513 2686 nobis
531 2632 622 2699 (toan.
639 2632 671 2699 ιι)
687 2650 693 2686 :
713 2638 742 2683 ut
763 2629 809 2700 qui
832 2629 865 2684 de
881 2645 930 2683 suo

133 2720 494 2794 eratincomprctrensibilis,
514 2719 548 2774 de
573 2727 666 2774 nostro
689 2717 768 2772 nobis
790 2716 867 2772 lieret
880 2733 931 2772 co-

132 2814 303 2890 gnoscibilis,
320 2821 345 2866 et
358 2811 391 2865 de
406 2814 500 2865 nostro
516 2808 621 2880 quasia
641 2807 730 2863 vicino
749 2807 826 2862 tieret
843 2823 930 2878 appe-

132 2905 225 2971 tibilis,
242 2903 306 2957 durn
321 2915 457 2973 germanae
472 2898 561 2953 carnis
575 2904 673 2951 nostrae
688 2896 802 2967 gloriam
816 2896 843 2949 in
859 2896 929 2967 ipso,

131 2995 248 3068 gloriam
265 2989 341 3062 quasi
357 2987 493 3060 Unigeniti
512 3003 529 3041 a
550 2987 637 3050 Patre,
660 2985 816 3039 videremus
834 3004 839 3039 :
856 2989 884 3039 et
898 3001 930 3040 cx

131 3085 218 3156 ipsius
225 3081 284 3150 jam
296 3077 373 3152 quasi
382 3076 560 3147 cooriginalis
568 3073 664 3146 gloriae
672 3072 824 3127 visibilibus
834 3074 929 3145 signia,

131 3174 159 3228 in
174 3168 348 3227 invisibilium
362 3181 483 3220 amorem
494 3164 573 3235 rapti,
583 3162 618 3217 ad
629 3163 690 3218 vitae
701 3170 808 3217 aeterum
816 3163 930 3232 patriam

130 3262 337 3318 reduceremur.

167 3346 319 3405 Dominicae
345 3343 428 3416 igitur
454 3339 654 3399 incarnationis
677 3355 755 3410 opus,
784 3338 853 3393 sicut
875 3338 928 3409 ipsi

130 3440 189 3498 Deo
215 3453 271 3510 proe
293 3434 400 3490 caeteris
426 3431 553 3486 omnibus
584 3428 711 3500 operibus
733 3427 788 3482 suis
817 3428 928 3498 propria

129 3528 282 3601 proprium,
299 3523 338 3578 sic
353 3538 409 3592 pra
426 3519 555 3575 ominibus
570 3518 699 3588 operibus
718 3516 776 3570 suis
791 3516 928 3586 praecipue

129 3618 194 3673 fecit
215 3613 382 3686 praecipuum
400 3624 406 3663 :
423 3615 451 3663 ut
473 3608 612 3662 bominem
632 3607 661 3658 in
681 3605 783 3659 unitate
804 3620 928 3675 persuum

131 3721 188 3761 suae
210 3708 390 3770 assumptum,
412 3703 440 3751 et
468 3696 546 3767 quasi
574 3711 606 3748 ex
631 3694 761 3763 adjuncta
780 3693 928 3750 divinitate

129 3790 293 3852 deificatum,
310 3787 347 3840 ita
360 3783 535 3857 glorificaret,
544 3790 572 3837 ut
586 3796 639 3835 non
655 3782 743 3836 solum
756 3782 926 3851 hominibus,

130 3881 179 3937 sed
191 3888 217 3934 et
231 3877 357 3932 omnibus
373 3872 506 3944 angelicis
522 3871 661 3941 spiritibus
675 3870 846 3924 adorandum
857 3886 927 3942 prae-

131 3971 234 4033 tereus,
251 3967 278 4020 iu
294 3965 403 4019 dextera
419 3962 468 4016 Dei
485 3960 568 4015 Patris
591 3958 750 4014 collocaret.
774 3960 850 4014 Unde
865 3962 925 4014 Λιι-

132 4059 257 4133 gustinus
271 4055 297 4108 in
321 4053 392 4106 libro
412 4058 507 4105 contra
526 4047 702 4102 blaximinum
721 4047 777 4117 (lib.
798 4051 923 4116 111,c.⁹2,

128 4157 195 4203 toro.
209 4142 287 4206 Vlll,
303 4140 358 4196 col.
376 4138 437 4206 693)
452 4155 459 4192 :
474 4139 523 4190 ait
537 4135 686 4206 Apostolus
702 4153 708 4190 :
725 4138 845 4208 Propter
853 4139 924 4209 qaod

128 4253 194 4293 earu
210 4228 448 4304 superexaltavit,
466 4231 493 4281 et
513 4225 650 4280 dedititii
674 4241 779 4280 nomen
796 4226 867 4298 quod
882 4231 926 4282 eat

128 4339 213 4396 super
227 4335 308 4380 omne
322 4332 426 4372 nomen
440 4332 447 4368 :
463 4319 496 4369 ut
507 4315 538 4369 in
549 4315 665 4369 nomine
675 4315 741 4369 lesu
751 4330 835 4370 ornae
850 4331 925 4387 penu

126 4415 262 4484 flectatur
281 4408 447 4469 caelestium,
483 4403 663 4458 terrestrium
691 4406 720 4458 et
743 4405 924 4473 infernorum

127 4502 244 4573 (Philip.
261 4498 333 4565 ιι,1ι)
350 4513 357 4550 :
373 4495 432 4550 Nec
451 4492 574 4564 quaeritis
597 4491 639 4546 cui
659 4491 812 4559 donaverit,
827 4501 922 4548 utrum

986 1984 1104 2032 mortem
1118 1977 1217 2045 crucis,
1234 1979 1305 2050 quod
1320 1981 1379 2051 jam
1398 1981 1517 2038 habebat
1535 1983 1607 2038 idem
1626 1982 1684 2054 ipse
1700 1983 1785 2038 Filius

986 2065 1035 2120 Dei
1052 2067 1123 2121 Deus
1138 2068 1172 2122 de
1186 2068 1244 2123 Deo
1259 2077 1337 2124 natus
1349 2070 1470 2141 aequalis.
1484 2072 1549 2126 ltem
1564 2071 1783 2145 S.llugustiuus,

985 2154 1043 2224 (lib.
1061 2171 1089 2221 n,
1106 2172 1130 2211 c.
1147 2159 1173 2219 2,
1191 2162 1257 2212 tom.
1275 2159 1344 2221 vill,
1360 2160 1413 2216 col.
1429 2159 1503 2230 693),
1515 2160 1540 2214 in
1556 2161 1677 2217 eodem:
1698 2183 1709 2211 c
1727 2162 1784 2217 llo·

985 2243 1051 2298 mini
1062 2260 1128 2318 ergo
1140 2246 1252 2300 donavit
1266 2247 1326 2312 ista,
1344 2263 1397 2303 non
1415 2249 1481 2304 Deo.
1494 2272 1505 2297 u
1521 2250 1619 2322 Neque
1632 2250 1704 2306 enim
1717 2267 1783 2307 cum

985 2331 1012 2386 in
1032 2333 1118 2388 torma
1141 2335 1287 2405 Delasset,
1305 2352 1359 2392 nou
1383 2338 1506 2393 excelsus
1527 2347 1594 2404 erat,
1618 2346 1736 2396 autnon
1757 2339 1784 2396 ei

984 2437 1075 2494 genua
1101 2422 1256 2491 flectebant,
1286 2426 1415 2496 coelestra,
1445 2427 1581 2482 terrestria
1607 2433 1635 2484 et
1662 2429 1781 2485 interna.

985 2511 1042 2566 Sed
1057 2528 1118 2566 curn
1134 2511 1232 2568 dicitur
1247 2531 1253 2567 :
1270 2517 1389 2587 Propter
1398 2515 1468 2586 quod
1484 2517 1568 2572 illum
1578 2518 1726 2583 exaltavit,
1738 2533 1782 2574 sa·

984 2601 1018 2655 tis
1031 2608 1146 2672 apparet
1168 2613 1277 2674 propter
1300 2605 1364 2675 quid
1384 2605 1459 2660 illum
1484 2606 1653 2663 exaltaverit.
1673 2609 1702 2662 lu
1726 2625 1783 2679 qua

984 2707 1050 2762 ergo
1078 2689 1164 2746 iorrna
1189 2691 1332 2748 crucifixus
1358 2703 1408 2760 est,
1431 2694 1490 2766 ipsa
1511 2696 1625 2752 exaltata
1648 2705 1701 2764 eat,
1726 2697 1781 2769 ipsi

983 2780 1109 2835 donatum
1129 2789 1170 2836 est
1184 2796 1283 2837 nomeu
1305 2783 1378 2855 quod
1397 2791 1539 2855 estsuper
1560 2802 1641 2842 omne
1655 2802 1781 2844 nomen:

983 2876 1013 2925 ut
1026 2869 1255 2940 cumipsaforma
1276 2873 1348 2927 servi
1369 2873 1531 2938 nominetur,
1555 2873 1710 2946 unigenitus
1733 2875 1782 2931 Fi·

983 2958 1034 3013 lius
1055 2959 1106 3014 Dei
1122 2959 1297 3032 intelligatur.
1320 2961 1385 3017 Rem
1412 2963 1580 3035 Augustinus
1605 2963 1633 3018 in
1653 2964 1783 3021 Tractatn

984 3047 1081 3118 psalmi
1097 3048 1185 3103 octavi
1202 3050 1240 3117 (n.
1264 3049 1290 3113 t,
1303 3057 1367 3104 torn.
1388 3052 1434 3119 tv,
1460 3051 1513 3106 col.
1535 3051 1580 3122 il)
1598 3069 1604 3105 :
1624 3074 1635 3101 u
1656 3055 1692 3110 lit
1711 3069 1783 3109 ron·

982 3137 1107 3192 rtr'tru‘sti
1116 3152 1178 3193 eum
1194 3153 1280 3209 super·
1292 3155 1377 3209 opera
1391 3155 1531 3196 manuum
1543 3144 1668 3197 tuorum.
1681 3140 1779 3212 Quan-

943 3242 967 3306 Ο
982 3224 1130 3294 doquidem
1147 3232 1173 3281 et
1188 3241 1271 3296 opera
1286 3243 1413 3282 manuum
1434 3229 1484 3283 Dei
1505 3236 1567 3283 sunt
1577 3230 1677 3301 angeli,
1692 3230 1779 3287 etiarn

982 3330 1065 3383 super
1089 3314 1202 3386 angelos
1225 3317 1399 3371 constitutum
1434 3317 1582 3388 accipimus
1609 3317 1779 3392 unigenitum

981 3402 1089 3466 Filium,
1106 3419 1187 3473 quom
1203 3403 1337 3459 minutum
1351 3404 1432 3475 paulo
1447 3406 1536 3461 minus
1551 3407 1587 3461 ab
1609 3407 1716 3479 angelis
1730 3424 1782 3479 per

982 3491 1156 3547 humilitatem
1181 3494 1299 3548 camelis
1320 3494 1504 3565 generationis
1525 3503 1551 3551 et
1572 3496 1708 3566 passionis
1726 3512 1780 3552 au-

982 3579 1070 3634 dimus
1084 3589 1110 3635 et
1124 3581 1275 3636 eredimus.
1304 3582 1413 3651 Omnia,
1439 3584 1538 3655 inquit,
1559 3584 1705 3657 subjecisti
1728 3588 1781 3643 rab

981 3669 1096 3741 pedibus
1112 3671 1181 3741 ejas.
1198 3670 1271 3724 Nihil
1285 3671 1387 3742 excipit
1402 3688 1464 3726 curu
1479 3671 1543 3729 dicit
1557 3674 1657 3729 omnia.
1673 3696 1685 3722 ι
1701 3674 1781 3732 Etna

982 3758 1060 3812 aliter
1074 3760 1153 3813 liceat
1163 3758 1290 3830 intelligi,
1306 3759 1346 3815 sic
1357 3761 1506 3831 Apostolos
1521 3762 1593 3817 credi
1612 3763 1701 3832 jubet,
1714 3779 1779 3821 cum

981 3846 1066 3902 dicit:
1083 3848 1206 3920 Excepto
1221 3864 1251 3905 eo
1266 3851 1313 3921 qui
1328 3851 1355 3905 ei
1365 3851 1485 3923 subjecit
1499 3851 1593 3908 omniu
1622 3852 1646 3923 (l
1660 3851 1781 3925 Cor·.xv,

980 3937 1038 4004 27).

1015 4051 1073 4108 Nec
1088 4051 1186 4106 mirum
1202 4051 1225 4106 si
1239 4051 1311 4108 filius
1324 4054 1441 4110 hominis
1456 4055 1525 4111 Filio
1539 4054 1590 4111 Dei
1605 4055 1632 4111 iu
1646 4073 1700 4113 una
1712 4074 1781 4130 per-

980 4155 1046 4195 sona
1069 4141 1169 4208 unitus,
1188 4141 1256 4196 sicut
1278 4142 1449 4214 participium
1472 4144 1558 4199 divini
1582 4146 1713 4215 nominis,
1738 4147 1781 4204 sic

979 4229 1057 4283 etiarn
1069 4229 1168 4285 divioae
1186 4230 1284 4300 gloriae
1304 4240 1466 4302 assequatur
1482 4251 1489 4287 :
1506 4240 1535 4287 ut
1549 4234 1682 4291 exaltatus
1696 4251 1781 4306 super

978 4333 1087 4373 omnem
1110 4327 1272 4382 creaturam,
1296 4319 1413 4375 llexione
1437 4337 1557 4393 genuum
1586 4323 1621 4377 ab
1648 4325 1778 4380 omnibus

977 4407 1115 4475 adoretur,
1135 4414 1161 4462 et
1186 4408 1345 4480 Unigenitus
1363 4409 1413 4465 Dei
1437 4426 1485 4480 per
1508 4411 1597 4481 ipsum
1619 4413 1662 4469 cui
1682 4415 1776 4470 unitus

978 4501 1018 4550 est
1039 4495 1205 4551 nominetur.
1227 4498 1280 4552 Cur
1300 4498 1371 4552 enim
1395 4499 1446 4554 troc
1467 4499 1556 4555 miuus
1578 4501 1650 4556 Deus
1674 4501 1778 4558 iaceret

124 4588 227 4645 homini
240 4603 274 4641 an
293 4587 359 4640 Deo.
371 4582 514 4651 Quomodo
529 4579 602 4634 enim
617 4579 767 4650 donaverit,
781 4580 923 4637 evidenter
937 4592 964 4652 D
977 4583 1081 4638 homini
1100 4585 1151 4639 sibi
1165 4587 1344 4655 personaliter
1358 4587 1443 4655 unito,
1461 4605 1540 4658 quam
1564 4605 1613 4659 per
1634 4605 1695 4645 eum
1711 4590 1778 4647 facit

125 4680 249 4750 apparet.
267 4671 443 4736 liuenti-ionii,
459 4670 556 4740 inquit,
583 4669 764 4740 semetipsum
785 4684 871 4742 usque
886 4670 922 4725 ud

125 4771 257 4830 mortem,
278 4766 401 4819 mortem
423 4763 521 4815 autem
539 4759 642 4812 crucis.
665 4758 785 4829 Propter
806 4759 876 4829 quod
893 4762 922 4814 et

100 4864 102 4868 “
125 4857 198 4913 ocur
219 4848 445 4924 superexaltavit
469 4847 562 4911 illum,
587 4850 615 4901 et
639 4846 755 4902 donavit
769 4848 795 4903 et
817 4862 920 4904 nomen

124 4943 195 5020 qaod
210 4945 252 4998 est
267 4954 351 5011 saper
363 4951 446 4992 omne
461 4951 563 4991 nomen
583 4934 687 5004 (ibid.).

158 5029 287 5102 Nunquid
302 5037 450 5098 antequam
465 5024 517 5080 hoc
531 5021 615 5091 fieret,
631 5038 686 5078 non
701 5029 763 5079 crat
783 5025 852 5080 altus
871 5024 919 5081 Fi-

121 5122 173 5178 lius
186 5119 247 5184 Dei,
263 5117 380 5173 Verbum
396 5115 468 5169 Deus
478 5113 551 5184 apud
561 5112 648 5166 Deum
664 5112 730 5167 :sed
740 5121 918 5185 posteaquam

120 5215 233 5283 propter
243 5207 295 5262 hoc
308 5204 438 5260 exaltatus
457 5209 510 5268 est,
532 5200 597 5273 quia
618 5200 706 5256 iactus
727 5210 767 5257 est
787 5203 918 5257 obediens

120 5313 207 5370 usque
222 5295 257 5350 ad
271 5302 385 5349 mortem
401 5291 494 5357 crucis,
518 5297 581 5345 tunc
603 5289 686 5361 coepit
707 5305 767 5346 esse
781 5288 850 5345 altus
870 5290 916 5345 Fi·

976 4671 1064 4726 enima
1079 4673 1186 4742 corpori
1200 4674 1252 4728 sibi
1266 4675 1365 4731 uuito‘?
1380 4676 1491 4731 Confert
1515 4677 1588 4732 eninr
1601 4678 1777 4750 participium

975 4761 1094 4816 nominis
1108 4769 1135 4816 et
1148 4770 1254 4819 uaturae
1268 4780 1350 4836 quarn
1365 4764 1456 4833 babet,
1473 4769 1502 4819 ut
1517 4765 1551 4819 ab
1566 4765 1655 4820 anima
1670 4766 1774 4822 anime-

976 4855 1032 4904 tum
1048 4850 1119 4905 vivat
1132 4858 1158 4905 et
1173 4852 1279 4919 sentiat,
1296 4852 1369 4924 quod
1390 4870 1425 4909 ex
1449 4870 1478 4909 se
1498 4868 1553 4909 uon
1572 4852 1702 4910 habebat.
1718 4855 1775 4912 Sed

974 4944 1001 4994 et
1023 4937 1097 5008 ignis
1126 4937 1229 4994 ferram
1262 4941 1490 5011 transverberans,
1512 4941 1628 5015 ignitum
1659 4943 1772 5009 reddit:

973 5025 1174 5097 candoremque
1197 5043 1275 5082 suurn
1301 5035 1326 5084 et
1351 5030 1468 5085 calorem
1499 5030 1654 5100 conterens,
1684 5032 1774 5104 ipsum

973 5113 1129 5181 scintillare,
1151 5114 1339 5173 flammescere
1358 5126 1383 5174 et
1402 5135 1481 5175 urere
1501 5128 1598 5176 couua
1621 5135 1697 5175 suam
1720 5137 1773 5178 na·

972 5210 1060 5257 turam
1075 5203 1152 5260 tacit.
1171 5204 1238 5259 Cum
1251 5221 1320 5277 ergo
1336 5207 1410 5278 ignis
1433 5206 1529 5280 igniat,
1546 5207 1639 5263 anima
1653 5208 1771 5277 animet,

971 5291 1036 5362 quid
1063 5293 1136 5348 Deus
1162 5293 1213 5348 nisi
1241 5295 1379 5350 hominem
1394 5295 1445 5350 sibi
1463 5298 1567 5352 unitum
1592 5295 1712 5369 deificat,
1743 5308 1771 5358 et

119 5388 172 5442 lius
188 5383 247 5450 bei,
260 5382 354 5437 unicus
364 5379 414 5435 Dei
429 5378 512 5446 Deus,
528 5386 593 5433 tunc
607 5377 688 5449 coepit
702 5377 802 5434 babere
817 5392 915 5435 nomen
969 5395 1051 5452 super
1064 5398 1173 5437 omnem
1188 5388 1338 5439 creaturam
1354 5385 1508 5452 exaltatum,
1524 5383 1658 5455 puritatis,
1673 5388 1770 5442 omni-

118 5473 193 5549 quod
206 5479 339 5542 estsuper
352 5484 434 5526 omne
448 5467 572 5524 nornen?
588 5465 656 5536 Quis
676 5469 729 5524 hoc
746 5467 914 5540 insipientis-
969 5470 1107 5542 potentiae,
1121 5475 1149 5528 et
1159 5471 1274 5541 Deitatis
1288 5475 1372 5530 etiam
1393 5472 1572 5547 prerogativa
1594 5489 1688 5531 secum
1702 5475 1769 5550 glo-

117 5566 206 5623 aimus
218 5559 320 5617 duait
332 5560 347 5615 t
359 5559 419 5616 Hoc
437 5572 507 5631 ergo
526 5555 567 5613 illi
588 5555 720 5613 donatum
744 5562 789 5613 est
811 5563 844 5614 ut
864 5556 916 5615 bo·
966 5556 1079 5617 rilicett
