3728 6000
101 262 130 319 n
454 252 501 319 bn
537 256 827 317 nssnannsunnn
846 252 1001 314 annarias
1018 255 1047 311 s.
1068 254 1214 317 nannai
1246 249 1396 320 ronnas.
1717 265 1752 325 rt

101 388 229 462 quidquid
243 403 310 446 vero
324 387 438 458 adipisci
453 392 559 458 poterat
573 393 670 441 cuncta
688 384 821 456 praedicto
840 383 899 438 loco
913 384 941 443 Α
956 388 1102 453 conscribi,
1131 405 1245 462 quorum
1274 405 1355 443 unum
1372 404 1405 444 ex
1433 388 1544 459 proprie
1574 388 1752 461 impressione

102 478 245 546 tribuebat,
261 494 345 550 quem
363 476 515 533 novissime
530 475 557 529 in
573 472 672 529 linibus
686 473 781 528 Galliae
796 472 898 527 funda·

100 576 184 631 rarat,
194 575 257 636 post
272 566 403 638 preclara
417 563 543 620 coenobia
557 577 617 633 quse
630 578 679 632 per
701 560 811 617 diversa
839 561 900 616 loca

101 663 304 713 construxerat.
323 654 400 710 Unde
415 653 518 709 factum
532 656 574 707 est
588 659 617 705 ut
635 651 714 706 brevi
728 651 820 722 elapso
835 656 900 704 tem·

99 761 161 817 pora
175 759 225 799 res
239 744 341 800 ibidem
354 743 496 815 delegatae,
513 740 612 796 usibus
629 739 743 794 fratrum
758 739 813 794 illic
841 739 899 794 Deo

101 834 275 890 servientium
291 849 341 905 per
355 832 447 888 omnia
461 829 628 886 sufficerent.
644 827 764 897 Quarum
785 844 899 900 posses-

100 926 207 978 sionum
221 922 274 978 sub
285 924 338 978 boc
348 930 471 992 ternpore
482 919 611 975 Ecclesiae
621 918 778 975 collatarum
791 921 900 972 exstant

101 1020 278 1067 monumenta
293 1027 379 1082 usquc
394 1011 422 1064 iu
436 1006 900 1077 hodiernumdiem‚quaequomodo

101 1101 136 1157 ad
148 1100 277 1156 notitiam
288 1104 408 1155 nostram
424 1096 607 1171 pervenerint,
623 1097 676 1153 boc
689 1095 750 1153 loco
779 1096 900 1151 inserere

102 1190 217 1262 dignum
228 1189 368 1245 duximus.

134 1307 179 1362 ll.
196 1306 226 1360 ln
242 1304 360 1362 ecclesia
375 1305 464 1360 fleatae
486 1302 580 1359 blariae
594 1301 778 1358 fornacensis
790 1300 900 1371 quidam

100 1394 246 1452 manninas
270 1393 379 1449 nomine
404 1391 553 1460 Erbaldus,
575 1391 684 1460 exstitit,
710 1391 756 1460 qui
783 1388 900 1445 officium

100 1482 265 1539 thesaurarii
280 1481 307 1537 iu
319 1498 352 1538 aa
374 1481 499 1554 pluribus
527 1481 607 1536 annis
626 1478 834 1545 administravit,
851 1477 901 1533 sed

99 1580 161 1645 post
173 1571 313 1644 aliquanta
326 1586 458 1626 annorum
473 1569 611 1627 curricula
626 1565 721 1623 lethali
749 1564 901 1620 infirmitate

100 1662 260 1732 depressus,
275 1660 311 1716 ad
326 1660 399 1714 flenti
415 1658 520 1714 ilartini
547 1656 670 1730 confugit
696 1653 834 1711 auxilium.
851 1652 901 1708 Cui

952 476 1033 548 sigilli
1048 477 1307 551 datorissigillatnrn
1322 477 1459 545 Ecclesiae,
1475 478 1518 533 cui
1543 479 1661 534 traditur
1690 495 1752 550 pos·

952 565 1049 632 sessio,
1078 566 1239 635 delegatum
1276 567 1392 621 alterum
1426 582 1491 621 vero
1520 582 1576 621 non
1603 567 1753 639 sigillatum

952 653 1080 710 Ecclesiae
1090 655 1135 710 ubi
1150 655 1230 711 sedes
1244 664 1284 712 est
1299 655 1431 727 episcopi,
1447 662 1579 712 remanet.
1594 655 1630 710 lta
1652 657 1754 728 scripta

952 743 1058 799 illarum
1078 745 1278 813 possessionum
1294 761 1355 817 qnae
1379 745 1524 815 antiquitus
1552 746 1611 800 haec
1630 746 1753 802 Ecclesia

953 832 1082 904 possedit,
1099 836 1195 890 eodem
1207 835 1290 890 modo
1300 834 1439 891 canonicis
1458 841 1558 890 sancta
1574 836 1664 890 Mariae
1693 843 1751 892 tra-

953 922 1007 977 dita
1020 920 1103 977 luisse
1118 923 1219 994 liquido
1234 930 1318 994 patet.

988 1014 1032 1068 f5.
1053 1012 1159 1067 Nostris
1172 1012 1252 1067 etiam
1267 1012 1435 1083 temporibus
1449 1012 1572 1068 homines
1593 1013 1752 1086 provectio-

953 1100 990 1156 ris
1004 1100 1091 1157 estatis
1104 1117 1182 1157 scens
1199 1101 1326 1157 Scaldum
1340 1103 1413 1158 circa
1441 1102 1536 1157 flelciu
1567 1111 1594 1159 et
1623 1104 1751 1160 Sanctum

954 1188 1102 1245 Genesium
1131 1190 1248 1255 fuerunt,
1265 1191 1311 1263 qni
1341 1207 1370 1245 se
1398 1191 1433 1245 ab
1454 1191 1674 1247 antecessoribus
1696 1191 1752 1247 suis

954 1279 1059 1335 audisse
1071 1278 1198 1335 dixerunt
1213 1279 1284 1349 qnod
1301 1279 1421 1335 Ecclesia
1436 1280 1488 1336 ista
1510 1281 1658 1352 antiquitus
1680 1280 1753 1336 infra

956 1366 1024 1423 fines
1052 1377 1216 1425 memoratos
1240 1369 1388 1440 praeclaros
1421 1369 1542 1424 redditus
1566 1369 1718 1439 possederit
1741 1387 1749 1435 ;

954 1456 1027 1529 ipses
1042 1473 1110 1513 vero
1120 1457 1306 1530 possessiones
1316 1456 1671 1525 detcrnrinentesdicebant,
1680 1458 1753 1532 quod

954 1545 1053 1601 altaria
1066 1545 1189 1601 villarum
1210 1555 1427 1616 memoratarum,
1445 1555 1531 1618 prata,
1561 1563 1684 1615 nemora,
1701 1555 1753 1602 ter-

955 1650 998 1689 ras
1020 1634 1146 1701 arabiles,
1165 1651 1268 1701 servos,
1297 1636 1420 1702 ancillas,
1439 1643 1465 1691 ct
1486 1642 1601 1692 caeteros
1621 1635 1751 1703 redditus,

100 1750 247 1823 aegmmfi
263 1749 327 1804 dum
342 1748 459 1820 quadam
473 1748 516 1803 die
531 1746 735 1812 ,Ssigperemus‚
758 1750 784 1799 eq
798 1742 832 1798 de
848 1738 1112 1802 ,n„13quosnnnc
1131 1723 1168 1778 ibi
1191 1731 1265 1779 tenet
1288 1724 1441 1796 episcopus,
1458 1725 1578 1780 canonici
1607 1732 1632 1779 et
1653 1724 1754 1780 milites

101 1839 225 1910 tiqnitate
253 1838 334 1909 buius
357 1837 480 1894 ecclesiae
495 1843 586 1891 mutuo
599 1832 848 1897 confabularentur,
858 1848 904 1887 su·

957 1812 1151 1883 coepiscopo.
1171 1812 1270 1867 Altaria
1303 1828 1411 1884 quoqne
1436 1813 1469 1868 de
1506 1814 1646 1880 curtraco,
1669 1821 1696 1869 et
1720 1813 1755 1870 de

103 1929 172 1993 bno·
193 1936 312 2001 egen„
334 1934 402 1992 mi.
423 1925 505 1980 ,niem
527 1924 699 1980 monibus
728 1921 825 1976 nomi,
848 1936 906 1976 res,
957 1901 1068 1955 Henniis
1096 1901 1238 1955 monachis
1261 1900 1464 1956 discedentibus
1476 1901 1547 1972 juris
1564 1901 1605 1955 sui
1624 1901 1755 1956 allodium

103 2017 266 2090 pensionem
290 2023 500 2088 consequentem
519 2013 617 2081 intulit,
641 2011 761 2068 dicens:
787 2031 799 2062 ι
821 2011 901 2076 Vere,

106 2108 223 2173 Fratres,
235 2106 282 2162 bic
295 2106 372 2161 locus
384 2104 493 2160 abbatia
507 2102 608 2158 dudum
623 2102 679 2170 fuit,
705 2100 834 2174 qnoniam
850 2113 902 2171 ego

106 2197 132 2252 in
146 2195 338 2253 vetustissimis
353 2193 520 2250 membranis
533 2191 603 2247 infra
617 2191 751 2247 ambitum
777 2189 903 2245 ecclesias

104 2286 195 2341 Beatae
209 2284 301 2340 biariae
314 2283 440 2354 repositis
458 2281 584 2353 antiquas
598 2278 787 2349 possessiones
802 2276 903 2333 etred-

103 2375 176 2430 ditus
193 2374 278 2443 buius
292 2372 414 2429 ecclesiae
427 2371 580 2442 descriptos
602 2368 754 2440 saepissime
776 2366 841 2439 legi,
857 2364 903 2421 ubi

103 2463 184 2519 etiam
199 2477 342 2519 serrorum
356 2460 417 2530 ejus
430 2468 511 2530 atque
530 2459 687 2515 ancillarum
708 2471 762 2512 non
791 2454 904 2509 minima

102 2551 259 2615 multitudo,
275 2551 491 2608 continebantur.
509 2571 521 2598 s
537 2546 605 2617 Qnae
624 2546 710 2603 verba
738 2544 780 2601 vol
803 2544 904 2616 scripta

103 2640 257 2713 antiquitati
270 2639 395 2697 ecclesia
410 2637 595 2695 testimonium
616 2635 741 2691 reddunt.
759 2632 903 2690 Neminem

104 2739 195 2786 tamen
213 2746 248 2786 ex
261 2729 348 2786 serris
367 2736 414 2785 aut
432 2727 537 2784 ancillis
551 2726 593 2782 vel
607 2723 828 2797 possessionibus
855 2737 903 2778 no-

103 2820 227 2876 minatnn
251 2817 390 2887 indicarit,
420 2816 548 2890 quoniam
575 2830 635 2887 quae
664 2811 838 2886 posteritates
859 2809 903 2866 vel

105 2909 216 2966 familiae
229 2908 311 2964 bodie
326 2906 411 2963 exeis
425 2905 550 2974 existant,
568 2904 611 2960 vel
626 2903 724 2974 quibus
733 2899 904 2957 successori-

104 2998 154 3053 bus
166 2999 195 3053 in
209 2997 363 3054 dominium
380 3011 450 3051 nunc
464 2993 611 3050 tenentium
638 2991 812 3056 devenerint,
840 3005 903 3061 pro·

957 1988 1112 2054 effecerunt,
1128 1990 1192 2060 quia
1206 1995 1297 2043 autom
1315 1997 1467 2043 restaurata
1491 1997 1532 2044 est
1549 1989 1607 2060 ipsa
1623 1989 1752 2056 ecclesia,

957 2078 1013 2147 eius
1021 2078 1187 2150 antiquitatis
1201 2079 1367 2133 monimenta
1381 2077 1484 2133 idcirco
1506 2093 1561 2132 non
1580 2077 1755 2149 deteguntur,

957 2183 991 2222 ne
1001 2167 1070 2221 inter
1084 2165 1155 2221 filios
1173 2166 1315 2239 utriusque
1337 2165 1460 2222 ecclesiae
1482 2165 1590 2236 aliquod
1614 2164 1757 2222 dissidium

956 2257 1000 2312 rel
1012 2255 1203 2313 controversia
1218 2255 1322 2311 oriatur
1335 2270 1386 2326 pro
1396 2255 1553 2325 repetendis
1572 2254 1755 2326 possessioni·

956 2345 1018 2400 bus.
1035 2344 1114 2414 Quod
1129 2360 1193 2400 vero
1208 2344 1327 2400 babeant
1335 2344 1479 2417 privilegia
1498 2344 1675 2400 ecclesiarum
1691 2344 1759 2399 San·

956 2434 990 2489 cti
1010 2432 1134 2502 Quintini
1148 2432 1183 2488 de
1198 2432 1269 2498 foro,
1288 2433 1411 2504 beatique
1424 2432 1498 2489 Petri
1514 2432 1548 2487 de
1571 2431 1660 2487 media
1687 2432 1757 2488 urbe

956 2522 983 2578 in
1000 2521 1098 2594 quibus
1112 2521 1339 2593 congregationes
1355 2520 1461 2576 Christo
1477 2521 1668 2577 famulantium
1692 2521 1757 2576 olim

957 2617 1123 2678 manserunt,
1141 2617 1167 2664 et
1195 2609 1284 2664 adhuc
1311 2609 1493 2664 irrestauratae
1507 2616 1625 2679 manent,
1643 2624 1756 2680 posscs-

957 2699 1103 2771 sionesque
1118 2714 1211 2754 earum
1227 2704 1346 2765 teneant,
1364 2696 1520 2769 plenissime
1531 2697 1660 2753 fatentur.

993 2815 1036 2869 ts.
1067 2814 1120 2870 Sed
1148 2813 1258 2869 etaliud
1287 2811 1472 2868 testimoninm
1498 2813 1557 2883 ejns
1573 2812 1752 2886 antiquitatis,

956 2903 1031 2974 quod
1041 2901 1290 2972 usqueinpraesens
1302 2910 1408 2972 tempus
1424 2907 1574 2971 permanet,
1587 2917 1756 2972 nequaqnam

956 2990 1062 3047 silentio
1091 2991 1237 3063 tegendum
1265 3005 1325 3045 esse
1358 2990 1488 3046 arbitror.
1520 2990 1578 3044 lios
1607 2989 1756 3060 aritiqnitus

104 3097 163 3160 pter
171 3087 325 3144 diuturnam
340 3084 587 3142 exnaeredarionem
611 3098 664 3137 non
686 3079 766 3137 stelle
793 3078 902 3135 θᾶῑθθΐθ
918 3103 943 3166 (2
958 3086 1167 3144 institutustunc
1190 3086 1317 3157 temporis
1338 3087 1501 3143 servabatur
1528 3087 1556 3142 in
1578 3087 1712 3155 ecclesiis,
1728 3095 1759 3143 ut

104 3177 196 3231 valant.
213 3176 300 3247 Cujus
312 3174 401 3232 rerba
419 3188 481 3230 curn
496 3170 637 3229 canonicis
652 3171 741 3225 Beatae
756 3168 848 3224 blariae
864 3183 904 3223 re·

959 3178 1068 3232 nomina
1091 3174 1201 3231 fratrum
1227 3176 1328 3232 cirenm
1353 3175 1535 3247 arljacentinnr
1566 3176 1755 3243 ecclesiarum,

104 3265 226 3331 ferimus,
259 3272 286 3320 et
311 3264 455 3320 nriutem
488 3261 569 3318 uoltis
600 3259 705 3332 plenius
736 3256 905 3312 sciscitamur
959 3267 1219 3338 quibnssamutnas
1238 3266 1375 3321 orationes
1394 3265 1496 3320 debere
1526 3264 1569 3320 vel
1593 3265 1755 3320 societatem

103 3355 210 3426 aperiri,
227 3353 395 3426 respondent
414 3351 520 3407 nullum
548 3349 675 3420 scriptum
696 3346 902 3417 possessionum
957 3356 1113 3425 promisisse
1138 3362 1280 3420 noverant,
1297 3370 1382 3423 super
1400 3361 1521 3409 sanctum
1541 3353 1626 3408 altare
1655 3353 1757 3423 scripta

104 3453 258 3500 unstrutam
274 3440 436 3498 nominatim
452 3448 507 3496 lolli
528 3439 691 3494 bibliofheffl
720 3451 771 3491 ⁸1¹⁰
795 3433 900 3501 hiberi,
957 3452 1133 3515 ponerentur,
1151 3443 1422 3515 quatennssacerdns
1443 3441 1556 3495 missam
1578 3441 1754 3497 cantantibus

104 3533 151 3590 sed
165 3533 262 3606 priscis
275 3531 444 3603 lempOfibus
457 3529 565 3586 evenire
579 3528 676 3599 Ρῠῑῑῐίῑι
693 3533 723 3580 1¹2
736 3524 835 3596 iliquae
849 3523 900 3578 de·
957 3532 1115 3587 nonninarim
1131 3539 1268 3597 restaret,
1284 3547 1344 3586 cum
1358 3532 1390 3583 ad
1413 3530 1487 3584 illum
1507 3530 1594 3585 locum
1623 3530 1753 3597 venisset,

104 3622 306 3677 terminationes
320 3619 413 3674 finium
429 3626 584 3673 nostrorum
600 3632 660 3672 cum
672 3613 778 3685 scriptis
789 3627 898 3667 suorum
956 3639 1009 3694 quo
1023 3621 1121 3676 dicitur
1137 3639 1143 3676 :
1160 3621 1305 3684 Memento,
1318 3620 1445 3684 Domino,
1461 3620 1638 3690 famulorum
1653 3621 1753 3688 famu.

103 3711 354 3791 isslefmle'oemfflf,
383 3724 445 3779 quae
466 3707 525 3777 lam
551 3711 684 3761 Velflslfle
708 3701 792 3757 flimist
808 3700 900 3756 delfi&
955 3713 1103 3783 lorumque
1119 3715 1246 3776 tucrum,
1263 3710 1311 3781 qni
1326 3710 1753 3780 riosprcecerrcruatcorrrstpno

106 3795 453 3872 flussfl⁰21¹¹¹⁸PP⁸f²¹¹b⁸0fl
468 3795 532 3851 0¹⁸5
557 3810 610 3865 ‘11¹st
638 3794 756 3859 fuerumt
781 3789 898 3860 quandiu
952 3802 1028 3872 fidei,
1045 3805 1072 3857 et
1089 3800 1235 3856 dormiunt
1250 3800 1281 3854 in
1300 3814 1397 3855 somno
1410 3799 1498 3870 pacis.
1514 3798 1588 3853 Tunc
1599 3798 1669 3852 enim
1683 3816 1754 3855 unus

105 3889 205 3962 integre
217 3894 385 3951 infusarum,
399 3883 544 3950 El'baldlffi,
561 3883 643 3954 culus
662 3879 791 3938 0⁰⁵¹0diae
817 3894 897 3933 min·
953 3891 1138 3946 ministrorum
1153 3886 1244 3943 altaris
1258 3887 1283 3942 ei
1301 3887 1486 3959 propinquans
1507 3887 1689 3957 praesentabat
1712 3904 1752 3944 re·

106 3979 377 4051 cipataerant,saepc
404 3974 522 4049 legendi)
544 3971 665 4044 lffeslfe
689 3968 771 4026 fflssilss
794 3967 894 4040 Ρθῑῦῑῑι
952 3980 1072 4035 citanda.
1101 3979 1178 4033 lianc
1206 3987 1296 4033 autem
1329 3976 1528 4045 conjunctionis
1555 3975 1750 4032 fraternitatem

106 4061 654 4140 quffiflfisssseffflqussmoefflfli‘·¹¹³³ss
677 4054 896 4123 ³1¹dle⁰l0⁵r⁵t³d
951 4069 1076 4140 antiquos
1095 4068 1242 4123 monachos
1265 4064 1382 4122 coenobii
1411 4064 1491 4133 buius
1512 4080 1575 4120 cnm
1610 4066 1750 4122 monachis

104 4156 445 4229 ¹¹ss¹i¹flf⁰fi⁰0lt³villemel
466 4152 602 4221 notemus
629 4146 785 4204 fifffliSSime
806 4155 896 4201 lamen
950 4156 1045 4213 Sancti
1069 4156 1197 4212 Armandi
1225 4153 1406 4210 llelnonensis
1452 4153 1577 4208 novimus
1608 4154 1746 4222 lrabnisse,

106 4262 222 4313 bnemus
235 4255 309 4328 quod
332 4252 461 4310 relatione
474 4258 587 4324 paterna
611 4246 764 4311 didicimus,
781 4252 810 4300 ut
838 4242 894 4300 sei·
949 4247 1078 4318 scripturn
1099 4260 1215 4317 namque
1239 4243 1314 4311 illud,
1344 4242 1373 4297 in
1402 4257 1455 4315 quo
1485 4242 1596 4298 nomina
1632 4243 1747 4300 fratrum

104 4351 162 4409 licet
174 4362 299 4425 tempore
311 4347 507 4423 persecutionis
519 4345 740 4404 Northmannicae
764 4341 894 4398 nonnulla
950 4336 1042 4393 Sancti
1057 4334 1163 4390 bfartini
1178 4349 1239 4389 cum
1253 4331 1407 4388 nominibus
1437 4331 1548 4387 fratrum
1572 4332 1746 4388 ecclesiarum

104 4451 134 4508 qe
154 4452 315 4525 ,upepoepq
340 4448 465 4507 &1035ae
495 4455 606 4514 nom,
622 4454 649 4501 ei
670 4441 890 4516 possessmpbug
906 4464 932 4525 D
948 4424 1121 4480 finitimarum
1141 4422 1359 4488 continebantur,
1376 4437 1462 4490 usqne
1491 4421 1525 4474 ad
1554 4428 1647 4475 nostra
1677 4429 1748 4475 trm-

106 4565 159 4606 euor
172 4550 255 4607 dente
268 4549 341 4605 beati
357 4546 476 4616 lfartini,
490 4545 519 4600 in
531 4544 610 4613 cujus
624 4541 798 4599 veneratione
825 4538 890 4594 fun·
947 4539 1014 4596 Ρ0Γᾶ
1026 4523 1161 4578 5⁰00l10ffl
1176 4520 1301 4576 ⁰ffl⁰0bl⁰
1313 4519 1475 4574 ¹¹0¹¹¹⁰¹¹fflsi
1491 4518 1639 4588 ft⁰f¹¹¹⁸sssil
1653 4537 1659 4581 ;
1673 4519 1746 4590 quod

105 4646 189 4704 datum
201 4655 260 4704 emi
272 4645 427 4703 ,monium
440 4643 668 4705 monachorum
687 4637 767 4693 beato
792 4635 892 4707 litigio,
949 4623 1031 4678 etiam
1047 4621 1156 4691 qnidam
1172 4628 1324 4675 nostrornm
1340 4618 1466 4672 manibus
1483 4624 1624 4671 tennerunt
1639 4624 1664 4671 et
1679 4634 1746 4674 ocu-

105 4744 329 4802 imnonigofflm
342 4745 431 4798 ΒΜ
446 4738 785 4796 quiaedominjpmiunc
804 4733 890 4788 deve.
948 4720 1183 4791 tisinsperernnt.
1201 4718 1248 4771 llis
1277 4716 1368 4785 itaque
1397 4715 1559 4769 testimoniis
1584 4715 1744 4785 assumptis,

104 4844 193 4908 nimi·
209 4852 256 4900 gui
270 4842 305 4898 ad
318 4840 526 4897 cusiodiendum
541 4836 727 4907 suscipientes¹
743 4841 790 4888 put
804 4831 893 4900 aliqua
949 4834 1009 4891 qtlae
1024 4825 1067 4871 aui
1082 4815 1190 4883 Scf'litllS
1205 4822 1249 4870 nul
1263 4813 1478 4868 successionibus
1501 4812 1691 4882 Gogiloi'lflllls,
1711 4813 1746 4868 fi-

105 4951 196 4999 mutuae
215 4939 408 4998 vicissitudinis
426 4938 516 5012 gratia
533 4935 589 5007 juri
607 4949 658 4990 suo
686 4931 893 5002 mancipanti-Q
949 4915 1201 4985 denitranlltltliltts
1217 4916 1289 4970 hunc
1305 4915 1393 4969 locum
1409 4912 1545 4966 abbatiam
1568 4912 1650 4967 sitisse
1673 4929 1744 4969 con-

105 5057 181 5114 osque
201 5041 228 5096 in
252 5039 414 5096 hodiernum
437 5035 537 5092 etenim
576 5032 649 5088 diem
665 5029 735 5100 apud
754 5044 801 5084 eos
825 5027 895 5081 dens
948 5017 1107 5079 firmamus,
1130 5030 1218 5086 neque
1234 5021 1287 5067 tarn
1306 5010 1438 5082 praerlnra
1458 5010 1610 5064 testimonia
1625 5012 1747 5082 superius

103 5139 189 5196 baberi
203 5138 313 5204 dicitur,
329 5144 414 5208 etper
431 5133 514 5190 rerba
529 5130 683 5200 subscripta
706 5124 889 5199 dignoscitur.
947 5116 1032 5173 relata
1048 5116 1075 5170 in
1088 5131 1186 5170 vanum
1200 5129 1284 5185 nsque
1307 5118 1465 5182 praescntem
1489 5109 1560 5165 aliem
1588 5118 1746 5166 conservata

103 5234 185 5292 terh,
199 5242 291 5291 quiem
307 5232 489 5289 Erhaldlvem
503 5230 586 5285 ruisse
593 5243 647 5283 non
657 5225 822 5290 dubitamus,
831 5221 894 5292 quia
948 5213 1082 5277 fuissent,
1098 5225 1256 5283 quanquam
1272 5207 1449 5279 profiteamur
1468 5222 1522 5262 nou
1534 5206 1626 5262 cannia
1645 5206 1745 5264 notitiae

110 5351 165 5393 nos
180 5339 226 5407 qui
243 5335 272 5391 in
301 5333 405 5391 chartis
420 5328 576 5388 scribendis
599 5325 681 5382 bodie
707 5323 896 5395 frequentatur
948 5319 1052 5366 nostrae
1067 5307 1228 5365 occurrisse.

98 5431 262 5502 iemabillis
275 5429 443 5503 temporibus
452 5425 578 5494 inolevit3
603 5424 673 5480 sicut
691 5421 763 5477 enim
779 5420 893 5491 depos·
983 5419 1028 5474 ll.
1058 5417 1133 5472 idem
1155 5430 1220 5472 sero
1245 5420 1337 5469 auctor
1365 5418 1458 5468 noster
1472 5411 1568 5469 beatus
1587 5410 1701 5484 litigius,
1718 5419 1748 5469 nt

102 5530 266 5589 monibus
286 5535 314 5587 et
328 5526 432 5586 altariis
452 5541 513 5599 quae
534 5522 616 5581 bodie
634 5535 652 5577 a
670 5517 839 5594 principibus
864 5523 894 5574 et
948 5517 974 5572 in
990 5515 1074 5589 gestis
1089 5516 1148 5586 ejus
1161 5513 1270 5587 legitur,
1284 5510 1364 5567 simili
1384 5513 1466 5567 modo
1478 5510 1504 5566 in
1520 5525 1591 5582 pago
1602 5508 1748 5566 lledenan-

101 5629 233 5705 epompio
246 5626 379 5686 Emissis
393 5624 494 5683 danim
504 5623 560 5681 duo
571 5619 756 5697 chirographa
769 5614 893 5677 videmus
948 5622 1024 5674 tenso
1047 5609 1191 5683 municipii
1217 5608 1408 5679 fornacensis,
1431 5606 1506 5682 quod
1531 5614 1644 5663 vocator
1665 5606 1749 5665 Sirti-

233 5729 368 5796 namon.
390 5720 552 5790 CLXXX.
1570 5702 1591 5762 3

54 5810 67 5971 l
