3728 6000
107 193 141 246 rs
556 166 740 259 amaram
760 184 795 243 s.
820 184 965 244 urrann
983 185 1138 244 roantc.
1163 186 1308 246 sanaris
1725 190 1762 249 so

108 311 269 383 aquicinum
284 326 376 366 secum
390 310 491 367 decens
504 309 621 366 libenter
641 309 720 365 nohis
743 309 904 377 collaborat,
918 319 946 377 Α
960 312 1114 384 angelicam
1140 314 1213 369 illum
1242 314 1428 371 salutationem
1452 318 1521 386 (25),
1546 333 1606 397 quaa
1629 318 1656 373 in
1680 318 1757 374 terris

107 402 275 472 ettamipse
296 414 376 470 quarn
398 396 495 455 fratres
507 397 567 468 ejus
594 397 749 455 efficiuntur
776 397 855 453 nobis
875 398 903 451 in
956 401 1119 474 principium
1150 402 1216 457 mihi
1250 403 1349 459 laetitiae
1374 405 1487 470 exstitit,
1516 405 1632 479 singulis
1659 407 1758 465 diebus

104 488 262 549 consiliant
277 496 378 560 patres,
394 487 420 542 in
436 488 536 544 auxilio
558 494 587 543 ut
601 486 709 554 fratres,
725 489 752 542 in
770 486 901 542 famulatu
954 489 1020 544 mihi
1035 492 1164 564 sexagies
1190 492 1321 563 replicat;
1342 501 1369 548 et
1384 492 1470 566 vigies
1485 493 1593 563 quidem
1609 505 1755 568 prostrata,

107 586 137 636 ut
154 578 238 636 sarri.
258 576 336 633 Unde
350 592 407 648 prae
426 576 530 633 steteris
549 575 762 649 provincialibus
783 568 901 632 coennbii
956 577 1042 651 vigies
1064 579 1181 652 genibus
1206 579 1293 649 flexis,
1316 580 1403 655 vigies
1429 590 1520 638 autem
1541 584 1639 640 stando
1656 592 1703 641 aut
1724 586 1754 641 ia

105 669 240 739 majorem
255 683 363 738 semper
383 665 595 722 familiaritatem
615 681 683 738 erga
703 666 901 737 Aquicineuses
953 667 1070 723 ecclesia
1084 676 1131 723 eut
1149 668 1176 723 in
1198 669 1322 726 eubiculo
1344 687 1403 740 suo,
1418 679 1465 726 aut
1482 671 1509 727 in
1532 672 1622 743 aliquo
1646 683 1750 730 secreto

105 757 259 824 habuimus,
274 755 311 812 ita
327 763 356 811 ut
374 755 531 811 communia
545 755 600 810 sint
618 755 710 811 omnia
730 764 830 824 nostra,
848 764 900 810 tam
954 755 1014 812 loeo
1031 779 1042 805 n
1061 758 1124 827 darc,
1142 756 1250 827 Morio,
1266 760 1359 830 pontin
1380 761 1628 832 plantationibus
1644 766 1748 832 tecam,

102 848 264 903 intrinsecos
284 861 366 918 quarn
385 845 567 912 extrinsecus,
590 852 616 900 et
639 844 773 918 quidquid
792 845 900 918 agimus
953 844 1099 903 benedicto
1115 850 1147 902 tu
1163 849 1194 902 in
1217 848 1394 914 mulieribus,
1411 857 1437 904 et
1462 850 1619 906 benedictus
1642 850 1749 908 fructus

103 940 152 1010 p'ro
175 934 306 991 fratribus
328 934 429 989 nostris
450 933 517 989 rivis
544 933 587 989 rel
609 933 756 1001 defunctis,
773 935 823 989 boc
847 949 898 1005 pro
953 934 1054 990 ventris
1069 935 1110 990 tui
1136 937 1212 1007 (Luc.
1234 953 1252 1002 1,
1268 937 1324 1006 28),
1346 938 1410 992 mibi
1426 947 1632 995 commemoret.
1651 963 1663 989 s
1681 942 1748 996 Cum

100 1026 158 1082 illis
172 1040 223 1081 nos
238 1039 320 1095 agere
334 1023 560 1090 concesserimus,
576 1021 649 1079 idem
664 1022 805 1095 reciproca
820 1023 899 1079 vicis·
953 1039 1019 1078 vero
1034 1022 1088 1080 illae
1104 1034 1215 1092 sanctae,
1232 1024 1377 1081 instantius
1395 1026 1477 1082 multa
1492 1028 1669 1100 replicantes,
1686 1046 1748 1085 sese

101 1112 218 1171 situdine
232 1113 268 1168 ab
282 1112 320 1168 eis
335 1111 510 1183 accipiamus.

136 1244 184 1298 aa.
204 1240 349 1310 Coeperunt
364 1235 466 1292 interea
485 1238 586 1293 saeculo
601 1235 788 1293 renuntiantes
803 1251 900 1307 quem·

99 1330 191 1403 plnres
212 1327 351 1399 utriusque
374 1341 456 1381 sexus
479 1326 513 1381 ad
532 1324 676 1382 ecelesiam
697 1334 818 1381 nostram
833 1340 897 1380 eon·

98 1418 230 1475 versionis
244 1417 333 1489 gratia
347 1414 451 1476 venire,
461 1414 592 1485 nobisque
606 1415 640 1470 de
655 1414 710 1469 suis
725 1414 897 1471 factrltatibus

100 1507 219 1564 tradere.
237 1506 324 1561 Prima
341 1513 561 1578 ergo,quantum
578 1504 642 1558 mihi
658 1502 769 1572 ridetur,
787 1504 820 1558 ad
833 1518 898 1559 con·

100 1597 254 1653 versionem
276 1594 351 1650 venit
367 1593 415 1648 ida
429 1594 473 1648 iila
489 1593 589 1649 nobilis
603 1600 738 1658 matrona,
754 1592 833 1664 cujus
847 1609 895 1646 su-

100 1685 193 1758 perius
208 1682 369 1739 memoriam
390 1681 450 1745 feci,
467 1697 527 1753 quaa
546 1681 634 1738 fuerat
659 1683 754 1751 conjux
771 1681 894 1736 fastradi

99 1773 234 1836 advocati,
251 1772 296 1844 qui
318 1786 486 1843 magnopere
515 1771 740 1825 restaurationem
767 1769 898 1824 Ecclesiae

101 1870 201 1919 nostroe
216 1861 308 1917 ridere
323 1859 495 1922 desiderarit,
511 1858 558 1914 sed
582 1866 669 1914 morte
688 1867 844 1930 praeventus
859 1859 897 1913 vi-

100 1953 166 2009 dere
181 1949 311 2022 nequmit.
328 1949 392 2003 Haec
406 1948 485 2003 nobis
499 1947 570 2003 inter
584 1956 772 2003 eaeteraunam
787 1947 897 2002 domum

99 2040 129 2097 iu
143 2040 220 2107 urbe,
243 2047 270 2094 et
285 2036 468 2094 molendinum
483 2036 594 2093 inferius
617 2053 699 2107 supra
718 2037 828 2091 ltfairam
844 2037 896 2092 do-

100 2129 185 2198 narit,
200 2144 260 2199 quae
288 2126 420 2197 usquein
443 2137 604 2197 praesentem
626 2126 699 2181 diem
720 2134 855 2192 tenemus;
871 2133 898 2180 et

97 2232 159 2274 cum
187 2214 366 2279 nobilissima,
384 2228 522 2284 nunquam
539 2221 628 2268 tamen
653 2214 722 2268 inter
739 2211 806 2268 alias
834 2228 898 2267 san·

98 2303 268 2362 ctimoniales
281 2302 333 2356 nisi
344 2301 443 2357 ultimae
453 2301 557 2357 ancillae
566 2300 684 2356 cilicium
695 2310 788 2356 tenere
800 2301 896 2356 voluit.

98 2394 163 2450 Haec
176 2390 224 2448 fuit
239 2406 369 2461 germana
394 2391 495 2445 nobilis
508 2389 581 2444 iliius
595 2389 725 2461 principis
738 2390 897 2446 Theoderici

99 2482 133 2537 de
151 2478 284 2545 Aresniis,
308 2479 354 2550 qui
379 2479 475 2534 eodem
498 2486 621 2550 tempore
643 2479 671 2533 in
693 2479 801 2550 propria
824 2487 898 2535 terra

98 2585 148 2626 sua
161 2568 315 2626 coenobium
331 2568 474 2624 lesciense
496 2583 511 2623 a
527 2567 709 2623 fundamentis
734 2569 896 2635 construxit,

100 2657 284 2729 omnibusque
299 2655 414 2712 officinis
436 2656 554 2728 peractis
573 2656 723 2712 monachos
743 2656 780 2711 ibi
795 2658 896 2729 posuit,

100 2757 128 2806 et
150 2746 334 2803 undevictum
360 2752 387 2800 et
416 2744 540 2800 restitum
569 2745 705 2800 haberent
728 2745 898 2801 abundanter

98 2834 217 2911 providit
232 2850 240 2889 ι
255 2835 334 2904 cujus
355 2835 464 2905 quando
484 2834 585 2889 mentio
602 2834 705 2904 incidit,
721 2843 747 2889 et
770 2835 838 2890 alius
857 2852 898 2891 re·

100 2924 206 2983 ferendi
222 2922 298 2979 locus
313 2938 368 2979 nou
390 2923 448 2989 erit,
469 2921 597 2994 quiddam
621 2923 654 2978 de
670 2939 703 2979 ao
722 2923 809 2978 dicam
825 2924 898 2980 unde

99 3015 202 3088 legenti
231 3012 341 3072 cuilibet
368 3019 396 3066 et
427 3011 527 3066 imitari
551 3010 652 3067 volenti
679 3009 782 3067 utilitas
810 3014 935 3096 possitc

99 3105 228 3162 conferri.
245 3105 294 3160 llic
314 3105 403 3172 itaque
420 3100 604 3156 Theodericus
619 3101 660 3154 rir
676 3100 774 3156 nobilis
794 3109 820 3156 et
834 3116 895 3156 ma·

98 3210 163 3268 gnae
188 3194 327 3267 potentiae,
356 3191 423 3245 dum
452 3197 543 3245 contra
572 3189 699 3244 comitem
727 3191 895 3245 llontensem

98 3282 260 3338 balduinum
277 3282 434 3352 frequenter
457 3277 557 3333 bellum
581 3285 700 3348 gereret,
717 3279 834 3349 quadam
851 3279 895 3334 die

96 3379 265 3446 congregata
281 3385 336 3425 nou
351 3368 458 3424 modica
474 3366 580 3431 militia,
596 3373 694 3422 terram
711 3367 771 3435 ejus
784 3367 894 3422 violen-

96 3467 140 3518 ter
154 3461 278 3526 intravit,
294 3459 461 3527 multamque
485 3455 605 3527 praedam
624 3455 722 3512 exinde
745 3456 894 3525 abducens,

95 3549 167 3607 inter
180 3558 281 3605 caetera
304 3563 367 3617 qum
383 3546 420 3601 ibi
445 3544 530 3618 gessit
552 3545 634 3600 etiam
657 3544 711 3600 diro
731 3546 896 3601 monasteria

953 1111 1084 1169 vindicari
1099 1113 1252 1185 importune
1265 1115 1419 1187 exigerunt,
1432 1117 1541 1172 tandem
1555 1126 1650 1176 sancta
1664 1119 1748 1193 Virgo

951 1202 1045 1259 siccis
1060 1202 1213 1274 respondit:
1228 1227 1239 1252 u
1255 1204 1331 1277 ltogo
1347 1214 1375 1260 ut
1389 1205 1455 1260 mihi
1468 1206 1501 1260 ad
1517 1223 1641 1280 praesens
1651 1208 1686 1265 de
1697 1209 1750 1264 bac

951 1291 1053 1347 ultitrne
1064 1291 1186 1348 inducias
1200 1292 1277 1359 detis,
1290 1301 1318 1349 et
1328 1310 1381 1367 ego
1390 1297 1516 1366 promitto
1530 1296 1688 1369 vobisqnod
1703 1312 1752 1354 re·

951 1379 1007 1437 niet
1021 1390 1127 1452 tempus
1142 1381 1251 1452 qnando
1265 1383 1299 1439 de
1314 1398 1346 1439 eo
1362 1384 1441 1439 robis
1451 1385 1585 1454 justitiam
1601 1387 1707 1456 faciam,
1722 1395 1751 1442 et

951 1478 1046 1526 contra
1060 1470 1197 1526 dominum
1215 1471 1299 1527 helam
1311 1472 1376 1526 nihil
1387 1473 1578 1544 delinquam.»
1589 1476 1748 1549 lioeegoin

952 1559 1069 1629 pueritia
1082 1575 1142 1614 mea
1152 1559 1266 1615 audiens
1277 1559 1373 1616 falsum
1386 1579 1444 1618 esse
1457 1564 1749 1636 eredidi,postearero

912 1677 937 1739 B
953 1664 1047 1702 verum
1063 1664 1123 1703 esse
1138 1648 1259 1718 potuisse
1270 1666 1322 1705 non
1338 1650 1448 1705 nimium
1465 1652 1595 1708 dubitari.
1606 1653 1748 1724 Siquidem

954 1736 1040 1791 abbas
1055 1744 1147 1792 noster
1156 1736 1216 1792 Odo
1225 1746 1284 1808 post
1294 1738 1482 1795 duodecimum
1495 1740 1550 1796 fere
1564 1743 1748 1798 conversionis

951 1827 1750 1897 snaeannumadepiscopatumCameracensisurbistuisset

951 1922 1100 1983 promotus,
1117 1915 1259 1987 sanguinei
1274 1916 1396 1986 ejusdem
1410 1918 1569 1975 Theoderici
1584 1921 1743 1987 contristati,

951 2002 1022 2074 quod
1034 2004 1067 2058 de
1081 2005 1199 2076 conjuge
1214 2020 1261 2059 sua
1273 2005 1375 2076 prolem
1386 2022 1439 2061 non
1455 2009 1575 2075 heberet,
1588 2011 1748 2084 consangui-

952 2092 1045 2147 nitatis
1054 2092 1124 2147 linea
1136 2101 1233 2165 quarta
1244 2111 1291 2149 eos
1303 2095 1537 2170 propinquosesse
1548 2114 1637 2154 eoram
1649 2100 1747 2156 eodem

951 2181 1081 2252 episcopo
1104 2191 1307 2252 accuser-erunt,
1325 2192 1351 2240 et
1372 2184 1415 2240 dio
1446 2195 1545 2242 statuta
1571 2188 1745 2258 jurejurando

951 2268 1187 2336 confirmaverunt,
1218 2272 1311 2344 sicque
1338 2273 1525 2332 eeclesiastico
1552 2277 1662 2348 judicie,
1684 2294 1747 2334 cum

947 2359 1006 2429 jam
1022 2358 1164 2431 plusquam
1179 2377 1215 2414 xx
1225 2361 1302 2416 annis
1314 2361 1393 2418 simul
1409 2365 1746 2440 mansissent,conjugium

951 2447 1018 2502 illud
1043 2448 1153 2503 dissolri
1175 2449 1307 2506 fecerunt.
1334 2451 1496 2508 rixantem
1520 2453 1647 2511 dimidius
1662 2472 1747 2512 annus

951 2536 1103 2603 transierat,
1119 2544 1145 2593 et
1160 2554 1226 2594 eece
1241 2539 1370 2611 praefatus
1384 2541 1570 2599 Theodericus
1599 2544 1626 2599 in
1649 2545 1746 2601 silvam

951 2634 1079 2681 renatum
1098 2642 1217 2699 pergens
1232 2628 1266 2683 ab
1281 2629 1359 2686 lsaac
1378 2629 1411 2685 de
1434 2632 1620 2690 Berlenmonte
1641 2634 1747 2691 insidiis

951 2715 1152 2771 circumventus
1166 2716 1308 2782 occiditur,
1326 2727 1352 2773 et
1367 2719 1402 2773 ad
1417 2721 1574 2777 coenobium
1598 2721 1746 2780 Leseieuse

952 2802 1024 2875 quod
1045 2802 1226 2860 aedificaverat
1252 2805 1362 2877 relatus,
1384 2808 1409 2862 in
1430 2809 1549 2880 capitulo
1567 2820 1630 2867 ante
1653 2813 1745 2869 sedem

952 2892 1058 2948 abbatis
1072 2893 1208 2963 sepelitur.
1229 2894 1357 2967 Tuncque
1373 2896 1512 2970 vulgatum
1522 2906 1562 2954 est
1576 2917 1670 2956 aarum
1686 2917 1747 2958 esse

951 2979 1072 3049 potuisse
1088 2981 1159 3053 quod
1177 2982 1314 3038 solitarius
1328 3001 1357 3039 se
1372 2986 1479 3042 aurlisse
1493 2987 1608 3058 dixerat,
1626 2997 1745 3046 sanctam

951 3068 1059 3124 Mariam
1075 3070 1275 3141 promittentem
1293 3073 1353 3143 qnia
1378 3090 1424 3128 eas
1440 3075 1596 3144 vindicaret,
1613 3088 1638 3133 et
1653 3087 1747 3135 contra

950 3155 1086 3211 dominam
1101 3158 1188 3213 Adam
1202 3162 1257 3228 jam
1269 3161 1303 3215 ab
1318 3177 1350 3216 eo
1365 3172 1517 3234 separatam
1533 3166 1596 3221 nihil
1606 3167 1747 3241 delinque·

950 3251 1006 3300 ret.
1025 3246 1129 3301 Eadem
1151 3249 1386 3314 verodunicae
1408 3254 1506 3308 marito
1530 3271 1578 3311 sno
1599 3256 1745 3326 disjuncta,

951 3334 1082 3390 continuo
1101 3335 1194 3391 relicta
1208 3339 1330 3393 saeculari
1343 3356 1441 3412 pompa
1456 3342 1489 3396 ad
1505 3344 1658 3400 eoenobium
1674 3363 1746 3416 prae·

951 3421 1044 3488 fatum,
1061 3424 1132 3492 quod
1158 3441 1221 3481 eum
1239 3427 1298 3483 viro
1315 3444 1365 3484 suo
1388 3439 1587 3500 construxerat,
1603 3435 1676 3504 abiit,
1695 3452 1746 3493 nec

952 3518 1043 3567 tamen
1065 3521 1170 3569 extrito
1190 3517 1382 3587 proprietatem
1405 3519 1515 3586 dimisit,
1542 3522 1592 3577 sed
1614 3524 1745 3582 aedificata

96 3635 351 3701 sanctimonialium,
368 3634 474 3690 Sanctae
487 3633 587 3688 scilicet
602 3632 716 3688 Waldet
731 3634 804 3688 rudis
818 3635 896 3690 Mon·
947 3599 1026 3669 11111111
1051 3600 1192 3657 1111111111
1212 3603 1263 3658 51111
1287 3607 1368 3663 (11111111
1388 3608 1504 3680 lapidea·
1517 3611 1612 3668 ¹¹⁰¹en³
1630 3630 1746 3687 imm

97 3726 194 3792 tensis,
214 3734 241 3782 et
256 3724 364 3780 Sauetae
377 3721 549 3793 hldeguudis
563 3720 768 3787 hlaibodiensis,
785 3737 896 3779 concre-

98 3813 191 3881 marit,
206 3829 256 3886 pro
280 3826 313 3868 eo
335 3810 408 3882 quod
428 3809 529 3865 ibidem
549 3808 648 3865 milites
665 3809 718 3865 sibi
741 3810 897 3868 resistentes

99 3917 192 3960 comes
205 3906 342 3975 posuerat.

135 4047 179 4102 tt.
196 4043 316 4100 Eremita
336 4040 445 4114 quidam
467 4039 495 4095 in
519 4038 642 4112 proxima
665 4040 744 4110 silva,
759 4058 819 4112 quan
834 4044 897 4099 Bro-

99 4134 210 4192 cherota
231 4139 352 4199 vocatur,
378 4145 553 4186 commanens
575 4128 720 4198 solitarius,
741 4129 807 4186 vidit
828 4131 898 4188 sieut

99 4223 160 4294 ipse
175 4220 318 4284 referebat,
335 4235 390 4275 non
404 4217 574 4286 dormiendo,
587 4217 635 4273 sed
648 4218 796 4289 vigilando,
806 4219 898 4275 media

99 4310 145 4365 die
160 4315 281 4364 sanctam
297 4306 346 4363 Dei
369 4305 529 4379 genitricem
543 4305 669 4371 ltfariam,
685 4305 715 4360 in
727 4305 797 4362 eoelo
813 4307 899 4363 instar

951 3689 1111 3756 Ecclesiam,
1127 3691 1161 3746 de
1177 3693 1328 3750 redditibus
1347 3696 1404 3752 suis
1419 3715 1504 3768 usqne
1519 3700 1552 3756 ad
1572 3701 1653 3758 finem
1669 3703 1745 3773 viril,

951 3776 1162 3853 frequenterque
1186 3783 1327 3839 monachis
1350 3803 1412 3857 quae
1432 3790 1581 3846 necessaria
1604 3799 1681 3848 arant
1695 3794 1741 3848 tri·

950 3865 1018 3936 buit,
1031 3877 1057 3924 et
1070 3868 1142 3940 quod
1150 3871 1291 3929 retulimus
1305 3890 1399 3931 rerum
1414 3876 1499 3934 fuisse
1513 3879 1606 3937 multis
1617 3882 1745 3938 narravit.

951 3958 981 4011 ln
996 3963 1100 4012 tautum
1113 3976 1175 4015 vero
1191 3960 1217 4015 id
1233 3960 1399 4018 diffamatum
1415 3974 1466 4034 est,
1482 3975 1511 4023 ut
1526 3966 1607 4025 etiam
1622 3968 1747 4028 Gosceu-

951 4045 1032 4117 girus
1048 4045 1120 4101 fliius
1132 4047 1247 4107 dominae
1258 4052 1328 4107 Adae
1343 4054 1438 4124 primae
1453 4056 1664 4115 sanctimonialis
1677 4075 1746 4116 nos·

952 4143 1010 4205 trus,
1026 4133 1071 4208 qui
1091 4139 1225 4194 avunculo
1240 4156 1292 4196 suo
1314 4142 1426 4214 praefato
1440 4145 1608 4205 Theoderico
1632 4165 1747 4207 succes-

951 4223 998 4290 sit,
1020 4224 1129 4280 easdem
1167 4225 1344 4285 salutationes
1375 4230 1460 4290 beatae
1495 4235 1589 4292 bfariar
1627 4236 1760 4315 quotidie,

952 4311 1106 4383 replicaret,
1124 4313 1311 4387 militibusque
1330 4319 1387 4374 suis
1410 4338 1457 4378 eas
1485 4322 1575 4381 dicere
1603 4327 1743 4383 suaderet.

101 4398 204 4471 reginae
227 4395 359 4468 praecelso
380 4396 479 4450 throno
503 4394 680 4461 residentem,
697 4393 811 4465 illasque
825 4395 895 4451 duas
910 4388 936 4448 D
953 4398 1137 4469 Quamobrem
1153 4413 1179 4459 et
1195 4404 1253 4478 ipse
1272 4405 1334 4463 licet
1348 4410 1433 4465 multa
1448 4413 1521 4468 mala
1538 4413 1640 4484 fecerit,
1657 4423 1749 4472 tamen

100 4485 309 4559 praenominatas
325 4491 434 4540 sanctas
448 4483 563 4555 pedibus
573 4484 630 4552 ejus
640 4499 669 4538 se
683 4491 895 4554 prosternentes,

99 4583 127 4632 et
147 4577 181 4632 de
210 4574 378 4631 Theoderico
406 4572 577 4638 avesniensi,
595 4572 640 4643 qui
664 4570 897 4630 eeclesiasearum

99 4665 289 4721 combusserat
308 4662 435 4718 ultionem
459 4660 640 4733 postulantes.
667 4660 786 4731 Cumque
811 4665 896 4719 rebe-

99 4761 207 4809 menter
234 4757 431 4823 conquerentes
461 4749 550 4805 aerius
573 4749 706 4818 justitiam
729 4760 896 4822 expeterent,

99 4850 193 4897 sancta
208 4840 291 4911 Virgo
305 4840 342 4895 sic
358 4838 399 4894 eis
414 4837 595 4909 respondebat
610 4854 616 4895 :
637 4859 649 4890 ι
667 4839 780 4906 Parcite,
793 4857 895 4912 quaeso,

100 4930 220 5003 mihique
232 4928 318 4984 nolite
337 4944 397 4983 esse
410 4927 539 4993 molesta,
556 4928 620 4998 quia
635 4928 699 4984 nolo
714 4930 749 4984 ad
774 4948 897 5003 praesens

100 5035 161 5075 eum
176 5033 307 5091 grnrare;
324 5032 393 5071 uror
403 5016 475 5071 enim
490 5016 553 5087 ejus
568 5016 676 5072 domina
689 5019 746 5072 hdo
761 5020 896 5089 quoddam

101 5107 245 5165 servitium
269 5105 337 5160 mihi
358 5104 431 5170 facit,
447 5120 501 5176 quo
529 5121 572 5160 me
596 5105 648 5161 sibi
675 5106 715 5163 sic
737 5106 896 5165 familiarem

99 5195 277 5268 astringitur
297 5207 348 5249 nec
369 5192 430 5264 ipsi,
447 5209 497 5248 nec
521 5194 617 5251 marito
641 5193 699 5265 ejus
714 5199 771 5266 pati
795 5199 896 5269 possim

99 5283 200 5355 aliquid
228 5281 322 5337 inferri
350 5281 528 5354 gravaminis.
562 5286 682 5357 Cumque
714 5284 767 5340 illae
796 5295 896 5342 sancte

98 5370 277 5445 requirerent,
288 5370 361 5444 quod
375 5378 447 5426 esset
461 5371 528 5426 illud
547 5374 697 5441 servitium,
712 5374 898 5446 respondebat

950 4487 1023 4545 bono
1038 4489 1090 4547 line
1107 4492 1187 4549 vitam
1203 4495 1377 4567 terminarit;
1399 4516 1466 4556 nam
1480 4502 1598 4559 sentiens
1612 4521 1641 4561 se
1655 4504 1749 4581 valida

951 4579 1112 4652 egritudine
1135 4582 1270 4654 laborare,
1286 4586 1313 4640 in
1327 4588 1424 4643 eodem
1449 4591 1576 4648 coenobio
1601 4596 1749 4652 monachus

951 4668 1046 4735 factus,
1062 4670 1156 4742 sieque
1170 4671 1325 4743 defunctus,
1342 4676 1419 4744 juata
1441 4682 1603 4736 avunculum
1624 4684 1748 4740 suumin

951 4757 1071 4828 capitulo
1086 4764 1126 4814 est
1142 4762 1270 4830 sepultus.
1288 4761 1340 4831 Qui
1358 4767 1485 4836 quoniam
1502 4767 1536 4824 de
1551 4772 1662 4842 Agnete
1677 4788 1748 4829 con-

948 4846 1015 4918 juge
1039 4862 1096 4914 sua,
1114 4846 1168 4903 filia
1193 4850 1312 4906 anselmi
1328 4853 1362 4908 de
1386 4854 1550 4928 llibotmont,
1569 4861 1672 4930 prolem
1692 4880 1749 4920 non

951 4935 1055 5002 babuit,
1084 4937 1223 4992 Galterum
1252 4941 1382 5012 optimum
1403 4944 1544 5015 juvenem,
1565 4953 1748 5021 germaniani

951 5023 1073 5079 Fastradi
1088 5023 1183 5095 filium,
1197 5043 1383 5087 successorum
1398 5034 1452 5089 sibi
1466 5036 1492 5090 iu
1507 5037 1560 5093 rita
1575 5055 1626 5095 sua
1640 5041 1746 5097 cousti-

952 5111 1014 5167 tuit.
1031 5113 1145 5170 Praelata
1159 5132 1224 5173 rero
1238 5122 1329 5190 Agnes
1341 5138 1408 5177 uxor
1421 5123 1491 5194 ejus,
1504 5126 1642 5184 dominam
1660 5130 1748 5187 hdam

950 5199 1062 5270 imitata,
1079 5202 1174 5261 relicta
1188 5206 1312 5263 saeeulari
1334 5226 1435 5284 pompa
1449 5214 1483 5269 ad
1503 5215 1576 5272 idem
1591 5218 1747 5278 coenobium

951 5288 1026 5357 abiit,
1040 5300 1067 5347 et
1092 5290 1126 5348 de
1140 5294 1290 5352 redditibus
1305 5297 1363 5354 suis
1389 5301 1494 5371 virens,
1511 5305 1612 5365 calices
1639 5292 1745 5382 aureos,

950 5385 977 5434 et
1004 5380 1181 5452 caudelabra,
1196 5386 1333 5458 multaque
1364 5389 1417 5446 alia
1444 5395 1561 5466 pretiosa
1586 5392 1747 5459 ornamenta

133 5497 191 5570 (tt)
212 5497 434 5556 Salutationem.
450 5499 519 5555 Nota
533 5498 676 5556 ftosarium
687 5500 716 5556 ll.
735 5500 866 5574 Virginis,
882 5503 964 5579 uulgo
980 5503 1124 5582 ctopetet,
1142 5511 1351 5576 tunensitatum.
