3728 6000
55 250 113 305 tta
522 248 709 305 Excosnto
729 249 865 302 tutuno
886 248 922 302 tn'
942 247 1083 303 cattio.
1106 278 1139 288 -
1157 247 1264 302 citha.
1664 247 1716 304 lli

56 374 111 437 ιιι,
124 373 438 444 nolnct'tsaperpenncs
450 377 607 436 centorum,
628 377 655 427 et
666 375 760 444 poscit
779 377 858 427 tene·
875 374 902 430 A
916 371 1033 425 delectet
1050 371 1075 423 in
1103 370 1208 432 intimis,
1227 371 1269 437 qni
1288 370 1539 423 l‘atcmlmbcmus
1568 370 1595 423 in
1623 373 1709 425 emtis.

57 460 372 516 tractatatutcmmam
384 461 700 532 (Pscl.xvu).Caligoest
710 461 860 534 noniqueei
916 461 949 514 Et
965 461 1017 515 hoc
1032 460 1110 514 nobis
1121 467 1162 514 est
1177 474 1347 529 magnopere
1365 458 1598 529 perpendendum,
1615 460 1676 530 quia
1692 463 1715 514 is

56 549 111 603 sub
127 548 253 619 pedibas,
271 550 403 619 quianon
423 549 592 605 caeleritate
620 549 655 603 ab
683 549 861 604 interioribus
915 548 960 618 qui
976 547 1097 618 placidus
1112 547 1243 611 aseendit,
1261 547 1388 601 terribilis
1404 546 1512 615 redibit,
1524 554 1551 602 et
1577 547 1714 619 quidquid

57 637 187 700 cernitur,
203 651 257 708 qua
279 637 308 690 in
336 636 522 706 superioribus
536 637 705 691 dominatur.
726 638 860 693 Ascendit
914 637 1065 692 nobiscum
1080 635 1286 691 mansuetudine
1301 636 1442 706 praecepit,
1459 637 1509 691 hoc
1524 651 1540 690 a
1555 636 1634 690 nobis
1649 652 1711 690 curn

59 725 134 781 enim
153 741 240 796 snper
250 724 400 781 Cherubim
414 730 443 780 ct
457 727 573 783 notauit.
593 726 742 781 Cherubim
757 727 859 797 quippe
914 722 1082 780 districtione
1097 722 1201 795 exiget.
1225 724 1314 778 Nemo
1336 738 1403 795 ergo
1420 722 1523 777 indulta
1548 723 1715 794 pmnitentiae

57 814 259 886 plenitudinem
274 812 394 869 scientim
409 813 516 869 dicitur.
535 813 649 869 Proinde
664 831 746 884 snper
768 814 859 884 pleni·
914 815 1039 881 tempora
1053 811 1245 883 parvipendat,
1263 826 1449 866 nenrocuram
1479 815 1521 866 sul
1549 811 1611 865 dum
1642 814 1715 867 valet

58 903 182 958 tudinem
198 902 320 958 scientiae
333 902 487 958 ascendisse
503 902 662 974 perhibetur
686 911 714 957 et
738 903 857 969 volasse,
913 916 1004 972 agere,
1021 899 1154 972 negligat,
1170 901 1233 970 quia
1250 900 1415 970 Redemptor
1429 908 1523 955 noster
1551 908 1625 955 tanto
1649 907 1714 954 tunc

59 992 126 1063 quia
136 992 291 1059 majestatis
305 990 367 1061 ejus
380 991 569 1046 celsitudinem
585 991 860 1047 scientianullacom·
913 989 942 1043 in
958 989 1091 1058 judicium
1119 989 1267 1043 districtior
1291 989 1393 1055 reniet,
1420 996 1523 1058 quanto
1549 988 1629 1043 nobis
1651 997 1714 1044 ante
1795 1035 1802 1043 .

55 1081 215 1152 prehendit.
238 1079 452 1152 Volscitigitur,
469 1080 857 1151 qnialongeinaltnmabin-
910 1077 1043 1147 judicium
1055 1076 1350 1148 magnampatientium
1367 1076 1546 1149 praerogavit.
1566 1078 1629 1131 llaec
1658 1076 1713 1133 ita-

57 1168 169 1224 tellectu
184 1176 279 1222 nostro
289 1184 318 1222 se
334 1170 434 1239 rapuit.
451 1170 556 1225 l'olcctt
574 1185 776 1242 sapcrpcaccr
791 1186 858 1224 cen·
914 1181 966 1237 que
982 1165 1135 1231 nobiscum,
1151 1164 1257 1231 iratres,
1287 1165 1433 1236 agitatae
1454 1166 1480 1220 in
1503 1169 1594 1220 mente
1621 1165 1714 1220 sedula

58 1261 165 1325 torum,
195 1258 257 1328 quia
294 1256 437 1312 scientiam
461 1258 625 1313 transcendit
646 1257 807 1312 animarum.
824 1259 857 1312 lit
913 1255 1201 1326 cogitationeversate,
1218 1254 1341 1325 quamvis
1369 1253 1457 1308 adhuc
1484 1253 1573 1309 rivum
1600 1262 1711 1324 pertur-

55 1344 858 1419 posaittencbrcstaddalcmscam,quiadumcaligine
914 1341 1392 1411 bationibusanimuslluctuet,jam
1408 1350 1497 1397 tanton
1525 1343 1583 1413 spei
1612 1351 1712 1398 nostrae

56 1434 464 1501 mentisnostraeobscuramnr,
475 1452 525 1505 per
539 1436 721 1506 ignorantiam
736 1443 856 1489 nostram
912 1432 1061 1486 anchoram
1077 1432 1104 1484 in
1124 1439 1223 1485 aeterna
1243 1431 1335 1501 patria
1350 1429 1433 1502 ligite,
1450 1431 1626 1485 intentionem
1642 1446 1716 1485 men-

56 1520 137 1574 nobis
153 1519 340 1587 absconditur,
357 1535 421 1575 nea
446 1520 526 1575 nobis
552 1520 635 1576 modo
650 1520 676 1574 in
700 1527 804 1574 aeterna
832 1527 859 1574 ot
913 1519 946 1574 tis
960 1521 989 1573 in
1000 1536 1063 1575 vera
1074 1520 1134 1575 luce
1150 1520 1274 1574 solidate.
1292 1520 1362 1573 Ecce
1377 1519 1411 1572 ad
1435 1520 1533 1573 coelum
1558 1519 1715 1574 ascendisse

56 1606 152 1661 intima
174 1606 296 1662 claritate
319 1607 454 1664 videatur.
471 1608 691 1677 liajestatissuae
710 1608 857 1678 potentiam
911 1609 1047 1665 oredimus
1063 1608 1217 1675 Dominum,
1235 1609 1285 1663 hoc
1307 1623 1375 1679 ergo
1390 1623 1534 1661 servemus
1564 1609 1593 1662 in
1621 1607 1713 1662 medi·

57 1695 218 1750 mortalibus
233 1696 383 1763 abscondit,
399 1712 450 1752 nec
464 1712 479 1751 a
494 1697 574 1752 nobis
589 1699 617 1751 in
637 1697 687 1752 hac
703 1697 757 1751 vita
780 1696 859 1768 regui
872 1727 899 1785 Β
914 1698 1015 1751 tatione
1025 1697 1096 1766 quod
1112 1696 1266 1761 credimus;
1283 1696 1333 1751 etsi
1350 1697 1439 1752 adbuc
1455 1696 1498 1751 hio
1520 1700 1644 1751 tenemur
1670 1696 1714 1750 in-

57 1784 120 1853 ejus
131 1785 221 1857 gloria
236 1793 334 1855 quanta
349 1785 510 1841 intrinsecus
531 1786 654 1854 habetur,
683 1785 856 1857 agnoscitur3
912 1784 1037 1840 firmitate
1059 1785 1189 1854 corporis,
1212 1800 1358 1854 sequamur
1384 1791 1557 1840 tamencum
1585 1783 1713 1856 passibus

57 1884 86 1935 et
101 1881 172 1937 sicut
185 1890 235 1946 est,
246 1881 291 1936 illa
306 1881 425 1938 coelestis
450 1882 529 1955 regni
550 1883 638 1955 gloria
659 1898 713 1939 non
737 1882 857 1939 videtur.
912 1881 1023 1937 amoris.
1039 1883 1100 1936 Non
1115 1890 1205 1936 autem
1220 1881 1321 1937 deserit
1336 1882 1501 1937 desiderium
1516 1890 1637 1937 nostrum
1653 1882 1712 1953 ipse

57 1976 147 2042 Unde,
165 1977 262 2032 tratres
275 1977 440 2047 charissimi,
455 1985 562 2048 oportet
581 1987 608 2033 ut
629 1978 693 2034 illuc
713 1994 860 2048 sequamur
913 1978 959 2049 qui
974 1978 1058 2044 dedit,
1073 1978 1151 2032 lesus
1167 1977 1288 2032 Christus
1303 1978 1435 2034 Dominus
1455 1986 1557 2048 noster,
1582 1979 1629 2050 qui
1646 1977 1712 2034 vivit

58 2071 207 2128 Dominum
221 2073 314 2143 corde,
330 2073 375 2128 ubi
390 2090 452 2129 euru
467 2090 582 2146 corpore
610 2075 768 2131 ascendisse
795 2091 858 2138 cre·
913 2080 942 2130 et
956 2082 1053 2146 regnat
1067 2090 1129 2128 curn
1148 2075 1223 2129 Patre
1238 2074 1264 2128 in
1280 2078 1384 2129 animle
1396 2075 1514 2146 Spiritus
1533 2074 1620 2129 sancti
1638 2075 1711 2129 Deus

57 2170 160 2226 dimus.
177 2171 319 2228 Desideria
339 2178 449 2228 terrena
470 2173 618 2244 fugiamus,
635 2172 703 2228 nihil
724 2174 784 2243 jam
811 2188 861 2228 nos
913 2189 963 2244 per
975 2172 1067 2227 omnia
1081 2172 1181 2228 saecula
1194 2171 1367 2228 seculorum.
1392 2175 1490 2227 tmen.

57 2376 845 2402 mm:

58 2564 406 2669 Expostulo
447 2568 699 2671 ALTERA
731 2569 937 2674 SUPER
965 2565 1242 2672 chunrat
1272 2567 1700 2670 cantitentur.

806 2850 968 2860 ——e--a

562 3029 872 3125 PRAEFATIO
907 3032 1208 3126 thetonis,

92 3309 221 3375 Domine,
233 3311 312 3366 Deus
320 3318 423 3378 noster,
438 3312 484 3384 qui
494 3312 529 3367 ad
541 3313 690 3385 imaginem
702 3323 729 3369 et
739 3314 863 3370 similitu·
877 3314 902 3378 C
916 3314 1062 3373 lruendum
1087 3315 1132 3382 sit,
1155 3315 1206 3370 sed
1234 3329 1289 3370 uon
1315 3314 1367 3368 nisi
1391 3313 1419 3368 in
1435 3322 1469 3381 te,
1487 3323 1512 3369 te
1527 3330 1600 3377 vero,
1623 3329 1640 3369 o
1659 3313 1714 3370 vita

56 3394 150 3451 dinem
161 3406 236 3452 tuam
252 3399 349 3454 creasti
362 3416 425 3468 nos,
442 3401 545 3457 scilicet
564 3402 597 3457 ad
621 3409 646 3457 te
666 3404 858 3474 contemplari·
912 3405 1026 3460 vitarum
1039 3410 1067 3460 et
1081 3405 1183 3460 bonum
1198 3403 1321 3459 omniurn
1336 3402 1478 3471 bonorum,
1492 3410 1519 3457 et
1534 3403 1560 3457 in
1588 3410 1624 3468 tc,
1641 3410 1667 3458 et
1682 3403 1711 3456 in

56 3484 133 3552 dum,
146 3493 227 3557 teque
242 3487 407 3551 fruendum
424 3505 504 3558 quern
518 3506 599 3545 nemo
613 3507 700 3562 usque
714 3492 748 3546 ad
763 3492 858 3546 lruen·
913 3509 953 3549 se.
964 3494 996 3547 Et
1010 3493 1054 3549 hic
1069 3501 1111 3548 est
1125 3492 1219 3547 virens
1247 3501 1273 3546 et
1297 3491 1448 3546 luminosus
1474 3506 1559 3556 amor,
1589 3491 1659 3546 liber
1687 3497 1714 3546 et

57 3571 121 3627 darn
137 3575 350 3645 contemplatur,
362 3576 416 3630 nisi
431 3577 458 3631 in
473 3586 602 3650 quantum
619 3578 717 3633 similis
732 3579 778 3634 tibi
794 3578 858 3635 elli-
914 3581 1035 3636 liberans
1045 3597 1061 3635 a
1071 3580 1365 3652 corruptione‚qiranto
1380 3581 1486 3651 purior,
1500 3588 1574 3634 tanto
1592 3578 1713 3646 dulcior;

57 3660 148 3724 citnr;
164 3662 857 3737 summibonispeoies,quaerapisomnemanimam
913 3677 1014 3739 quanto
1029 3670 1125 3724 tortior
1140 3671 1168 3723 in
1183 3667 1290 3730 ellectu,
1307 3674 1382 3723 tanto
1408 3667 1575 3722 constantior
1598 3667 1625 3721 in
1646 3664 1715 3722 else·

58 3750 226 3806 rationalem
240 3751 379 3809 desiderio
394 3753 442 3820 tui,
457 3758 534 3809 tanto
562 3755 596 3810 ad
621 3762 646 3809 te
674 3756 858 3811 ardentiorem
913 3765 969 3825 ctu,
984 3758 1049 3812 dum
1064 3773 1114 3829 per
1127 3759 1261 3829 pietatem
1271 3756 1404 3813 dulcescit
1418 3756 1445 3810 in
1461 3756 1647 3824 conscientia3
1663 3771 1714 3825 per

57 3844 163 3907 quanto
177 3840 205 3893 in
221 3855 252 3894 se
266 3839 450 3906 mundiorem,
479 3848 557 3898 tanto
575 3852 664 3899 autern
688 3844 858 3900 mundiorem
909 3845 1043 3914 justitiam
1059 3862 1122 3901 vero
1138 3845 1354 3919 vigetinoperis
1374 3844 1498 3900 materia.
1515 3844 1612 3899 Libera
1641 3859 1714 3913 enm,

57 3934 161 3998 quanto
175 3942 190 3980 a
205 3928 396 3997 corporalibus
405 3930 439 3984 ad
454 3931 604 4001 spiritualia
628 3931 797 4001 liberiorem,
822 3933 858 3986 li·
912 3934 1038 4001 Domine,
1056 3934 1084 3989 in
1099 3932 1194 4001 nobis3
1213 3942 1243 3988 ut
1255 3936 1331 3989 caste
1346 3937 1419 3988 amet
1434 3933 1540 4003 Sponsa
1552 3940 1606 4000 tua,
1625 3932 1716 3988 anima

55 4013 120 4069 bera
135 4028 154 4068 a
168 4015 302 4070 servitute
312 4018 494 4086 corruptionis
507 4017 534 4072 id
550 4018 622 4089 qnod
633 4018 681 4072 tibi
696 4019 748 4074 soli
762 4018 858 4075 deser·
912 4017 1075 4084 Christiana,
1092 4018 1192 4073 donata
1213 4017 1343 4088 sauguine
1371 4025 1426 4084 tuo,
1453 4017 1596 4089 pignorata
1621 4015 1716 4086 spiritu

56 4101 114 4157 rire
131 4102 214 4157 debet
228 4102 257 4157 in
271 4105 362 4174 nobis,
378 4120 500 4161 amorem
521 4114 653 4161 nostrum.
676 4109 759 4163 Amor
785 4109 859 4163 enim
912 4107 1099 4170 tuo,utinter
1122 4108 1185 4163 vilre
1210 4107 1291 4176 hujus
1320 4121 1486 4161 aerumnosas
1516 4121 1660 4174 pressuras
1687 4104 1715 4158 in

56 4190 159 4259 estqui
183 4207 245 4246 enm
272 4192 341 4248 liber
364 4202 414 4260 est,
443 4193 549 4250 similes
570 4211 621 4250 nos
648 4195 694 4250 tibi
723 4195 805 4252 elficit
832 4198 860 4251 in
913 4194 993 4250 taedio
1008 4195 1237 4266 peregrinationis
1252 4209 1339 4249 suaea
1364 4203 1389 4248 te
1412 4203 1438 4247 ct
1458 4194 1616 4264 prolongati
1640 4195 1717 4248 inco·

57 4281 174 4342 tanturn,
191 4279 218 4334 in
234 4285 366 4351 quantum
382 4299 432 4337 nos
443 4282 491 4337 tibi
507 4282 588 4337 allicit
605 4300 704 4338 sensus
723 4285 796 4351 ritae,
806 4300 859 4356 quo
913 4284 982 4338 latus
997 4284 1024 4338 in
1037 4292 1108 4339 terra
1123 4283 1210 4337 aliena
1225 4290 1314 4338 cantet
1331 4281 1377 4335 tibi
1394 4284 1529 4336 amatoria
1544 4298 1600 4349 sna,
1626 4289 1653 4335 et
1668 4297 1713 4336 re-

55 4374 83 4423 te
96 4368 199 4433 sentit,
216 4368 367 4439 quicunque
394 4371 458 4426 vivit
473 4371 507 4427 de
518 4372 611 4442 spiritu
627 4373 698 4442 vitae,
711 4373 770 4444 qui,
790 4373 859 4428 sicut
913 4373 1009 4442 spiret,
1026 4377 1053 4426 et
1067 4371 1155 4426 levior
1170 4372 1194 4426 ei
1209 4371 1256 4425 liat
1270 4370 1348 4425 dolor
1368 4385 1443 4436 suus,
1463 4369 1598 4424 alliciatur
1612 4368 1668 4436 tibi,
1688 4376 1714 4423 ot

55 4456 121 4511 dicit
133 4457 291 4527 Apostolus,
311 4459 454 4514 «revelata
467 4459 548 4524 facie,
563 4484 573 4507 ι
586 4460 730 4530 speculans
742 4461 860 4533 gloriam
913 4460 1022 4515 interim
1040 4460 1216 4515 obliviscatur
1233 4460 1280 4513 ubi
1306 4466 1357 4525 est,
1386 4459 1504 4528 accipiat
1532 4456 1638 4528 aliquid
1666 4473 1715 4527 per

56 4552 169 4610 tuam,·
188 4546 217 4599 in
232 4546 358 4601 eamdem
386 4547 563 4619 imaginemn
592 4550 861 4604 transformatur-a
914 4549 1134 4620 quodintelligat
1151 4548 1222 4620 quod
1239 4548 1367 4602 cidecst.
1386 4548 1445 4599 Jam
1463 4545 1716 4614 tempnsmiseren·

56 4634 182 4688 claritate
202 4634 228 4687 ic
252 4634 414 4702 claritatem,
442 4637 510 4692 sicut
540 4653 556 4691 a
580 4637 688 4691 Domini
715 4638 810 4708 spiritu
825 4638 951 4728 (llDdi,
965 4637 1024 4706 jam
1041 4637 1311 4706 venittempas,cum
1328 4635 1431 4688 lactasti
1460 4650 1532 4697 cam,
1550 4641 1575 4687 ct
1597 4632 1714 4687 eduxisti

58 4720 120 4776 Cor.
137 4725 192 4792 nr).
208 4744 219 4770 ι
236 4723 303 4777 Cnrn
320 4723 392 4777 enim
407 4739 527 4779 amamus
543 4742 730 4797 quamcunque
752 4734 859 4781 creatu·
914 4727 940 4780 in
958 4725 1141 4791 solitudinem,
1158 4733 1182 4778 ut
1199 4725 1235 4777 ibi
1248 4723 1400 4793 loquereris
1415 4723 1448 4776 nd
1464 4738 1513 4777 cor
1527 4722 1601 4791 ejus.

57 4823 127 4874 ram,
144 4826 201 4865 non
217 4811 252 4865 ad
267 4812 396 4866 utendum
412 4813 446 4866 ad
463 4817 498 4877 le,
515 4815 564 4868 scd
577 4812 768 4868 adfruendum
780 4815 807 4869 in
819 4831 858 4879 se,
949 4815 1072 4885 Loquere
1088 4828 1162 4883 ergo,
1173 4820 1200 4866 et
1212 4811 1256 4866 dic
1268 4812 1301 4864 ad
1317 4827 1376 4865 eant
1391 4819 1417 4866 et
1434 4811 1468 4864 ad
1481 4827 1530 4866 cor
1545 4810 1620 4878 ejus:
1648 4809 1718 4863 “Sa-

55 4895 244 4968 titamorjarn
262 4916 317 4954 non
340 4915 428 4967 amor,
454 4903 501 4955 sed
530 4902 664 4972 cupiditas
693 4903 734 4957 vel
765 4902 859 4972 libido,
913 4902 956 4955 lus
974 4910 1155 4971 tnaegosum
1174 4901 1380 4967 (Psct.rxx1r)‚
1401 4921 1411 4943 a
1429 4899 1518 4953 dicut
1544 4898 1645 4962 audiat,
1669 4899 1716 4952 in·

55 4987 116 5041 sire
140 4987 243 5057 aliquid
267 4989 432 5058 hujusmodi,
448 5006 508 5044 ctnn
521 4990 621 5044 damno
642 4990 774 5046 libertatis
794 5009 859 5062 per·
913 4989 1150 5060 spirautscntiat,
1172 4988 1205 5041 da
1228 4997 1256 5042 ut
1288 4988 1396 5050 habent,
1426 4997 1454 5040 ut
1483 4987 1643 5040 berredicnnt
1667 4987 1716 5041 tibi

56 5075 219 5130 densetiam
233 5077 350 5147 gratiam
370 5078 497 5146 nominis,
522 5083 549 5132 et
576 5088 750 5150 comparatur
779 5082 862 5135 miser
913 5080 1005 5134 omnia
1020 5079 1150 5132 interiora
1165 5077 1235 5146 ejus,
1253 5086 1280 5131 et
1294 5077 1384 5130 dicant
1400 5076 1446 5129 tibi
1462 5076 1556 5130 omnia
1567 5092 1628 5130 ossa
1639 5075 1714 5144 ejus:

56 5173 141 5226 homo
151 5172 284 5241 jumentis
298 5173 490 5244 insipientibus
506 5179 533 5229 et
547 5174 648 5229 similis
664 5176 703 5230 eis
725 5175 857 5231 allicitur.
916 5196 927 5220 ι
946 5176 1070 5243 Domine,
1086 5175 1146 5245 qais
1161 5176 1255 5229 similis
1271 5174 1317 5227 tibi
1333 5173 1434 5241 (ibid),
1454 5197 1464 5220 ι
1482 5189 1499 5227 o
1524 5173 1629 5242 adjutor
1654 5173 1715 5242 ejus

55 5270 114 5324 Hoc
128 5279 219 5323 autem
235 5279 276 5325 est
289 5287 370 5327 omne
385 5281 524 5341 peccatum
535 5272 595 5342 ejus
606 5275 675 5329 male
687 5274 738 5328 hui
749 5283 775 5329 et
788 5276 860 5330 rnale
914 5282 939 5328 ot
952 5285 1099 5346 susceptor,
1124 5275 1193 5329 etin
1223 5273 1344 5342 alloquio
1372 5273 1408 5327 tui
1439 5273 1524 5326 solius
1553 5270 1713 5326 contusione

55 5366 106 5430 uti,
124 5382 187 5421 cum
202 5375 274 5420 anrnt
291 5368 332 5422 vel
349 5385 615 5443 remquamcunqnc,
633 5372 676 5426 ret
692 5373 858 5442 proximum,
913 5371 1111 5426 contundantur
1125 5373 1202 5425 tritrlti
1219 5372 1263 5440 qni
1285 5371 1377 5423 «iurant
1392 5369 1416 5422 ei
1436 5388 1441 5422 :
1468 5394 1477 5414 ι
1497 5370 1556 5422 Non
1573 5375 1612 5421 cst
1640 5369 1714 5423 salus

56 5464 99 5517 vel
115 5464 249 5534 scipsum,
267 5480 320 5518 non
336 5465 368 5519 ad
385 5467 524 5536 utendum,
540 5472 568 5521 ut
583 5468 685 5524 dictum
706 5476 757 5534 est,
773 5469 807 5522 ad
823 5477 858 5536 te,
913 5467 951 5521 illi
967 5468 994 5520 in
1010 5467 1066 5522 Deo
1081 5468 1141 5536 ejus
1156 5469 1247 5535 (Parti.
1261 5474 1311 5533 iri).
1332 5489 1342 5513 ι
1361 5465 1504 5533 Collorprin
1516 5472 1561 5517 tuo
1584 5479 1670 5532 amor,
1688 5466 1712 5517 si

56 5561 153 5618 sedad
168 5561 316 5618 fruendum
326 5561 400 5618 inse.
413 5562 546 5632 Quamvis
559 5575 584 5623 et
591 5565 752 5637 proximoot
768 5564 859 5637 seipso
913 5579 968 5620 non
995 5572 1045 5633 est,
1060 5564 1124 5635 tiat;
1140 5564 1161 5618 si
1175 5572 1226 5633 cst,
1256 5573 1361 5620 arescot
1392 5567 1419 5618 et
1442 5561 1601 5630 incalescat,
1621 5562 1709 5617 donec
