3728 6000
121 244 171 298 tot

576 237 762 296 assutum
781 239 810 295 S.
827 237 978 296 saarim
996 238 1146 298 ronuta.
1166 242 1311 300 abbans

1711 254 1762 308 108

117 365 195 422 Unde
210 365 292 420 etiam
317 363 344 418 in
359 363 480 435 negotio,
496 363 568 435 quod
588 370 651 435 post
668 363 767 419 factam
791 380 907 420 concor·
922 366 951 428 A
965 366 1157 436 poenitueruut,
1173 367 1296 424 ridentes
1316 370 1389 441 quod
1413 372 1498 430 semel
1519 382 1713 433 concesserant
1732 391 1763 432 sa

118 453 192 509 diam
206 452 330 524 protinus
350 451 520 522 inceperunt,
537 452 614 523 quasi
636 452 730 507 iratres
745 460 773 509 et
790 453 856 509 socii
870 453 909 509 eis

58 582 61 589 -
116 542 230 599 fuimus.
250 541 296 595 Eat
309 547 398 595 autem
414 539 573 609 hujusmodi
586 540 739 612 negotium.

154 633 198 685 sb.
227 628 405 684 Tornacensis
430 627 527 684 civitas
553 629 619 683 olim
647 628 786 699 proprium
815 628 911 684 babuit

96 718 290 790 *episcopum
303 717 380 773 Unde
391 716 418 770 in
426 717 479 771 rita
489 716 574 772 sancti
584 717 706 772 bledardi
718 717 816 789 legitur
827 718 908 786 quod,

116 822 178 865 cum
194 815 262 862 esset
279 821 346 877 puer
359 804 386 859 in
399 804 492 861 schola
505 804 625 872 discens,
642 805 766 878 praedixit
780 806 911 861 Eleuthe-

116 895 345 966 r·ium,quemdam
361 908 516 964 comparem
531 910 766 959 suum,summum
781 895 830 949 Dei
845 909 912 966 pou·

117 983 220 1039 tilicem
236 983 262 1035 in
278 981 344 1036 urbe
361 981 485 1037 Tornaco
506 982 624 1036 laturum
642 999 648 1037 :
666 983 738 1054 quod
763 990 858 1053 postea
872 982 912 1037 rei

117 1071 246 1144 probavit
260 1079 382 1126 eventus.
399 1070 466 1125 Cam
490 1086 556 1142 ergo
579 1070 676 1125 beatus
700 1071 869 1126 Eleutherius
883 1071 912 1125 iu

117 1160 185 1216 urbe
199 1160 333 1224 Tornaco,
350 1166 459 1213 sanetus
473 1173 538 1215 vero
560 1159 706 1214 bladardus
730 1159 758 1213 in
773 1159 911 1214 Vermau-

117 1247 195 1304 densi
210 1248 296 1302 lactus
312 1246 407 1301 fuisset
421 1247 576 1319 episcopus,
593 1246 746 1302 Ludovicus
761 1263 810 1301 rex
825 1248 911 1301 Fran-

116 1350 222 1402 corum,
238 1349 318 1405 quem
341 1334 486 1405 baptizavit
507 1343 619 1390 sanctus
642 1335 791 1406 Remigius,
807 1334 911 1389 Torna-

115 1440 177 1481 cum
196 1424 281 1492 venit,
298 1421 424 1478 eumdem
449 1430 571 1477 sanctum
587 1423 773 1478 Eleutherium
792 1423 849 1490 (32)
864 1438 911 1478 ro·

963 453 1073 509 ulterius
1082 470 1136 510 non
1151 470 1232 525 posse
1241 465 1355 514 mutare.

999 543 1280 601 tlt.1ntiimsaneti
1304 547 1421 622 Remigii
1450 550 1598 608 Remorum
1623 553 1759 625 pontilicis

964 630 1117 689 continetur
1127 633 1199 702 qnod
1211 641 1331 704 tempore
1345 637 1402 704 ejus
1412 638 1556 695 Remensis
1571 642 1694 698 Ecclesia
1706 660 1763 700 me·

964 718 1077 788 tropolis
1091 719 1234 775 duodecim
1250 724 1457 795 episcopussub
1471 744 1501 783 se
1516 729 1641 794 babebat,
1654 732 1763 788 scilieet

966 807 1205 877 silvanectensem,
1218 809 1455 877 catalaunensem,
1468 817 1693 887 Ambienensem,
1702 822 1760 877 Rel-

965 909 1121 961 vasensem,
1146 896 1380 966 Suessionenscm,
1406 901 1613 960 Lauduneusem
1636 908 1693 977 (qui
1708 926 1761 964 au-

965 982 1075 1052 tiquitus
1097 1000 1151 1041 non
1174 985 1270 1054 iuerat,
1292 988 1341 1042 sed
1363 989 1398 1043 ab
1426 989 1486 1061 ipso
1513 1003 1606 1050 sancto
1634 997 1762 1070 Remigio

965 1071 1102 1127 institutus
1121 1080 1172 1139 est,
1188 1074 1259 1129 dans
1281 1076 1306 1130 ei
1321 1076 1354 1130 de
1371 1079 1429 1132 suis
1443 1079 1598 1153 municipiis
1613 1099 1675 1138 eum
1699 1086 1761 1156 ipso

965 1160 1093 1216 lauduno
1109 1162 1155 1233 qui
1183 1163 1216 1217 de
1230 1165 1359 1235 parocbia
1379 1166 1506 1223 Remeusi
1524 1171 1683 1245 exstiterat).
1700 1174 1760 1230 No-

965 1247 1143 1317 viomensem,
1157 1249 1459 1324 atrebatensemquem
1475 1256 1554 1311 etiam
1568 1259 1674 1328 primus
1689 1262 1762 1317 ordi·

965 1332 1039 1388 nevit
1054 1333 1119 1404 (33),
1136 1333 1370 1405 cameracensem,
1388 1339 1596 1410 Tornacensem,
1621 1344 1760 1402 llorinen-

965 1436 1023 1476 sem
1038 1429 1064 1476 et
1079 1421 1279 1479 boloniensem.

115 1513 193 1585 gavit
208 1516 237 1566 ut
260 1526 310 1581 pro
334 1517 446 1581 peccato
462 1510 535 1581 quod
557 1511 729 1566 commiserat
748 1517 775 1566 et
788 1510 912 1566 confiteri
1002 1508 1046 1565 9⁶2.
1064 1508 1197 1565 Defuncto
1224 1509 1303 1566 beato
1331 1512 1469 1582 bledardo,
1499 1524 1579 1589 atque
1606 1518 1762 1578 suessionis

115 1598 301 1662 embescebat,
313 1599 411 1652 Christi
423 1598 638 1654 misericordiam
649 1598 808 1669 imploraret
819 1615 825 1655 :
837 1597 912 1672 quod
965 1596 1080 1666 sepulte,
1098 1596 1246 1653 lotharius
1269 1615 1318 1654 rex
1334 1600 1499 1657 Francorum
1514 1603 1585 1659 filius
1599 1623 1681 1678 supra
1696 1608 1761 1664 dicti

114 1690 157 1745 vir
167 1689 217 1744 Dei
233 1687 346 1753 iaciens,
358 1687 392 1742 ab
407 1686 506 1759 angelo
518 1703 547 1742 se
558 1687 718 1742 exauditum
730 1703 792 1742 esse
805 1702 909 1759 coguo-
924 1686 952 1749 B
965 1682 1094 1738 Ludovioi
1115 1685 1261 1741 ecclesiam
1289 1703 1371 1758 super
1400 1705 1498 1760 corpus
1524 1693 1581 1761 ejus
1598 1694 1754 1752 aediiieavit.

114 1777 153 1834 vit
180 1777 323 1848 ipsumque
344 1773 403 1844 regi
431 1775 531 1830 crimen
558 1775 690 1845 scriptum
710 1774 808 1830 attulit.
834 1775 911 1830 Unde
966 1772 1027 1826 l‘ost
1041 1771 1145 1843 aliquot
1158 1789 1224 1830 vero
1239 1789 1328 1829 annos
1343 1776 1413 1831 idem
1430 1794 1477 1833 rex
1492 1781 1623 1848 moriens,
1636 1791 1660 1837 et
1675 1784 1703 1838 iu
1716 1800 1760 1841 eo

112 1882 163 1922 rex
176 1865 342 1919 exhilaratus
359 1864 416 1917 Dee
431 1870 457 1916 et
471 1864 552 1918 beato
567 1862 626 1932 ejus
640 1863 791 1917 contessori
806 1863 911 1935 gratias

112 1953 218 2018 retulit,
242 1952 383 2022 multaque
411 1950 483 2005 dona
510 1951 535 2005 ei
565 1950 725 2024 relinquens
739 1951 772 2004 ad
800 1951 909 2022 propria

111 2041 203 2097 rediit.
224 2042 319 2095 Postea
335 2037 449 2110 contigit
463 2048 491 2092 ut
511 2040 606 2094 beatus
619 2028 792 2094 Eleutherius'
804 2040 909 2093 Torua·

111 2130 203 2187 sensis
217 2128 374 2199 episeopus,
391 2143 448 2196 prae
462 2127 546 2181 nimia
556 2136 693 2183 senectute
704 2126 906 2192 etinlirmitate,

109 2216 291 2287 caligantibus
305 2215 401 2281 oculis,
417 2213 536 2270 officium
551 2214 708 2286 episcopale
724 2215 838 2284 implere
853 2229 906 2269 nou

109 2312 200 2377 posset
214 2322 221 2367 ;
243 2319 291 2373 pro
308 2304 417 2372 antiqua
438 2319 502 2374 ergo
518 2302 700 2358 familiaritate
721 2303 825 2375 rogavit
840 2318 907 2357 san·

109 2401 182 2448 etum
207 2391 363 2446 lledardum
381 2391 614 2447 Vermaudensem
637 2391 796 2462 episcopum
825 2399 853 2445 ut
876 2407 906 2446 se

108 2488 217 2551 iuvaret
231 2479 265 2535 ad
280 2479 432 2550 explendos
447 2479 558 2535 ordines
568 2495 660 2535 sacros
670 2488 697 2534 et
707 2479 906 2535 consecrandas

110 2569 250 2635 ecclesias,
268 2575 423 2637 eaeteraque
437 2568 593 2639 peragenda
613 2567 699 2622 officia
721 2567 900 2638 episcopalia.

110 2655 252 2726 bequievit
278 2655 335 2720 ille,
366 2656 520 2727 saepiusque
547 2654 659 2710 visitans
685 2656 849 2722 Turnacum,
879 2662 904 2708 et

110 2745 225 2804 verbum
239 2743 288 2798 Dei
304 2742 455 2813 predicans
470 2758 524 2797 non
538 2743 674 2799 modicum
689 2742 807 2797 savorem
822 2742 904 2812 adep

111 2841 155 2889 tus
169 2838 211 2888 est
226 2832 306 2886 totius
320 2831 384 2886 cleri
399 2846 431 2886 ac
443 2831 548 2901 populi.
569 2831 636 2886 Cum
659 2845 723 2886 vero
746 2829 904 2885 defunctum

111 2921 219 2976 beatum
234 2918 419 2974 Eleutherium
440 2918 511 2973 idem
534 2927 643 2973 sauctus
658 2919 801 2974 bladardus
821 2919 904 2972 missa

963 1859 1025 1914 dem
1041 1859 1102 1915 loco
1117 1862 1245 1932 sepultus,
1262 1872 1376 1936 quatuor
1394 1864 1463 1921 lilios
1477 1868 1600 1924 haeredes
1615 1872 1693 1944 regni
1711 1889 1759 1930 re-

964 1947 1039 2016 liquit
1055 1948 1244 2010 liarebertum,
1262 1950 1463 2022 Guutrannum,
1479 1955 1664 2028 sigebertum,
1681 1959 1758 2016 Cbil-

963 2036 1094 2105 pericum,
1109 2037 1153 2105 qui
1169 2052 1281 2108 regnum
1295 2038 1365 2094 iuter
1379 2057 1409 2096 se
1423 2041 1584 2110 dividentes,
1596 2046 1759 2105 sarabertus

962 2120 1056 2174 sedern
1071 2120 1122 2173 sibi
1137 2121 1273 2175 constituit
1297 2123 1414 2190 l'arisiis,
1443 2126 1618 2183 Guntranuus
1633 2134 1758 2187 Aurelia-

961 2208 1013 2272 nis,
1036 2207 1193 2278 sigebertus
1210 2209 1309 2278 Remis,
1329 2211 1499 2282 Cbilpericus
1513 2215 1759 2276 Suessioniscbil·

962 2296 1067 2367 pericus
1088 2297 1165 2350 duxit
1178 2312 1302 2363 uxorem,
1319 2300 1428 2356 nomine
1443 2301 1630 2373 Audoveram,
1648 2309 1757 2365 babens

959 2384 1147 2452 concubinam,
1157 2385 1266 2440 noniine
1286 2387 1504 2461 Fredegundem.
1519 2390 1586 2460 Quae
1600 2394 1757 2468 Fredeguu·

959 2471 1000 2526 ‹lis
1014 2473 1188 2528 Audoveram
1210 2475 1333 2545 reginam
1353 2477 1398 2530 tali
1415 2477 1510 2534 fraude
1525 2480 1630 2552 decepit
1645 2500 1652 2539 :
1669 2487 1755 2541 suasit

959 2560 983 2614 ei
1005 2568 1034 2615 ut
1055 2558 1147 2626 filiam,
1165 2576 1250 2632 quam
1272 2579 1306 2616 ex
1328 2563 1481 2634 Cbilperico
1505 2566 1623 2624 babebat
1645 2571 1704 2642 ipsa
1718 2573 1755 2629 de

958 2663 1036 2704 sacro
1066 2649 1151 2717 lente,
1182 2665 1234 2704 non
1264 2651 1316 2705 alia
1345 2653 1606 2725 susciperetrquod
1634 2658 1680 2713 illa
1708 2677 1755 2717 se-

958 2737 1037 2791 ducta
1056 2736 1129 2792 iecit.
1149 2736 1332 2806 Quamobrem
1348 2755 1364 2794 a
1378 2741 1473 2797 marito
1493 2758 1543 2798 suo
1558 2755 1686 2815 separata
1701 2754 1754 2817 est,

960 2827 1051 2897 sicque
1067 2826 1406 2896 Fredegundiseoncubina
1421 2830 1448 2884 in
1461 2831 1619 2904 eonjugium
1635 2838 1757 2895 transiit.

957 2914 1111 2984 Episcopus
1126 2914 1171 2983 qui
1192 2931 1303 2985 puerum
1319 2916 1464 2984 baptizavit
1485 2920 1581 2975 exsilio
1593 2923 1750 2980 damnatur.

110 3009 245 3066 celebrata
260 3008 288 3061 iu
303 3007 416 3062 ecelesia
441 3006 533 3061 Sancti
547 3008 617 3060 Petri
639 3006 839 3061 blandiniensis
854 3021 902 3061 so·
918 3025 943 3088 C
958 3002 1054 3058 Franci
1077 3001 1121 3071 qui
1136 3001 1186 3055 sub
1202 3002 1303 3057 ditione
1318 3003 1459 3074 Cbilperici
1476 3015 1561 3073 erant,
1573 3009 1607 3064 ad
1621 3009 1756 3084 sigeber-

110 3098 234 3153 lemniter
249 3097 400 3164 sepelisset,
413 3102 440 3149 et
450 3094 540 3150 clerici
555 3095 742 3150 Tornacenses
757 3094 791 3150 ad
802 3094 904 3167 eligen-

111 3186 175 3242 dum
191 3186 349 3256 episcopum
371 3184 578 3248 convenissent,
594 3182 720 3238 videntes
743 3183 905 3254 religionem

110 3283 137 3330 et
151 3275 314 3345 probitatem
343 3271 427 3327 sancti
454 3270 586 3339 lledardi,
607 3271 675 3325 sieut
698 3271 853 3326 Suessionis
878 3271 907 3325 iu

110 3363 174 3418 Vita
192 3362 252 3431 ejus
276 3362 405 3432 scriptum
426 3359 524 3428 reperi,
540 3375 601 3414 eum
624 3359 676 3413 sibi
692 3359 832 3431 elegerunt
844 3359 905 3430 epi-

111 3466 235 3521 scopum,
247 3451 367 3505 dicentes
376 3449 448 3518 quod
459 3449 528 3504 sicut
542 3447 650 3503 vivente
663 3448 742 3502 beato
750 3447 907 3503 Eleutherio

112 3555 160 3612 per
173 3539 283 3609 aliquod
297 3547 404 3608 tempus
420 3543 561 3605 utrumque
575 3536 760 3606 episcopatum
777 3536 846 3591 bene
861 3552 907 3591 re·

113 3627 208 3693 risset,
224 3627 260 3680 ita
283 3625 367 3679 etiam
392 3632 454 3692 post
478 3623 582 3679 obitum
610 3623 671 3693 ejus
686 3623 779 3678 iacere
807 3632 907 3693 posset.

112 3713 271 3771 Reluctatur
283 3711 326 3768 vir
350 3714 443 3766 beatus
457 3718 484 3765 et
506 3711 673 3775 contradicit,
689 3710 782 3765 dicens
795 3727 845 3766 nec
859 3727 909 3767 ca-

111 3804 253 3867 nonicum,
274 3816 308 3855 ne
324 3798 452 3871 possibile
466 3798 517 3852 sibi
532 3813 594 3853 esse
610 3807 638 3853 ut
651 3797 720 3853 duos
736 3799 910 3868 episcopatus

115 3899 213 3958 teneat,
229 3890 346 3960 ideoque
369 3904 399 3943 sa
421 3895 524 3941 tantum
540 3901 608 3942 onus
632 3903 689 3942 non
709 3895 909 3958 suscepturum,

959 3098 1015 3144 tum
1038 3098 1198 3158 transeunt;
1222 3090 1392 3160 chilpericus
1411 3110 1475 3149 vero
1503 3095 1613 3167 lugiens
1640 3098 1755 3155 fratrem

959 3195 1048 3246 suum,
1066 3178 1144 3248 petiit
1162 3179 1298 3233 civitatem
1314 3181 1476 3250 Tornacum,
1493 3199 1554 3253 quaa
1568 3187 1594 3240 in
1619 3187 1756 3244 divisione

959 3282 1009 3322 sua
1023 3266 1220 3333 continebatur,
1233 3283 1313 3337 quem
1329 3267 1401 3324 cives
1424 3271 1548 3338 eiusdem
1564 3274 1639 3329 urbis
1654 3291 1757 3332 susce·

960 3362 1068 3425 perant,
1081 3364 1107 3410 et
1121 3364 1263 3426 coeperunt
1272 3372 1396 3429 pugnare
1408 3367 1505 3415 contra
1515 3362 1662 3431 praelatum
1674 3363 1756 3436 Sige-

961 3443 1076 3508 bertum,
1097 3443 1141 3498 cui
1165 3454 1332 3516 congregato
1351 3455 1475 3503 exercitu
1498 3449 1606 3506 obsedit
1629 3452 1656 3505 in
1686 3453 1756 3508 urbe

962 3532 1084 3586 Tornaeo
1100 3530 1210 3587 tratrem
1223 3549 1313 3588 suum.
1331 3533 1517 3607 Fredegundis
1530 3553 1595 3594 vero
1610 3539 1758 3611 chilperici

963 3636 1032 3674 asor
1047 3635 1154 3686 verens,
1165 3637 1198 3675 ne
1214 3620 1329 3691 populus
1342 3623 1523 3680 Tornacensis
1539 3635 1668 3697 pertaesus
1682 3628 1757 3684 obsi-

962 3707 1062 3775 dionis,
1077 3724 1106 3762 sa
1119 3715 1145 3762 et
1165 3708 1292 3763 maritum
1308 3726 1387 3764 suum
1412 3711 1529 3768 traderet
1543 3715 1668 3782 inimicis,
1687 3731 1756 3772 con-

963 3795 1070 3851 vocavit
1079 3795 1147 3851 duos
1154 3795 1273 3865 juvenes
1285 3797 1382 3853 lerocis
1394 3800 1487 3868 animi,
1496 3801 1630 3870 pollicens
1640 3804 1680 3860 eis
1690 3821 1759 3877 pne·

963 3884 1060 3939 miset
1075 3884 1202 3950 bonores,
1218 3884 1242 3938 si
1254 3900 1349 3960 regem
1370 3887 1541 3960 sigebertum
1556 3890 1754 3950 interficerent.

118 3981 196 4050 cujus
210 3977 369 4052 gravamine
384 3990 494 4048 pressus
508 3974 646 4030 deficeret.
662 3975 848 4031 Tornacenses
867 3975 911 4029 iu·
965 3972 1017 4041 Qui
1035 3972 1156 4028 consiliis
1176 3972 1233 4042 ejus
1254 3975 1458 4045 acquiescentes
1471 3993 1566 4050 regem
1582 3980 1714 4049 adierunt,
1730 3986 1760 4037 et

118 4077 198 4140 cepta
235 4065 368 4121 sententia
396 4071 586 4135 permanentes
615 4062 728 4119 beatum
757 4062 912 4135 Remigium
966 4059 1079 4131 quasiei
1094 4059 1200 4133 aliquid
1215 4063 1760 4132 secretiusloeuturi,seorsumevocave-

118 4166 182 4215 tunc
206 4153 336 4226 temporis
351 4154 496 4209 Remorum
511 4151 747 4224 archiepiscopum
763 4152 872 4218 adeunt,
887 4158 914 4206 et
966 4156 1047 4216 ruut;
1074 4147 1172 4204 deiude
1186 4148 1351 4222 pugionibus
1371 4150 1575 4212 interfecerunt.
1589 4156 1759 4228 chilpericus

118 4256 147 4302 ut
161 4246 186 4302 ei
199 4242 382 4300 Tornaceusis
396 4240 525 4297 Ecclesiae
547 4239 746 4312 providentiam
762 4239 913 4311 injungeret
966 4250 1033 4293 vero
1047 4250 1064 4291 a
1079 4236 1199 4292 Turnaco
1225 4253 1351 4310 egressus
1365 4239 1515 4298 exercitum
1538 4242 1572 4299 ad
1592 4259 1623 4300 se
1645 4244 1759 4312 redusit,

118 4336 278 4407 deposcunt.
295 4331 395 4386 Flexus
405 4345 501 4385 corum
512 4329 753 4399 precibussanetus
763 4326 911 4398 Remigius,
926 4373 952 4435 D
967 4323 1077 4380 fratrem
1100 4340 1166 4380 vero
1185 4340 1264 4380 suum
1286 4325 1314 4380 in
1337 4325 1397 4383 vieo
1425 4329 1470 4401 qui
1499 4329 1595 4386 dicitur
1623 4332 1762 4388 lambrias

119 4423 258 4494 simulque
270 4419 446 4476 considerans
459 4425 485 4473 et
499 4434 592 4473 eorum
607 4416 789 4483 devotionern,
800 4425 827 4471 et
840 4414 911 4469 beati
963 4414 1038 4483 juxta
1053 4413 1178 4469 Duarum
1192 4412 1332 4484 sepelevit,
1343 4414 1449 4471 civibus
1459 4417 1677 4476 Tomaceusibus
1691 4436 1760 4494 gra·

120 4511 241 4570 bledardi
255 4507 426 4580 religionem,
437 4505 598 4562 obedientiae
611 4504 719 4562 viuculo
733 4502 913 4560 'lomacensis

120 4601 251 4659 Ecclesia
266 4598 289 4654 ei
306 4596 423 4667 injungit
437 4593 655 4649 sollicitudiuem.
672 4592 846 4647 Postmodum
861 4607 912 4647 au-

120 4699 176 4745 tem
196 4695 303 4744 sanctus
317 4683 461 4740 lledardus
475 4682 566 4736 sedem
590 4681 774 4752 episcopalem
790 4681 912 4748 mutavit,

122 4787 147 4833 et
162 4779 196 4832 de
212 4775 279 4831 urbe
295 4770 489 4828 vermandensi
509 4769 671 4825 Noviomum
695 4785 754 4824 eam
770 4768 913 4838 transtulit,

123 4867 217 4934 sieque
232 4861 300 4916 duos
323 4861 506 4930 episcopatus,
534 4857 748 4914 Noviomensem
771 4854 875 4913 scilicet
889 4862 916 4910 et

122 4954 334 5013 Tertiacerisem,
355 4948 383 5002 in
410 4946 466 5001 vita
488 4962 538 5001 sua
564 4945 695 5014 retinuit3
724 4952 785 5017 post
812 4944 915 5000 obitum

121 5056 232 5113 quoquo
247 5038 305 5106 ejus
320 5051 490 5092 successores
505 5033 804 5106 ipsius,Noviomenses
814 5031 916 5088 scilicet

121 5128 242 5201 episcopi
257 5134 398 5194 utrumque
413 5124 595 5194 episcopatum
611 5130 753 5178 tenuerunt
769 5140 776 5189 ;
799 5135 916 5193 seroque

121 5220 308 5275 Tornacenses
322 5212 414 5270 clerici
427 5229 456 5267 se
481 5220 603 5267 sanctum
623 5211 784 5266 liedardum
799 5208 915 5282 elegisse

156 5393 215 5467 (32)
224 5391 429 5448 Eleutherium.
447 5389 617 5446 Eleutherius
630 5397 656 5444 ct
668 5361 814 5444 bledardns
828 5386 914 5443 multo

119 5474 182 5537 post
195 5465 325 5521 tllodovei
338 5464 443 5522 obitum
458 5462 578 5536 episcopi
592 5462 679 5528 tuere,
694 5466 810 5534 postque
824 5459 914 5516 Remi·

116 5535 156 5610 gii
172 5534 326 5594 decessum.

969 4501 1020 4556 tias
1035 4500 1160 4566 reddidit,
1170 4508 1197 4555 et
1210 4501 1333 4558 ecclesiae
1345 4500 1433 4560 beatae
1442 4505 1563 4579 Virginis
1576 4509 1665 4565 Marisa
1679 4508 1763 4565 multa

968 4588 1099 4645 beneficia
1124 4587 1234 4645 eontulit
1252 4605 1301 4660 pro
1315 4590 1402 4647 salute
1424 4593 1522 4650 animm
1545 4612 1602 4652 suae
1617 4606 1642 4653 et
1664 4597 1763 4653 animae

970 4677 1060 4735 fratris
1080 4676 1132 4743 sui,
1148 4676 1194 4750 qui
1218 4677 1368 4749 improvise
1391 4679 1571 4754 interemptus
1588 4683 1763 4755 occubuerat,

967 4767 1031 4837 jura
1044 4781 1094 4821 aua
1117 4765 1229 4835 regalia,
1248 4781 1309 4838 qua
1322 4767 1350 4822 in
1366 4769 1464 4825 eadem
1478 4771 1586 4828 civitate
1609 4772 1766 4844 possidebat

969 4855 1040 4910 inter
1058 4853 1214 4926 episcopum
1229 4861 1256 4909 et
1272 4854 1375 4910 elerum
1389 4856 1542 4927 distribuit;
1565 4862 1694 4934 episcopo
1709 4861 1763 4918 de·

969 4942 1070 5015 legavit
1083 4949 1217 4996 monetam
1233 4940 1358 5010 civitatis,
1372 4945 1502 5012 mairiam,
1512 4947 1655 5018 justitiam,
1665 4949 1764 5006 distri·

967 5029 1256 5095 ctum,adv·ocationem
1267 5031 1405 5088 bominum
1417 5034 1504 5090 Reatae
1513 5036 1764 5110 Mariae,wionagia

967 5114 1149 5184 plaustrorum
1164 5122 1191 5170 et
1213 5114 1408 5184 vehiculorum,
1425 5133 1488 5187 quas
1502 5120 1609 5176 venalia
1621 5122 1649 5176 in
1663 5120 1764 5179 civita-

969 5213 1023 5260 tem
1038 5200 1161 5259 afferunt.
1183 5202 1263 5260 Clero
1282 5219 1346 5262 vcro
1362 5205 1454 5262 tribuit
1469 5206 1617 5279 teloneum,
1633 5209 1764 5282 pontius·

1032 5386 1060 5454 3)
1082 5382 1239 5442 ordinavit.
1257 5384 1341 5443 idest
1363 5384 1671 5462 restitult31'dtnpridtibt
1690 5388 1765 5450 euim

968 5474 999 5517 se
1021 5473 1050 5516 es
1064 5463 1217 5517 vacaverat.
