<?xml version="1.0" encoding="UTF-8"?>
<!DOCTYPE html PUBLIC "-//W3C//DTD XHTML 1.0 Transitional//EN"
    "http://www.w3.org/TR/xhtml1/DTD/xhtml1-transitional.dtd">
<html xmlns="http://www.w3.org/1999/xhtml" xml:lang="en" lang="en">
 <head>
  <title>
</title>
<meta http-equiv="Content-Type" content="text/html;charset=utf-8" />
  <meta name='ocr-system' content='tesseract 3.04.00' />
  <meta name='ocr-capabilities' content='ocr_page ocr_carea ocr_par ocr_line ocrx_word'/>
</head>
<body>
  <div class='ocr_page' id='page_1' title='image "./patrologiaecurs13unkngoog_0366.png"; bbox 0 0 3728 6000; ppageno 0'>
   <div class='ocr_carea' id='block_1_1' title="bbox 66 270 1715 363">
    <p class='ocr_par' dir='ltr' id='par_1_1' title="bbox 66 270 1715 363">
     <span class='ocr_line' id='line_1_1' title="bbox 66 270 1715 363; baseline 0.008 -15"><span class='ocrx_word' id='word_1_1' title='bbox 66 270 117 348; x_wconf 83' lang='lat' dir='ltr'><strong>rai</strong></span> <span class='ocrx_word' id='word_1_2' title='bbox 401 293 1324 359; x_wconf 79' lang='lat' dir='ltr'><strong>uauarumconeonrsnraurumarasrnuo.-nra</strong></span> <span class='ocrx_word' id='word_1_3' title='bbox 1345 303 1379 358; x_wconf 94' lang='grc' dir='ltr'><strong>ιι.</strong></span> <span class='ocrx_word' id='word_1_4' title='bbox 1662 302 1715 363; x_wconf 81' lang='lat' dir='ltr'><strong>ras</strong></span> 
     </span>
    </p>
   </div>
   <div class='ocr_carea' id='block_1_2' title="bbox 66 418 1713 851">
    <p class='ocr_par' dir='ltr' id='par_1_2' title="bbox 66 418 1713 851">
     <span class='ocr_line' id='line_1_2' title="bbox 66 418 1713 499; baseline 0.006 -24"><span class='ocrx_word' id='word_1_5' title='bbox 66 418 198 477; x_wconf 87' lang='lat' dir='ltr'><strong>interiora</strong></span> <span class='ocrx_word' id='word_1_6' title='bbox 224 419 357 493; x_wconf 89' lang='lat' dir='ltr'><strong>corporis.</strong></span> <span class='ocrx_word' id='word_1_7' title='bbox 386 419 586 478; x_wconf 76' lang='lat' dir='ltr'><strong>triformitatem</strong></span> <span class='ocrx_word' id='word_1_8' title='bbox 613 420 718 478; x_wconf 83' lang='lat' dir='ltr'><strong>scilicet</strong></span> <span class='ocrx_word' id='word_1_9' title='bbox 760 420 905 484; x_wconf 86' lang='lat' dir='ltr'><strong>cerebriA</strong></span> <span class='ocrx_word' id='word_1_10' title='bbox 919 441 993 483; x_wconf 81' lang='lat' dir='ltr'><strong>soum</strong></span> <span class='ocrx_word' id='word_1_11' title='bbox 1006 426 1041 482; x_wconf 89' lang='lat' dir='ltr'><strong>eb</strong></span> <span class='ocrx_word' id='word_1_12' title='bbox 1053 426 1114 499; x_wconf 89' lang='lat' dir='ltr'><strong>ipsa</strong></span> <span class='ocrx_word' id='word_1_13' title='bbox 1128 427 1241 484; x_wconf 84' lang='lat' dir='ltr'><strong>raritate</strong></span> <span class='ocrx_word' id='word_1_14' title='bbox 1255 443 1270 481; x_wconf 88' lang='lat' dir='ltr'><strong>a</strong></span> <span class='ocrx_word' id='word_1_15' title='bbox 1284 427 1354 484; x_wconf 80' lang='lat' dir='ltr'><strong>Filio</strong></span> <span class='ocrx_word' id='word_1_16' title='bbox 1375 427 1426 485; x_wconf 88' lang='lat' dir='ltr'><strong>Dei</strong></span> <span class='ocrx_word' id='word_1_17' title='bbox 1445 442 1508 485; x_wconf 86' lang='lat' dir='ltr'><strong>uere</strong></span> <span class='ocrx_word' id='word_1_18' title='bbox 1537 433 1563 483; x_wconf 88' lang='lat' dir='ltr'><strong>et</strong></span> <span class='ocrx_word' id='word_1_19' title='bbox 1591 428 1713 499; x_wconf 78' lang='lat' dir='ltr'><strong>perfecte</strong></span> 
     </span>
     <span class='ocr_line' id='line_1_3' title="bbox 67 509 1712 590; baseline 0.004 -24"><span class='ocrx_word' id='word_1_20' title='bbox 67 509 228 566; x_wconf 86' lang='lat' dir='ltr'><strong>cocuntiset</strong></span> <span class='ocrx_word' id='word_1_21' title='bbox 238 510 339 581; x_wconf 84' lang='lat' dir='ltr'><strong>jecoris</strong></span> <span class='ocrx_word' id='word_1_22' title='bbox 352 525 471 566; x_wconf 86' lang='lat' dir='ltr'><strong>massam</strong></span> <span class='ocrx_word' id='word_1_23' title='bbox 483 510 632 581; x_wconf 87' lang='lat' dir='ltr'><strong>jacentem,</strong></span> <span class='ocrx_word' id='word_1_24' title='bbox 648 518 675 567; x_wconf 92' lang='lat' dir='ltr'><strong>et</strong></span> <span class='ocrx_word' id='word_1_25' title='bbox 685 510 866 582; x_wconf 90' lang='lat' dir='ltr'><strong>regulisalie-</strong></span> <span class='ocrx_word' id='word_1_26' title='bbox 919 518 1213 587; x_wconf 87' lang='lat' dir='ltr'><strong>assumptnsmeruerit</strong></span> <span class='ocrx_word' id='word_1_27' title='bbox 1222 517 1469 587; x_wconf 81' lang='lat' dir='ltr'><strong>jamolimaudire,</strong></span> <span class='ocrx_word' id='word_1_28' title='bbox 1485 517 1559 590; x_wconf 92' lang='lat' dir='ltr'><strong>quod</strong></span> <span class='ocrx_word' id='word_1_29' title='bbox 1572 533 1712 588; x_wconf 91' lang='lat' dir='ltr'><strong>nunquam</strong></span> 
     </span>
     <span class='ocr_line' id='line_1_4' title="bbox 67 597 1713 678; baseline 0.005 -25"><span class='ocrx_word' id='word_1_30' title='bbox 67 597 112 653; x_wconf 91' lang='lat' dir='ltr'><strong>nis</strong></span> <span class='ocrx_word' id='word_1_31' title='bbox 127 598 269 654; x_wconf 89' lang='lat' dir='ltr'><strong>herentem</strong></span> <span class='ocrx_word' id='word_1_32' title='bbox 286 615 293 651; x_wconf 77' lang='grc' dir='ltr'><strong>ε</strong></span> <span class='ocrx_word' id='word_1_33' title='bbox 309 601 447 655; x_wconf 85' lang='lat' dir='ltr'><strong>stomacho</strong></span> <span class='ocrx_word' id='word_1_34' title='bbox 464 600 563 655; x_wconf 89' lang='lat' dir='ltr'><strong>libram</strong></span> <span class='ocrx_word' id='word_1_35' title='bbox 578 600 753 670; x_wconf 86' lang='lat' dir='ltr'><strong>pendentem,</strong></span> <span class='ocrx_word' id='word_1_36' title='bbox 776 599 868 656; x_wconf 87' lang='lat' dir='ltr'><strong>cordis</strong></span> <span class='ocrx_word' id='word_1_37' title='bbox 921 605 1005 676; x_wconf 92' lang='lat' dir='ltr'><strong>potuit</strong></span> <span class='ocrx_word' id='word_1_38' title='bbox 1020 604 1115 660; x_wconf 89' lang='lat' dir='ltr'><strong>audire</strong></span> <span class='ocrx_word' id='word_1_39' title='bbox 1129 606 1253 677; x_wconf 86' lang='lat' dir='ltr'><strong>angelus.</strong></span> <span class='ocrx_word' id='word_1_40' title='bbox 1265 606 1374 661; x_wconf 83' lang='lat' dir='ltr'><strong>Audiuit</strong></span> <span class='ocrx_word' id='word_1_41' title='bbox 1389 607 1489 678; x_wconf 87' lang='lat' dir='ltr'><strong>quippe</strong></span> <span class='ocrx_word' id='word_1_42' title='bbox 1505 623 1521 661; x_wconf 92' lang='lat' dir='ltr'><strong>a</strong></span> <span class='ocrx_word' id='word_1_43' title='bbox 1540 607 1597 661; x_wconf 85' lang='lat' dir='ltr'><strong>Deo</strong></span> <span class='ocrx_word' id='word_1_44' title='bbox 1622 607 1713 662; x_wconf 92' lang='lat' dir='ltr'><strong>Patre.</strong></span> 
     </span>
     <span class='ocr_line' id='line_1_5' title="bbox 66 685 1713 762; baseline 0.002 -21"><span class='ocrx_word' id='word_1_45' title='bbox 66 685 204 758; x_wconf 83' lang='lat' dir='ltr'><strong>plectrum</strong></span> <span class='ocrx_word' id='word_1_46' title='bbox 223 687 282 742; x_wconf 87' lang='lat' dir='ltr'><strong>aine</strong></span> <span class='ocrx_word' id='word_1_47' title='bbox 297 686 498 743; x_wconf 82' lang='lat' dir='ltr'><strong>intermissione</strong></span> <span class='ocrx_word' id='word_1_48' title='bbox 509 686 869 758; x_wconf 88' lang='lat' dir='ltr'><strong>feriens,venarnmtrami-</strong></span> <span class='ocrx_word' id='word_1_49' title='bbox 924 712 935 738; x_wconf 90' lang='grc' dir='ltr'><strong>ιι</strong></span> <span class='ocrx_word' id='word_1_50' title='bbox 956 689 1006 744; x_wconf 86' lang='grc' dir='ltr'><strong>Ηίε</strong></span> <span class='ocrx_word' id='word_1_51' title='bbox 1020 697 1062 744; x_wconf 89' lang='grc' dir='ltr'><strong>εει</strong></span> <span class='ocrx_word' id='word_1_52' title='bbox 1073 689 1156 744; x_wconf 71' lang='lat' dir='ltr'><strong>filius</strong></span> <span class='ocrx_word' id='word_1_53' title='bbox 1176 690 1384 757; x_wconf 89' lang='lat' dir='ltr'><strong>meusdilectus,</strong></span> <span class='ocrx_word' id='word_1_54' title='bbox 1401 690 1430 745; x_wconf 92' lang='lat' dir='ltr'><strong>in</strong></span> <span class='ocrx_word' id='word_1_55' title='bbox 1447 690 1574 761; x_wconf 90' lang='lat' dir='ltr'><strong>quomihi</strong></span> <span class='ocrx_word' id='word_1_56' title='bbox 1589 689 1713 762; x_wconf 87' lang='lat' dir='ltr'><strong>corupla-</strong></span> 
     </span>
     <span class='ocr_line' id='line_1_6' title="bbox 66 776 1708 851; baseline 0.001 -20"><span class='ocrx_word' id='word_1_57' title='bbox 66 782 118 839; x_wconf 87' lang='lat' dir='ltr'><strong>tes,</strong></span> <span class='ocrx_word' id='word_1_58' title='bbox 129 791 330 847; x_wconf 85' lang='lat' dir='ltr'><strong>nervorumque</strong></span> <span class='ocrx_word' id='word_1_59' title='bbox 359 784 480 833; x_wconf 84' lang='lat' dir='ltr'><strong>texturas</strong></span> <span class='ocrx_word' id='word_1_60' title='bbox 505 783 531 832; x_wconf 90' lang='lat' dir='ltr'><strong>et</strong></span> <span class='ocrx_word' id='word_1_61' title='bbox 559 776 689 848; x_wconf 83' lang='lat' dir='ltr'><strong>origines,</strong></span> <span class='ocrx_word' id='word_1_62' title='bbox 718 791 868 850; x_wconf 78' lang='lat' dir='ltr'><strong>compages</strong></span> <span class='ocrx_word' id='word_1_63' title='bbox 917 778 970 832; x_wconf 89' lang='lat' dir='ltr'><strong>cuit</strong></span> <span class='ocrx_word' id='word_1_64' title='bbox 987 777 1096 848; x_wconf 71' lang='lat' dir='ltr'><strong>(ttctttc</strong></span> <span class='ocrx_word' id='word_1_65' title='bbox 1107 788 1157 848; x_wconf 78' lang='grc' dir='ltr'><strong>ιιι).</strong></span> <span class='ocrx_word' id='word_1_66' title='bbox 1177 778 1321 834; x_wconf 76' lang='lat' dir='ltr'><strong>oGaudeat</strong></span> <span class='ocrx_word' id='word_1_67' title='bbox 1335 779 1427 851; x_wconf 88' lang='lat' dir='ltr'><strong>itaque</strong></span> <span class='ocrx_word' id='word_1_68' title='bbox 1443 778 1592 851; x_wconf 81' lang='lat' dir='ltr'><strong>glorificata</strong></span> <span class='ocrx_word' id='word_1_69' title='bbox 1616 779 1708 834; x_wconf 86' lang='lat' dir='ltr'><strong>inct-</strong></span> 
     </span>
    </p>
   </div>
   <div class='ocr_carea' id='block_1_3' title="bbox 64 862 869 1380">
    <p class='ocr_par' dir='ltr' id='par_1_3' title="bbox 64 862 869 1380">
     <span class='ocr_line' id='line_1_7' title="bbox 65 862 867 937; baseline -0.001 -18"><span class='ocrx_word' id='word_1_70' title='bbox 65 862 182 930; x_wconf 88' lang='lat' dir='ltr'><strong>ossium,</strong></span> <span class='ocrx_word' id='word_1_71' title='bbox 195 863 408 937; x_wconf 84' lang='lat' dir='ltr'><strong>pulmonumque</strong></span> <span class='ocrx_word' id='word_1_72' title='bbox 421 880 550 933; x_wconf 84' lang='lat' dir='ltr'><strong>concava,</strong></span> <span class='ocrx_word' id='word_1_73' title='bbox 567 870 595 920; x_wconf 89' lang='lat' dir='ltr'><strong>et</strong></span> <span class='ocrx_word' id='word_1_74' title='bbox 609 865 663 920; x_wconf 91' lang='lat' dir='ltr'><strong>alia</strong></span> <span class='ocrx_word' id='word_1_75' title='bbox 677 864 867 921; x_wconf 86' lang='lat' dir='ltr'><strong>innumerabi-</strong></span> 
     </span>
     <span class='ocr_line' id='line_1_8' title="bbox 64 951 869 1026; baseline 0.004 -20"><span class='ocrx_word' id='word_1_76' title='bbox 64 951 114 1008; x_wconf 90' lang='lat' dir='ltr'><strong>lia.</strong></span> <span class='ocrx_word' id='word_1_77' title='bbox 143 953 329 1025; x_wconf 77' lang='lat' dir='ltr'><strong>Undecumque</strong></span> <span class='ocrx_word' id='word_1_78' title='bbox 349 952 461 1026; x_wconf 88' lang='lat' dir='ltr'><strong>cogitat,</strong></span> <span class='ocrx_word' id='word_1_79' title='bbox 476 953 532 1009; x_wconf 89' lang='lat' dir='ltr'><strong>sive</strong></span> <span class='ocrx_word' id='word_1_80' title='bbox 545 954 579 1009; x_wconf 91' lang='lat' dir='ltr'><strong>de</strong></span> <span class='ocrx_word' id='word_1_81' title='bbox 593 953 670 1022; x_wconf 90' lang='lat' dir='ltr'><strong>locis,</strong></span> <span class='ocrx_word' id='word_1_82' title='bbox 686 953 743 1010; x_wconf 84' lang='lat' dir='ltr'><strong>sive</strong></span> <span class='ocrx_word' id='word_1_83' title='bbox 758 954 793 1009; x_wconf 90' lang='lat' dir='ltr'><strong>de</strong></span> <span class='ocrx_word' id='word_1_84' title='bbox 820 969 869 1009; x_wconf 91' lang='lat' dir='ltr'><strong>re-</strong></span> 
     </span>
     <span class='ocr_line' id='line_1_9' title="bbox 65 1040 867 1113; baseline -0.001 -16"><span class='ocrx_word' id='word_1_85' title='bbox 65 1040 205 1113; x_wconf 88' lang='lat' dir='ltr'><strong>gionibus,</strong></span> <span class='ocrx_word' id='word_1_86' title='bbox 228 1041 266 1097; x_wconf 89' lang='lat' dir='ltr'><strong>ihi</strong></span> <span class='ocrx_word' id='word_1_87' title='bbox 288 1050 351 1098; x_wconf 87' lang='lat' dir='ltr'><strong>est:</strong></span> <span class='ocrx_word' id='word_1_88' title='bbox 386 1040 450 1099; x_wconf 89' lang='lat' dir='ltr'><strong>licet</strong></span> <span class='ocrx_word' id='word_1_89' title='bbox 468 1042 648 1113; x_wconf 87' lang='lat' dir='ltr'><strong>contemplari</strong></span> <span class='ocrx_word' id='word_1_90' title='bbox 663 1057 716 1112; x_wconf 89' lang='lat' dir='ltr'><strong>per</strong></span> <span class='ocrx_word' id='word_1_91' title='bbox 743 1050 867 1097; x_wconf 90' lang='lat' dir='ltr'><strong>naturam</strong></span> 
     </span>
     <span class='ocr_line' id='line_1_10' title="bbox 66 1129 866 1202; baseline 0 -18"><span class='ocrx_word' id='word_1_92' title='bbox 66 1134 207 1202; x_wconf 84' lang='lat' dir='ltr'><strong>nequeat:</strong></span> <span class='ocrx_word' id='word_1_93' title='bbox 225 1145 378 1202; x_wconf 88' lang='lat' dir='ltr'><strong>eorumque</strong></span> <span class='ocrx_word' id='word_1_94' title='bbox 406 1129 614 1202; x_wconf 88' lang='lat' dir='ltr'><strong>contemplatur,</strong></span> <span class='ocrx_word' id='word_1_95' title='bbox 640 1129 707 1185; x_wconf 89' lang='lat' dir='ltr'><strong>situs</strong></span> <span class='ocrx_word' id='word_1_96' title='bbox 734 1130 866 1196; x_wconf 90' lang='lat' dir='ltr'><strong>locorum,</strong></span> 
     </span>
     <span class='ocr_line' id='line_1_11' title="bbox 65 1217 868 1290; baseline 0.004 -19"><span class='ocrx_word' id='word_1_97' title='bbox 65 1217 360 1284; x_wconf 88' lang='lat' dir='ltr'><strong>decursuslluminum,</strong></span> <span class='ocrx_word' id='word_1_98' title='bbox 374 1218 619 1286; x_wconf 74' lang='lat' dir='ltr'><strong>vultushominum,</strong></span> <span class='ocrx_word' id='word_1_99' title='bbox 629 1225 784 1290; x_wconf 77' lang='lat' dir='ltr'><strong>caeteraque</strong></span> <span class='ocrx_word' id='word_1_100' title='bbox 793 1217 868 1274; x_wconf 90' lang='lat' dir='ltr'><strong>talia.</strong></span> 
     </span>
     <span class='ocr_line' id='line_1_12' title="bbox 66 1306 869 1380; baseline -0.001 -18"><span class='ocrx_word' id='word_1_101' title='bbox 66 1306 137 1376; x_wconf 81' lang='lat' dir='ltr'><strong>Quae</strong></span> <span class='ocrx_word' id='word_1_102' title='bbox 150 1306 213 1364; x_wconf 89' lang='lat' dir='ltr'><strong>licet</strong></span> <span class='ocrx_word' id='word_1_103' title='bbox 227 1323 281 1363; x_wconf 94' lang='lat' dir='ltr'><strong>non</strong></span> <span class='ocrx_word' id='word_1_104' title='bbox 297 1307 395 1375; x_wconf 82' lang='lat' dir='ltr'><strong>rideat,</strong></span> <span class='ocrx_word' id='word_1_105' title='bbox 412 1308 476 1380; x_wconf 91' lang='lat' dir='ltr'><strong>quia</strong></span> <span class='ocrx_word' id='word_1_106' title='bbox 497 1307 653 1378; x_wconf 89' lang='lat' dir='ltr'><strong>corporalia</strong></span> <span class='ocrx_word' id='word_1_107' title='bbox 668 1316 738 1377; x_wconf 93' lang='lat' dir='ltr'><strong>sunt,</strong></span> <span class='ocrx_word' id='word_1_108' title='bbox 751 1324 802 1364; x_wconf 89' lang='lat' dir='ltr'><strong>nec</strong></span> <span class='ocrx_word' id='word_1_109' title='bbox 816 1306 869 1362; x_wconf 90' lang='lat' dir='ltr'><strong>uisi</strong></span> 
     </span>
    </p>
   </div>
   <div class='ocr_carea' id='block_1_4' title="bbox 920 866 1719 1385">
    <p class='ocr_par' dir='ltr' id='par_1_4' title="bbox 920 866 1719 1385">
     <span class='ocr_line' id='line_1_13' title="bbox 920 866 1717 938; baseline 0.001 -18"><span class='ocrx_word' id='word_1_110' title='bbox 920 866 976 938; x_wconf 92' lang='lat' dir='ltr'><strong>pite</strong></span> <span class='ocrx_word' id='word_1_111' title='bbox 995 882 1045 922; x_wconf 91' lang='lat' dir='ltr'><strong>suo</strong></span> <span class='ocrx_word' id='word_1_112' title='bbox 1056 867 1161 922; x_wconf 88' lang='lat' dir='ltr'><strong>Christo</strong></span> <span class='ocrx_word' id='word_1_113' title='bbox 1174 874 1269 922; x_wconf 89' lang='lat' dir='ltr'><strong>sancta</strong></span> <span class='ocrx_word' id='word_1_114' title='bbox 1288 867 1447 933; x_wconf 88' lang='lat' dir='ltr'><strong>humanitas,</strong></span> <span class='ocrx_word' id='word_1_115' title='bbox 1462 875 1488 922; x_wconf 92' lang='grc' dir='ltr'><strong>ει</strong></span> <span class='ocrx_word' id='word_1_116' title='bbox 1503 867 1621 922; x_wconf 88' lang='lat' dir='ltr'><strong>exaltata</strong></span> <span class='ocrx_word' id='word_1_117' title='bbox 1636 882 1717 938; x_wconf 90' lang='lat' dir='ltr'><strong>super</strong></span> 
     </span>
     <span class='ocr_line' id='line_1_14' title="bbox 921 954 1718 1028; baseline 0 -18"><span class='ocrx_word' id='word_1_118' title='bbox 921 956 1034 1028; x_wconf 84' lang='lat' dir='ltr'><strong>angelos</strong></span> <span class='ocrx_word' id='word_1_119' title='bbox 1049 955 1163 1011; x_wconf 87' lang='lat' dir='ltr'><strong>exsultet</strong></span> <span class='ocrx_word' id='word_1_120' title='bbox 1177 955 1205 1009; x_wconf 92' lang='lat' dir='ltr'><strong>in</strong></span> <span class='ocrx_word' id='word_1_121' title='bbox 1218 956 1389 1027; x_wconf 86' lang='lat' dir='ltr'><strong>seipsa‚cum</strong></span> <span class='ocrx_word' id='word_1_122' title='bbox 1404 956 1545 1011; x_wconf 88' lang='lat' dir='ltr'><strong>adoratum</strong></span> <span class='ocrx_word' id='word_1_123' title='bbox 1560 956 1593 1009; x_wconf 93' lang='lat' dir='ltr'><strong>ab</strong></span> <span class='ocrx_word' id='word_1_124' title='bbox 1608 954 1718 1010; x_wconf 90' lang='lat' dir='ltr'><strong>homine</strong></span> 
     </span>
     <span class='ocr_line' id='line_1_15' title="bbox 921 1042 1719 1117; baseline -0.003 -18"><span class='ocrx_word' id='word_1_125' title='bbox 921 1044 1048 1117; x_wconf 78' lang='lat' dir='ltr'><strong>angelum</strong></span> <span class='ocrx_word' id='word_1_126' title='bbox 1071 1051 1241 1100; x_wconf 87' lang='lat' dir='ltr'><strong>recusantem</strong></span> <span class='ocrx_word' id='word_1_127' title='bbox 1257 1045 1333 1100; x_wconf 90' lang='lat' dir='ltr'><strong>audit</strong></span> <span class='ocrx_word' id='word_1_128' title='bbox 1347 1053 1372 1099; x_wconf 90' lang='grc' dir='ltr'><strong>ει</strong></span> <span class='ocrx_word' id='word_1_129' title='bbox 1398 1044 1531 1100; x_wconf 88' lang='lat' dir='ltr'><strong>dicentem</strong></span> <span class='ocrx_word' id='word_1_130' title='bbox 1555 1045 1600 1116; x_wconf 84' lang='lat' dir='ltr'><strong>pia</strong></span> <span class='ocrx_word' id='word_1_131' title='bbox 1614 1042 1719 1098; x_wconf 91' lang='lat' dir='ltr'><strong>humili·</strong></span> 
     </span>
     <span class='ocr_line' id='line_1_16' title="bbox 921 1132 1716 1202; baseline -0.001 -15"><span class='ocrx_word' id='word_1_132' title='bbox 921 1138 986 1202; x_wconf 88' lang='lat' dir='ltr'><strong>tate,</strong></span> <span class='ocrx_word' id='word_1_133' title='bbox 999 1132 1154 1188; x_wconf 89' lang='lat' dir='ltr'><strong>dulcissima</strong></span> <span class='ocrx_word' id='word_1_134' title='bbox 1166 1132 1305 1188; x_wconf 88' lang='lat' dir='ltr'><strong>charitate.</strong></span> <span class='ocrx_word' id='word_1_135' title='bbox 1320 1133 1410 1189; x_wconf 78' lang='lat' dir='ltr'><strong>«Vide</strong></span> <span class='ocrx_word' id='word_1_136' title='bbox 1425 1149 1460 1188; x_wconf 91' lang='lat' dir='ltr'><strong>nc</strong></span> <span class='ocrx_word' id='word_1_137' title='bbox 1476 1133 1590 1198; x_wconf 78' lang='lat' dir='ltr'><strong>feceris,</strong></span> <span class='ocrx_word' id='word_1_138' title='bbox 1607 1147 1716 1188; x_wconf 92' lang='lat' dir='ltr'><strong>cunser-</strong></span> 
     </span>
     <span class='ocr_line' id='line_1_17' title="bbox 921 1221 1711 1296; baseline -0.005 -18"><span class='ocrx_word' id='word_1_139' title='bbox 921 1239 971 1278; x_wconf 85' lang='lat' dir='ltr'><strong>rus</strong></span> <span class='ocrx_word' id='word_1_140' title='bbox 985 1221 1058 1277; x_wconf 90' lang='lat' dir='ltr'><strong>enim</strong></span> <span class='ocrx_word' id='word_1_141' title='bbox 1070 1228 1209 1289; x_wconf 85' lang='lat' dir='ltr'><strong>tuussmu,</strong></span> <span class='ocrx_word' id='word_1_142' title='bbox 1224 1221 1368 1278; x_wconf 88' lang='lat' dir='ltr'><strong>etiratrum</strong></span> <span class='ocrx_word' id='word_1_143' title='bbox 1376 1231 1484 1278; x_wconf 90' lang='lat' dir='ltr'><strong>tuorum</strong></span> <span class='ocrx_word' id='word_1_144' title='bbox 1495 1222 1590 1296; x_wconf 82' lang='lat' dir='ltr'><strong>(Aper.</strong></span> <span class='ocrx_word' id='word_1_145' title='bbox 1601 1224 1683 1292; x_wconf 84' lang='lat' dir='ltr'><strong>xxu).</strong></span> <span class='ocrx_word' id='word_1_146' title='bbox 1700 1244 1711 1269; x_wconf 81' lang='grc' dir='ltr'><strong>ι</strong></span> 
     </span>
     <span class='ocr_line' id='line_1_18' title="bbox 922 1309 1717 1385; baseline -0.003 -19"><span class='ocrx_word' id='word_1_147' title='bbox 922 1311 1160 1366; x_wconf 82' lang='lat' dir='ltr'><strong>Prmsumatetiam</strong></span> <span class='ocrx_word' id='word_1_148' title='bbox 1170 1309 1717 1385; x_wconf 76' lang='lat' dir='ltr'><strong>minimusregnilleiperegrinusadhuc</strong></span> 
     </span>
    </p>
   </div>
   <div class='ocr_carea' id='block_1_5' title="bbox 66 1395 1719 2450">
    <p class='ocr_par' dir='ltr' id='par_1_5' title="bbox 66 1395 1719 2450">
     <span class='ocr_line' id='line_1_19' title="bbox 66 1395 1714 1471; baseline 0 -18"><span class='ocrx_word' id='word_1_149' title='bbox 66 1395 259 1468; x_wconf 80' lang='lat' dir='ltr'><strong>corporalibus</strong></span> <span class='ocrx_word' id='word_1_150' title='bbox 273 1397 359 1454; x_wconf 91' lang='lat' dir='ltr'><strong>oculis</strong></span> <span class='ocrx_word' id='word_1_151' title='bbox 386 1396 470 1452; x_wconf 87' lang='lat' dir='ltr'><strong>videri</strong></span> <span class='ocrx_word' id='word_1_152' title='bbox 486 1406 608 1468; x_wconf 88' lang='lat' dir='ltr'><strong>possunt,</strong></span> <span class='ocrx_word' id='word_1_153' title='bbox 633 1397 673 1453; x_wconf 93' lang='lat' dir='ltr'><strong>sic</strong></span> <span class='ocrx_word' id='word_1_154' title='bbox 688 1405 779 1453; x_wconf 89' lang='lat' dir='ltr'><strong>tamen</strong></span> <span class='ocrx_word' id='word_1_155' title='bbox 804 1395 867 1450; x_wconf 91' lang='lat' dir='ltr'><strong>uhi·</strong></span> <span class='ocrx_word' id='word_1_156' title='bbox 921 1400 1070 1465; x_wconf 88' lang='lat' dir='ltr'><strong>insaeculo,</strong></span> <span class='ocrx_word' id='word_1_157' title='bbox 1086 1399 1132 1470; x_wconf 91' lang='lat' dir='ltr'><strong>qui</strong></span> <span class='ocrx_word' id='word_1_158' title='bbox 1147 1415 1163 1455; x_wconf 91' lang='lat' dir='ltr'><strong>a</strong></span> <span class='ocrx_word' id='word_1_159' title='bbox 1177 1408 1246 1455; x_wconf 91' lang='lat' dir='ltr'><strong>teste</strong></span> <span class='ocrx_word' id='word_1_160' title='bbox 1259 1400 1355 1456; x_wconf 91' lang='lat' dir='ltr'><strong>eadem</strong></span> <span class='ocrx_word' id='word_1_161' title='bbox 1379 1401 1502 1455; x_wconf 83' lang='lat' dir='ltr'><strong>ueritate.</strong></span> <span class='ocrx_word' id='word_1_162' title='bbox 1535 1421 1546 1447; x_wconf 81' lang='grc' dir='ltr'><strong>ι</strong></span> <span class='ocrx_word' id='word_1_163' title='bbox 1564 1398 1686 1471; x_wconf 85' lang='lat' dir='ltr'><strong>Angelus</strong></span> <span class='ocrx_word' id='word_1_164' title='bbox 1703 1422 1714 1446; x_wconf 78' lang='grc' dir='ltr'><strong>ι</strong></span> 
     </span>
     <span class='ocr_line' id='line_1_20' title="bbox 66 1484 1702 1559; baseline -0.003 -19"><span class='ocrx_word' id='word_1_165' title='bbox 66 1500 177 1558; x_wconf 88' lang='lat' dir='ltr'><strong>cunque</strong></span> <span class='ocrx_word' id='word_1_166' title='bbox 190 1485 291 1557; x_wconf 84' lang='lat' dir='ltr'><strong>cogitat</strong></span> <span class='ocrx_word' id='word_1_167' title='bbox 311 1485 397 1553; x_wconf 86' lang='lat' dir='ltr'><strong>adest,</strong></span> <span class='ocrx_word' id='word_1_168' title='bbox 414 1494 442 1541; x_wconf 93' lang='lat' dir='ltr'><strong>ut</strong></span> <span class='ocrx_word' id='word_1_169' title='bbox 457 1487 518 1542; x_wconf 91' lang='lat' dir='ltr'><strong>loca</strong></span> <span class='ocrx_word' id='word_1_170' title='bbox 532 1503 594 1559; x_wconf 82' lang='lat' dir='ltr'><strong>quae</strong></span> <span class='ocrx_word' id='word_1_171' title='bbox 607 1487 717 1559; x_wconf 86' lang='lat' dir='ltr'><strong>cogitat,</strong></span> <span class='ocrx_word' id='word_1_172' title='bbox 733 1484 869 1557; x_wconf 90' lang='lat' dir='ltr'><strong>corporali</strong></span> <span class='ocrx_word' id='word_1_173' title='bbox 921 1489 981 1559; x_wconf 86' lang='lat' dir='ltr'><strong>ejus</strong></span> <span class='ocrx_word' id='word_1_174' title='bbox 997 1511 1007 1536; x_wconf 88' lang='lat'><strong>·</strong></span> <span class='ocrx_word' id='word_1_175' title='bbox 1026 1504 1136 1559; x_wconf 83' lang='lat' dir='ltr'><strong>semper</strong></span> <span class='ocrx_word' id='word_1_176' title='bbox 1149 1488 1223 1544; x_wconf 85' lang='lat' dir='ltr'><strong>ridet</strong></span> <span class='ocrx_word' id='word_1_177' title='bbox 1237 1487 1337 1544; x_wconf 86' lang='lat' dir='ltr'><strong>facicm</strong></span> <span class='ocrx_word' id='word_1_178' title='bbox 1357 1488 1458 1544; x_wconf 85' lang='lat' dir='ltr'><strong>Patris.</strong></span> <span class='ocrx_word' id='word_1_179' title='bbox 1476 1488 1566 1558; x_wconf 80' lang='lat' dir='ltr'><strong>(dett.</strong></span> <span class='ocrx_word' id='word_1_180' title='bbox 1584 1487 1674 1555; x_wconf 87' lang='grc' dir='ltr'><strong>ιινιιι.)</strong></span> <span class='ocrx_word' id='word_1_181' title='bbox 1693 1510 1702 1535; x_wconf 73' lang='grc' dir='ltr'><strong>ι</strong></span> 
     </span>
     <span class='ocr_line' id='line_1_21' title="bbox 68 1574 1716 1649; baseline 0 -18"><span class='ocrx_word' id='word_1_182' title='bbox 68 1574 364 1645; x_wconf 80' lang='lat' dir='ltr'><strong>visioncnonrideat;</strong></span> <span class='ocrx_word' id='word_1_183' title='bbox 381 1575 600 1630; x_wconf 87' lang='lat' dir='ltr'><strong>sicutadestnbi</strong></span> <span class='ocrx_word' id='word_1_184' title='bbox 616 1574 868 1646; x_wconf 76' lang='lat' dir='ltr'><strong>vivificat,ubiipsa</strong></span> <span class='ocrx_word' id='word_1_185' title='bbox 957 1576 1012 1632; x_wconf 91' lang='lat' dir='ltr'><strong>Sed</strong></span> <span class='ocrx_word' id='word_1_186' title='bbox 1037 1577 1179 1632; x_wconf 85' lang='lat' dir='ltr'><strong>redeamus</strong></span> <span class='ocrx_word' id='word_1_187' title='bbox 1206 1577 1294 1633; x_wconf 86' lang='lat' dir='ltr'><strong>adhuc</strong></span> <span class='ocrx_word' id='word_1_188' title='bbox 1320 1577 1354 1631; x_wconf 90' lang='lat' dir='ltr'><strong>ad</strong></span> <span class='ocrx_word' id='word_1_189' title='bbox 1382 1576 1531 1649; x_wconf 80' lang='lat' dir='ltr'><strong>imaginem</strong></span> <span class='ocrx_word' id='word_1_190' title='bbox 1569 1575 1716 1631; x_wconf 87' lang='lat' dir='ltr'><strong>Trinitatis.</strong></span> 
     </span>
     <span class='ocr_line' id='line_1_22' title="bbox 68 1663 1718 1737; baseline -0.001 -18"><span class='ocrx_word' id='word_1_191' title='bbox 68 1663 274 1737; x_wconf 82' lang='lat' dir='ltr'><strong>quaerivificat,</strong></span> <span class='ocrx_word' id='word_1_192' title='bbox 290 1664 332 1718; x_wconf 88' lang='lat' dir='ltr'><strong>sui</strong></span> <span class='ocrx_word' id='word_1_193' title='bbox 347 1664 470 1736; x_wconf 90' lang='lat' dir='ltr'><strong>corporis</strong></span> <span class='ocrx_word' id='word_1_194' title='bbox 490 1665 598 1720; x_wconf 88' lang='lat' dir='ltr'><strong>interna</strong></span> <span class='ocrx_word' id='word_1_195' title='bbox 623 1663 761 1720; x_wconf 88' lang='lat' dir='ltr'><strong>nonvidet</strong></span> <span class='ocrx_word' id='word_1_196' title='bbox 785 1665 817 1718; x_wconf 88' lang='lat' dir='ltr'><strong>Et</strong></span> <span class='ocrx_word' id='word_1_197' title='bbox 839 1663 867 1718; x_wconf 92' lang='lat' dir='ltr'><strong>in</strong></span> <span class='ocrx_word' id='word_1_198' title='bbox 921 1667 998 1722; x_wconf 91' lang='lat' dir='ltr'><strong>Sicut</strong></span> <span class='ocrx_word' id='word_1_199' title='bbox 1016 1665 1081 1721; x_wconf 87' lang='lat' dir='ltr'><strong>nihil</strong></span> <span class='ocrx_word' id='word_1_200' title='bbox 1100 1666 1157 1720; x_wconf 90' lang='lat' dir='ltr'><strong>sine</strong></span> <span class='ocrx_word' id='word_1_201' title='bbox 1172 1674 1297 1723; x_wconf 88' lang='lat' dir='ltr'><strong>creatore</strong></span> <span class='ocrx_word' id='word_1_202' title='bbox 1316 1667 1385 1733; x_wconf 85' lang='lat' dir='ltr'><strong>Deo,</strong></span> <span class='ocrx_word' id='word_1_203' title='bbox 1408 1666 1468 1737; x_wconf 91' lang='lat' dir='ltr'><strong>ipsa</strong></span> <span class='ocrx_word' id='word_1_204' title='bbox 1500 1663 1606 1721; x_wconf 89' lang='lat' dir='ltr'><strong>scilicet</strong></span> <span class='ocrx_word' id='word_1_205' title='bbox 1625 1671 1718 1719; x_wconf 84' lang='lat' dir='ltr'><strong>sancta</strong></span> 
     </span>
     <span class='ocr_line' id='line_1_23' title="bbox 68 1752 1715 1844; baseline -0.001 -35"><span class='ocrx_word' id='word_1_206' title='bbox 68 1754 121 1810; x_wconf 85' lang='lat' dir='ltr'><strong>hoc</strong></span> <span class='ocrx_word' id='word_1_207' title='bbox 136 1753 218 1809; x_wconf 89' lang='lat' dir='ltr'><strong>etiarn</strong></span> <span class='ocrx_word' id='word_1_208' title='bbox 233 1768 268 1809; x_wconf 79' lang='lat' dir='ltr'><strong>ex</strong></span> <span class='ocrx_word' id='word_1_209' title='bbox 280 1754 369 1825; x_wconf 88' lang='lat' dir='ltr'><strong>aliqua</strong></span> <span class='ocrx_word' id='word_1_210' title='bbox 384 1761 459 1824; x_wconf 91' lang='lat' dir='ltr'><strong>parte</strong></span> <span class='ocrx_word' id='word_1_211' title='bbox 480 1754 627 1826; x_wconf 81' lang='lat' dir='ltr'><strong>imaginem</strong></span> <span class='ocrx_word' id='word_1_212' title='bbox 650 1753 691 1808; x_wconf 92' lang='lat' dir='ltr'><strong>sni</strong></span> <span class='ocrx_word' id='word_1_213' title='bbox 718 1752 867 1810; x_wconf 90' lang='lat' dir='ltr'><strong>conditoris</strong></span> <span class='ocrx_word' id='word_1_214' title='bbox 880 1783 907 1844; x_wconf 78' lang='grc' dir='ltr'><strong>Β</strong></span> <span class='ocrx_word' id='word_1_215' title='bbox 921 1756 1049 1811; x_wconf 82' lang='grc' dir='ltr'><strong>Τιίιιίιιιιε</strong></span> <span class='ocrx_word' id='word_1_216' title='bbox 1063 1756 1161 1822; x_wconf 81' lang='lat' dir='ltr'><strong>existit,</strong></span> <span class='ocrx_word' id='word_1_217' title='bbox 1188 1755 1224 1810; x_wconf 91' lang='lat' dir='ltr'><strong>ita</strong></span> <span class='ocrx_word' id='word_1_218' title='bbox 1241 1755 1308 1810; x_wconf 90' lang='lat' dir='ltr'><strong>nihil</strong></span> <span class='ocrx_word' id='word_1_219' title='bbox 1324 1755 1436 1811; x_wconf 90' lang='lat' dir='ltr'><strong>omuino</strong></span> <span class='ocrx_word' id='word_1_220' title='bbox 1451 1770 1513 1810; x_wconf 90' lang='lat' dir='ltr'><strong>esse</strong></span> <span class='ocrx_word' id='word_1_221' title='bbox 1539 1760 1629 1824; x_wconf 89' lang='lat' dir='ltr'><strong>potest</strong></span> <span class='ocrx_word' id='word_1_222' title='bbox 1642 1753 1715 1823; x_wconf 93' lang='lat' dir='ltr'><strong>quod</strong></span> 
     </span>
     <span class='ocr_line' id='line_1_24' title="bbox 68 1841 1715 1916; baseline 0 -20"><span class='ocrx_word' id='word_1_223' title='bbox 68 1841 143 1898; x_wconf 85' lang='lat' dir='ltr'><strong>inse</strong></span> <span class='ocrx_word' id='word_1_224' title='bbox 167 1842 348 1916; x_wconf 82' lang='lat' dir='ltr'><strong>recognoscit,</strong></span> <span class='ocrx_word' id='word_1_225' title='bbox 369 1842 396 1897; x_wconf 92' lang='lat' dir='ltr'><strong>iu</strong></span> <span class='ocrx_word' id='word_1_226' title='bbox 416 1843 468 1898; x_wconf 89' lang='lat' dir='ltr'><strong>hoc</strong></span> <span class='ocrx_word' id='word_1_227' title='bbox 493 1842 571 1898; x_wconf 86' lang='lat' dir='ltr'><strong>etiam</strong></span> <span class='ocrx_word' id='word_1_228' title='bbox 601 1841 674 1914; x_wconf 91' lang='lat' dir='ltr'><strong>quod</strong></span> <span class='ocrx_word' id='word_1_229' title='bbox 701 1841 867 1898; x_wconf 83' lang='lat' dir='ltr'><strong>videtillum</strong></span> <span class='ocrx_word' id='word_1_230' title='bbox 921 1852 1015 1901; x_wconf 91' lang='lat' dir='ltr'><strong>nonet</strong></span> <span class='ocrx_word' id='word_1_231' title='bbox 1044 1861 1126 1900; x_wconf 90' lang='lat' dir='ltr'><strong>unum</strong></span> <span class='ocrx_word' id='word_1_232' title='bbox 1154 1843 1201 1910; x_wconf 87' lang='lat' dir='ltr'><strong>sit,</strong></span> <span class='ocrx_word' id='word_1_233' title='bbox 1230 1852 1256 1899; x_wconf 92' lang='lat' dir='ltr'><strong>et</strong></span> <span class='ocrx_word' id='word_1_234' title='bbox 1285 1843 1415 1899; x_wconf 79' lang='lat' dir='ltr'><strong>trifariam</strong></span> <span class='ocrx_word' id='word_1_235' title='bbox 1446 1843 1586 1899; x_wconf 89' lang='lat' dir='ltr'><strong>consistat.</strong></span> <span class='ocrx_word' id='word_1_236' title='bbox 1617 1842 1715 1898; x_wconf 91' lang='lat' dir='ltr'><strong>Omnis</strong></span> 
     </span>
     <span class='ocr_line' id='line_1_25' title="bbox 67 1929 1718 2006; baseline -0.001 -20"><span class='ocrx_word' id='word_1_237' title='bbox 67 1930 160 1987; x_wconf 88' lang='lat' dir='ltr'><strong>lumen</strong></span> <span class='ocrx_word' id='word_1_238' title='bbox 181 1931 346 1999; x_wconf 89' lang='lat' dir='ltr'><strong>illuminans,</strong></span> <span class='ocrx_word' id='word_1_239' title='bbox 369 1947 399 1987; x_wconf 88' lang='lat' dir='ltr'><strong>se</strong></span> <span class='ocrx_word' id='word_1_240' title='bbox 423 1947 489 1987; x_wconf 89' lang='lat' dir='ltr'><strong>vero</strong></span> <span class='ocrx_word' id='word_1_241' title='bbox 504 1931 593 1985; x_wconf 90' lang='lat' dir='ltr'><strong>lumen</strong></span> <span class='ocrx_word' id='word_1_242' title='bbox 608 1929 780 1986; x_wconf 89' lang='lat' dir='ltr'><strong>luminabile.</strong></span> <span class='ocrx_word' id='word_1_243' title='bbox 798 1933 867 1987; x_wconf 86' lang='lat' dir='ltr'><strong>Am·</strong></span> <span class='ocrx_word' id='word_1_244' title='bbox 922 1933 1023 2006; x_wconf 90' lang='lat' dir='ltr'><strong>quippe</strong></span> <span class='ocrx_word' id='word_1_245' title='bbox 1037 1933 1137 2002; x_wconf 90' lang='lat' dir='ltr'><strong>anima,</strong></span> <span class='ocrx_word' id='word_1_246' title='bbox 1161 1933 1230 1988; x_wconf 90' lang='lat' dir='ltr'><strong>sicut</strong></span> <span class='ocrx_word' id='word_1_247' title='bbox 1251 1932 1352 1988; x_wconf 87' lang='lat' dir='ltr'><strong>dictum</strong></span> <span class='ocrx_word' id='word_1_248' title='bbox 1381 1940 1432 1999; x_wconf 90' lang='lat' dir='ltr'><strong>est,</strong></span> <span class='ocrx_word' id='word_1_249' title='bbox 1460 1931 1547 1986; x_wconf 89' lang='lat' dir='ltr'><strong>tribus</strong></span> <span class='ocrx_word' id='word_1_250' title='bbox 1572 1930 1718 1986; x_wconf 89' lang='lat' dir='ltr'><strong>individuis</strong></span> 
     </span>
     <span class='ocr_line' id='line_1_26' title="bbox 67 2017 1717 2094; baseline 0.001 -20"><span class='ocrx_word' id='word_1_251' title='bbox 67 2019 154 2092; x_wconf 91' lang='lat' dir='ltr'><strong>plius.</strong></span> <span class='ocrx_word' id='word_1_252' title='bbox 169 2019 211 2076; x_wconf 88' lang='lat' dir='ltr'><strong>Ad</strong></span> <span class='ocrx_word' id='word_1_253' title='bbox 226 2020 376 2094; x_wconf 87' lang='lat' dir='ltr'><strong>imaginem</strong></span> <span class='ocrx_word' id='word_1_254' title='bbox 400 2036 514 2075; x_wconf 79' lang='lat' dir='ltr'><strong>summae</strong></span> <span class='ocrx_word' id='word_1_255' title='bbox 542 2019 679 2075; x_wconf 87' lang='lat' dir='ltr'><strong>Trinitatis</strong></span> <span class='ocrx_word' id='word_1_256' title='bbox 694 2017 769 2074; x_wconf 88' lang='lat' dir='ltr'><strong>videt</strong></span> <span class='ocrx_word' id='word_1_257' title='bbox 796 2034 868 2091; x_wconf 87' lang='lat' dir='ltr'><strong>quo·</strong></span> <span class='ocrx_word' id='word_1_258' title='bbox 922 2021 1043 2077; x_wconf 86' lang='lat' dir='ltr'><strong>subsistit</strong></span> <span class='ocrx_word' id='word_1_259' title='bbox 1058 2037 1065 2092; x_wconf 93' lang='lat'>;</span> <span class='ocrx_word' id='word_1_260' title='bbox 1082 2022 1224 2088; x_wconf 87' lang='lat' dir='ltr'><strong>memoria,</strong></span> <span class='ocrx_word' id='word_1_261' title='bbox 1240 2021 1362 2086; x_wconf 88' lang='lat' dir='ltr'><strong>consilio,</strong></span> <span class='ocrx_word' id='word_1_262' title='bbox 1377 2021 1526 2077; x_wconf 85' lang='lat' dir='ltr'><strong>voluntate.</strong></span> <span class='ocrx_word' id='word_1_263' title='bbox 1544 2020 1632 2075; x_wconf 88' lang='lat' dir='ltr'><strong>Omne</strong></span> <span class='ocrx_word' id='word_1_264' title='bbox 1653 2035 1717 2075; x_wconf 84' lang='lat' dir='ltr'><strong>vero</strong></span> 
     </span>
     <span class='ocr_line' id='line_1_27' title="bbox 68 2107 1716 2181; baseline 0 -17"><span class='ocrx_word' id='word_1_265' title='bbox 68 2108 214 2165; x_wconf 90' lang='lat' dir='ltr'><strong>dammodo</strong></span> <span class='ocrx_word' id='word_1_266' title='bbox 241 2110 417 2181; x_wconf 89' lang='lat' dir='ltr'><strong>respondere,</strong></span> <span class='ocrx_word' id='word_1_267' title='bbox 441 2125 501 2180; x_wconf 85' lang='lat' dir='ltr'><strong>quae</strong></span> <span class='ocrx_word' id='word_1_268' title='bbox 523 2108 575 2164; x_wconf 89' lang='lat' dir='ltr'><strong>sibi</strong></span> <span class='ocrx_word' id='word_1_269' title='bbox 596 2109 624 2162; x_wconf 93' lang='lat' dir='ltr'><strong>in</strong></span> <span class='ocrx_word' id='word_1_270' title='bbox 652 2110 745 2180; x_wconf 92' lang='lat' dir='ltr'><strong>seipsa</strong></span> <span class='ocrx_word' id='word_1_271' title='bbox 770 2116 868 2179; x_wconf 82' lang='lat' dir='ltr'><strong>praesto</strong></span> <span class='ocrx_word' id='word_1_272' title='bbox 922 2127 1021 2181; x_wconf 92' lang='lat' dir='ltr'><strong>corpus</strong></span> <span class='ocrx_word' id='word_1_273' title='bbox 1036 2113 1063 2166; x_wconf 86' lang='grc' dir='ltr'><strong>ει</strong></span> <span class='ocrx_word' id='word_1_274' title='bbox 1074 2126 1157 2165; x_wconf 88' lang='grc' dir='ltr'><strong>ιιιιιιιιι</strong></span> <span class='ocrx_word' id='word_1_275' title='bbox 1173 2116 1226 2179; x_wconf 89' lang='grc' dir='ltr'><strong>εει,</strong></span> <span class='ocrx_word' id='word_1_276' title='bbox 1238 2116 1265 2165; x_wconf 90' lang='grc' dir='ltr'><strong>ει</strong></span> <span class='ocrx_word' id='word_1_277' title='bbox 1287 2108 1475 2177; x_wconf 76' lang='lat' dir='ltr'><strong>emensurabile,</strong></span> <span class='ocrx_word' id='word_1_278' title='bbox 1491 2117 1516 2165; x_wconf 90' lang='lat' dir='ltr'><strong>et</strong></span> <span class='ocrx_word' id='word_1_279' title='bbox 1540 2107 1716 2176; x_wconf 85' lang='lat' dir='ltr'><strong>numerabile,</strong></span> 
     </span>
     <span class='ocr_line' id='line_1_28' title="bbox 67 2197 1719 2272; baseline -0.002 -19"><span class='ocrx_word' id='word_1_280' title='bbox 67 2198 413 2266; x_wconf 90' lang='lat' dir='ltr'><strong>sunt;mentemscilicet‚</strong></span> <span class='ocrx_word' id='word_1_281' title='bbox 430 2197 863 2270; x_wconf 84' lang='lat' dir='ltr'><strong>cogitationem,etvoluntatem.</strong></span> <span class='ocrx_word' id='word_1_282' title='bbox 922 2209 948 2257; x_wconf 79' lang='lat' dir='ltr'><strong>et</strong></span> <span class='ocrx_word' id='word_1_283' title='bbox 963 2198 1139 2272; x_wconf 81' lang='lat' dir='ltr'><strong>ponderabile</strong></span> <span class='ocrx_word' id='word_1_284' title='bbox 1153 2206 1202 2254; x_wconf 85' lang='lat' dir='ltr'><strong>est.</strong></span> <span class='ocrx_word' id='word_1_285' title='bbox 1219 2198 1317 2257; x_wconf 81' lang='lat' dir='ltr'><strong>Anium</strong></span> <span class='ocrx_word' id='word_1_286' title='bbox 1331 2213 1397 2254; x_wconf 89' lang='lat' dir='ltr'><strong>veru</strong></span> <span class='ocrx_word' id='word_1_287' title='bbox 1412 2200 1561 2253; x_wconf 90' lang='lat' dir='ltr'><strong>secundnm</strong></span> <span class='ocrx_word' id='word_1_288' title='bbox 1590 2213 1640 2252; x_wconf 89' lang='lat' dir='ltr'><strong>sua</strong></span> <span class='ocrx_word' id='word_1_289' title='bbox 1669 2197 1719 2251; x_wconf 85' lang='lat' dir='ltr'><strong>triu</strong></span> 
     </span>
     <span class='ocr_line' id='line_1_29' title="bbox 67 2284 1719 2359; baseline -0.002 -16"><span class='ocrx_word' id='word_1_290' title='bbox 67 2287 137 2343; x_wconf 89' lang='lat' dir='ltr'><strong>Nam</strong></span> <span class='ocrx_word' id='word_1_291' title='bbox 152 2302 215 2345; x_wconf 89' lang='lat' dir='ltr'><strong>cum</strong></span> <span class='ocrx_word' id='word_1_292' title='bbox 228 2288 335 2359; x_wconf 84' lang='lat' dir='ltr'><strong>cogitat</strong></span> <span class='ocrx_word' id='word_1_293' title='bbox 349 2286 462 2359; x_wconf 88' lang='lat' dir='ltr'><strong>aliquid,</strong></span> <span class='ocrx_word' id='word_1_294' title='bbox 477 2294 561 2342; x_wconf 91' lang='lat' dir='ltr'><strong>toturn</strong></span> <span class='ocrx_word' id='word_1_295' title='bbox 577 2294 618 2341; x_wconf 90' lang='lat' dir='ltr'><strong>est</strong></span> <span class='ocrx_word' id='word_1_296' title='bbox 640 2286 667 2339; x_wconf 90' lang='lat' dir='ltr'><strong>iu</strong></span> <span class='ocrx_word' id='word_1_297' title='bbox 685 2294 775 2341; x_wconf 89' lang='lat' dir='ltr'><strong>mente</strong></span> <span class='ocrx_word' id='word_1_298' title='bbox 794 2284 868 2358; x_wconf 90' lang='lat' dir='ltr'><strong>quod</strong></span> <span class='ocrx_word' id='word_1_299' title='bbox 921 2292 1019 2345; x_wconf 86' lang='lat' dir='ltr'><strong>herum</strong></span> <span class='ocrx_word' id='word_1_300' title='bbox 1033 2289 1117 2343; x_wconf 88' lang='lat' dir='ltr'><strong>trium</strong></span> <span class='ocrx_word' id='word_1_301' title='bbox 1132 2302 1217 2359; x_wconf 85' lang='lat' dir='ltr'><strong>capax</strong></span> <span class='ocrx_word' id='word_1_302' title='bbox 1233 2285 1346 2342; x_wconf 85' lang='lat' dir='ltr'><strong>allicitur</strong></span> <span class='ocrx_word' id='word_1_303' title='bbox 1362 2306 1367 2342; x_wconf 93' lang='lat'>:</span> <span class='ocrx_word' id='word_1_304' title='bbox 1385 2287 1484 2358; x_wconf 88' lang='lat' dir='ltr'><strong>quippe</strong></span> <span class='ocrx_word' id='word_1_305' title='bbox 1495 2287 1647 2342; x_wconf 90' lang='lat' dir='ltr'><strong>secundum</strong></span> <span class='ocrx_word' id='word_1_306' title='bbox 1658 2285 1719 2357; x_wconf 91' lang='lat' dir='ltr'><strong>ipsa</strong></span> 
     </span>
     <span class='ocr_line' id='line_1_30' title="bbox 68 2373 1719 2450; baseline -0.002 -18"><span class='ocrx_word' id='word_1_307' title='bbox 68 2377 169 2450; x_wconf 88' lang='lat' dir='ltr'><strong>cogitat</strong></span> <span class='ocrx_word' id='word_1_308' title='bbox 182 2396 189 2442; x_wconf 86' lang='lat'>;</span> <span class='ocrx_word' id='word_1_309' title='bbox 204 2383 231 2432; x_wconf 93' lang='grc' dir='ltr'><strong>ει</strong></span> <span class='ocrx_word' id='word_1_310' title='bbox 246 2377 318 2447; x_wconf 92' lang='lat' dir='ltr'><strong>quod</strong></span> <span class='ocrx_word' id='word_1_311' title='bbox 332 2385 414 2431; x_wconf 89' lang='lat' dir='ltr'><strong>totum</strong></span> <span class='ocrx_word' id='word_1_312' title='bbox 430 2375 512 2430; x_wconf 90' lang='lat' dir='ltr'><strong>simul</strong></span> <span class='ocrx_word' id='word_1_313' title='bbox 529 2375 661 2443; x_wconf 88' lang='lat' dir='ltr'><strong>meminit,</strong></span> <span class='ocrx_word' id='word_1_314' title='bbox 678 2383 764 2430; x_wconf 89' lang='lat' dir='ltr'><strong>totum</strong></span> <span class='ocrx_word' id='word_1_315' title='bbox 786 2373 868 2429; x_wconf 90' lang='lat' dir='ltr'><strong>simul</strong></span> <span class='ocrx_word' id='word_1_316' title='bbox 922 2377 1194 2434; x_wconf 88' lang='lat' dir='ltr'><strong>demensrrrabilibus</strong></span> <span class='ocrx_word' id='word_1_317' title='bbox 1207 2385 1232 2432; x_wconf 89' lang='lat' dir='ltr'><strong>et</strong></span> <span class='ocrx_word' id='word_1_318' title='bbox 1247 2375 1457 2450; x_wconf 85' lang='lat' dir='ltr'><strong>numerabilibus</strong></span> <span class='ocrx_word' id='word_1_319' title='bbox 1478 2384 1505 2430; x_wconf 91' lang='lat' dir='ltr'><strong>et</strong></span> <span class='ocrx_word' id='word_1_320' title='bbox 1532 2375 1719 2447; x_wconf 87' lang='lat' dir='ltr'><strong>ponderabili-</strong></span> 
     </span>
    </p>
   </div>
   <div class='ocr_carea' id='block_1_6' title="bbox 67 2463 1824 2538">
    <p class='ocr_par' dir='ltr' id='par_1_6' title="bbox 67 2463 1824 2538">
     <span class='ocr_line' id='line_1_31' title="bbox 67 2463 1824 2538; baseline -0.006 -17"><span class='ocrx_word' id='word_1_321' title='bbox 67 2465 180 2537; x_wconf 87' lang='lat' dir='ltr'><strong>cogitat,</strong></span> <span class='ocrx_word' id='word_1_322' title='bbox 197 2472 223 2520; x_wconf 90' lang='lat' dir='ltr'><strong>et</strong></span> <span class='ocrx_word' id='word_1_323' title='bbox 239 2465 294 2519; x_wconf 88' lang='lat' dir='ltr'><strong>rult</strong></span> <span class='ocrx_word' id='word_1_324' title='bbox 305 2465 425 2537; x_wconf 74' lang='lat' dir='ltr'><strong>cogitare</strong></span> <span class='ocrx_word' id='word_1_325' title='bbox 437 2471 464 2519; x_wconf 91' lang='lat' dir='ltr'><strong>et</strong></span> <span class='ocrx_word' id='word_1_326' title='bbox 479 2463 646 2533; x_wconf 88' lang='lat' dir='ltr'><strong>meminisse,</strong></span> <span class='ocrx_word' id='word_1_327' title='bbox 663 2466 714 2520; x_wconf 92' lang='lat' dir='ltr'><strong>hoo</strong></span> <span class='ocrx_word' id='word_1_328' title='bbox 725 2470 777 2530; x_wconf 90' lang='grc' dir='ltr'><strong>εει,</strong></span> <span class='ocrx_word' id='word_1_329' title='bbox 794 2471 869 2519; x_wconf 86' lang='lat' dir='ltr'><strong>amat</strong></span> <span class='ocrx_word' id='word_1_330' title='bbox 923 2467 982 2538; x_wconf 84' lang='lat' dir='ltr'><strong>hus,</strong></span> <span class='ocrx_word' id='word_1_331' title='bbox 996 2466 1134 2538; x_wconf 73' lang='lat' dir='ltr'><strong>Judicans,</strong></span> <span class='ocrx_word' id='word_1_332' title='bbox 1150 2467 1202 2521; x_wconf 91' lang='lat' dir='ltr'><strong>hoc</strong></span> <span class='ocrx_word' id='word_1_333' title='bbox 1216 2473 1258 2521; x_wconf 88' lang='lat' dir='ltr'><strong>est</strong></span> <span class='ocrx_word' id='word_1_334' title='bbox 1272 2465 1306 2520; x_wconf 91' lang='lat' dir='ltr'><strong>de</strong></span> <span class='ocrx_word' id='word_1_335' title='bbox 1321 2465 1447 2520; x_wconf 90' lang='lat' dir='ltr'><strong>omnibus</strong></span> <span class='ocrx_word' id='word_1_336' title='bbox 1462 2465 1633 2534; x_wconf 87' lang='lat' dir='ltr'><strong>corporibus.</strong></span> <span class='ocrx_word' id='word_1_337' title='bbox 1650 2465 1719 2518; x_wconf 84' lang='lat' dir='ltr'><strong>Por·</strong></span> <span class='ocrx_word' id='word_1_338' title='bbox 1821 2504 1824 2511; x_wconf 94' lang='lat'><strong>.</strong></span> 
     </span>
    </p>
   </div>
   <div class='ocr_carea' id='block_1_7' title="bbox 61 2551 1722 3603">
    <p class='ocr_par' dir='ltr' id='par_1_7' title="bbox 61 2551 1722 3603">
     <span class='ocr_line' id='line_1_32' title="bbox 67 2551 1718 2626; baseline -0.002 -17"><span class='ocrx_word' id='word_1_339' title='bbox 67 2553 168 2610; x_wconf 83' lang='lat' dir='ltr'><strong>babere</strong></span> <span class='ocrx_word' id='word_1_340' title='bbox 183 2560 302 2609; x_wconf 89' lang='lat' dir='ltr'><strong>mentem</strong></span> <span class='ocrx_word' id='word_1_341' title='bbox 318 2561 344 2609; x_wconf 91' lang='grc' dir='ltr'><strong>ει</strong></span> <span class='ocrx_word' id='word_1_342' title='bbox 362 2552 563 2626; x_wconf 81' lang='lat' dir='ltr'><strong>cogitationem.</strong></span> <span class='ocrx_word' id='word_1_343' title='bbox 594 2554 716 2624; x_wconf 89' lang='lat' dir='ltr'><strong>Cumque</strong></span> <span class='ocrx_word' id='word_1_344' title='bbox 744 2551 867 2625; x_wconf 88' lang='lat' dir='ltr'><strong>cogitare</strong></span> <span class='ocrx_word' id='word_1_345' title='bbox 921 2553 1718 2626; x_wconf 82' lang='lat' dir='ltr'><strong>manatenimasummo,qnodlleusest;permedium</strong></span> 
     </span>
     <span class='ocr_line' id='line_1_33' title="bbox 67 2640 1720 2716; baseline -0.001 -18"><span class='ocrx_word' id='word_1_346' title='bbox 67 2659 96 2698; x_wconf 87' lang='lat' dir='ltr'><strong>sc</strong></span> <span class='ocrx_word' id='word_1_347' title='bbox 110 2640 248 2713; x_wconf 87' lang='lat' dir='ltr'><strong>meminit,</strong></span> <span class='ocrx_word' id='word_1_348' title='bbox 265 2649 347 2698; x_wconf 92' lang='lat' dir='ltr'><strong>totam</strong></span> <span class='ocrx_word' id='word_1_349' title='bbox 370 2650 443 2697; x_wconf 90' lang='lat' dir='ltr'><strong>certe</strong></span> <span class='ocrx_word' id='word_1_350' title='bbox 471 2641 667 2714; x_wconf 86' lang='lat' dir='ltr'><strong>cogitationem</strong></span> <span class='ocrx_word' id='word_1_351' title='bbox 694 2647 750 2695; x_wconf 90' lang='lat' dir='ltr'><strong>tuta</strong></span> <span class='ocrx_word' id='word_1_352' title='bbox 777 2647 867 2695; x_wconf 90' lang='lat' dir='ltr'><strong>mente</strong></span> <span class='ocrx_word' id='word_1_353' title='bbox 921 2644 996 2716; x_wconf 92' lang='lat' dir='ltr'><strong>quod</strong></span> <span class='ocrx_word' id='word_1_354' title='bbox 1010 2652 1051 2700; x_wconf 91' lang='lat' dir='ltr'><strong>est</strong></span> <span class='ocrx_word' id='word_1_355' title='bbox 1065 2643 1156 2699; x_wconf 90' lang='lat' dir='ltr'><strong>anima</strong></span> <span class='ocrx_word' id='word_1_356' title='bbox 1168 2667 1175 2709; x_wconf 84' lang='lat'><strong>;</strong></span> <span class='ocrx_word' id='word_1_357' title='bbox 1189 2643 1224 2697; x_wconf 89' lang='lat' dir='ltr'><strong>ad</strong></span> <span class='ocrx_word' id='word_1_358' title='bbox 1239 2642 1323 2697; x_wconf 91' lang='lat' dir='ltr'><strong>imum</strong></span> <span class='ocrx_word' id='word_1_359' title='bbox 1338 2642 1414 2716; x_wconf 90' lang='lat' dir='ltr'><strong>quod</strong></span> <span class='ocrx_word' id='word_1_360' title='bbox 1428 2650 1491 2697; x_wconf 80' lang='lat' dir='ltr'><strong>scrut</strong></span> <span class='ocrx_word' id='word_1_361' title='bbox 1500 2641 1720 2713; x_wconf 62' lang='lat' dir='ltr'><strong>corporearum</strong></span> 
     </span>
     <span class='ocr_line' id='line_1_34' title="bbox 66 2729 1722 2805; baseline -0.003 -16"><span class='ocrx_word' id='word_1_362' title='bbox 66 2731 291 2803; x_wconf 81' lang='lat' dir='ltr'><strong>comprehendit,</strong></span> <span class='ocrx_word' id='word_1_363' title='bbox 305 2738 332 2785; x_wconf 86' lang='grc' dir='ltr'><strong>ει</strong></span> <span class='ocrx_word' id='word_1_364' title='bbox 346 2739 430 2785; x_wconf 84' lang='grc' dir='ltr'><strong>ιοιιιιιι</strong></span> <span class='ocrx_word' id='word_1_365' title='bbox 446 2745 568 2786; x_wconf 81' lang='lat' dir='ltr'><strong>amoram</strong></span> <span class='ocrx_word' id='word_1_366' title='bbox 584 2746 662 2784; x_wconf 88' lang='lat' dir='ltr'><strong>suum</strong></span> <span class='ocrx_word' id='word_1_367' title='bbox 687 2729 730 2784; x_wconf 86' lang='lat' dir='ltr'><strong>vel</strong></span> <span class='ocrx_word' id='word_1_368' title='bbox 744 2735 867 2784; x_wconf 76' lang='lat' dir='ltr'><strong>mentem</strong></span> <span class='ocrx_word' id='word_1_369' title='bbox 922 2733 1060 2805; x_wconf 87' lang='lat' dir='ltr'><strong>specimen</strong></span> <span class='ocrx_word' id='word_1_370' title='bbox 1075 2731 1211 2786; x_wconf 85' lang='lat' dir='ltr'><strong>Trinitatis</strong></span> <span class='ocrx_word' id='word_1_371' title='bbox 1224 2730 1384 2802; x_wconf 89' lang='lat' dir='ltr'><strong>corporibus</strong></span> <span class='ocrx_word' id='word_1_372' title='bbox 1398 2730 1476 2803; x_wconf 85' lang='lat' dir='ltr'><strong>sigua</strong></span> <span class='ocrx_word' id='word_1_373' title='bbox 1491 2731 1533 2786; x_wconf 92' lang='lat' dir='ltr'><strong>sui</strong></span> <span class='ocrx_word' id='word_1_374' title='bbox 1550 2732 1722 2802; x_wconf 89' lang='lat' dir='ltr'><strong>imprimens,</strong></span> 
     </span>
     <span class='ocr_line' id='line_1_35' title="bbox 66 2817 1721 2892; baseline -0.002 -16"><span class='ocrx_word' id='word_1_375' title='bbox 66 2836 145 2877; x_wconf 89' lang='lat' dir='ltr'><strong>snam</strong></span> <span class='ocrx_word' id='word_1_376' title='bbox 161 2826 216 2876; x_wconf 86' lang='lat' dir='ltr'><strong>tota</strong></span> <span class='ocrx_word' id='word_1_377' title='bbox 231 2819 394 2892; x_wconf 90' lang='lat' dir='ltr'><strong>cogitatione</strong></span> <span class='ocrx_word' id='word_1_378' title='bbox 409 2818 521 2889; x_wconf 80' lang='lat' dir='ltr'><strong>cogitat,</strong></span> <span class='ocrx_word' id='word_1_379' title='bbox 536 2835 598 2875; x_wconf 87' lang='lat' dir='ltr'><strong>cum</strong></span> <span class='ocrx_word' id='word_1_380' title='bbox 622 2834 714 2873; x_wconf 91' lang='lat' dir='ltr'><strong>amare</strong></span> <span class='ocrx_word' id='word_1_381' title='bbox 729 2817 773 2874; x_wconf 87' lang='lat' dir='ltr'><strong>vel</strong></span> <span class='ocrx_word' id='word_1_382' title='bbox 805 2832 865 2872; x_wconf 90' lang='lat' dir='ltr'><strong>me·</strong></span> <span class='ocrx_word' id='word_1_383' title='bbox 922 2822 1065 2878; x_wconf 89' lang='lat' dir='ltr'><strong>animabus</strong></span> <span class='ocrx_word' id='word_1_384' title='bbox 1078 2837 1144 2877; x_wconf 86' lang='lat' dir='ltr'><strong>uero</strong></span> <span class='ocrx_word' id='word_1_385' title='bbox 1159 2820 1282 2876; x_wconf 90' lang='lat' dir='ltr'><strong>notitiam</strong></span> <span class='ocrx_word' id='word_1_386' title='bbox 1297 2821 1429 2875; x_wconf 90' lang='lat' dir='ltr'><strong>tribuens.</strong></span> <span class='ocrx_word' id='word_1_387' title='bbox 1445 2821 1510 2875; x_wconf 82' lang='lat' dir='ltr'><strong>llaec</strong></span> <span class='ocrx_word' id='word_1_388' title='bbox 1525 2820 1617 2875; x_wconf 89' lang='lat' dir='ltr'><strong>omnia</strong></span> <span class='ocrx_word' id='word_1_389' title='bbox 1629 2818 1721 2875; x_wconf 85' lang='lat' dir='ltr'><strong>anima</strong></span> 
     </span>
     <span class='ocr_line' id='line_1_36' title="bbox 65 2907 1717 2981; baseline -0.004 -15"><span class='ocrx_word' id='word_1_390' title='bbox 65 2908 338 2981; x_wconf 88' lang='lat' dir='ltr'><strong>minissesecogitat</strong></span> <span class='ocrx_word' id='word_1_391' title='bbox 354 2928 360 2963; x_wconf 76' lang='grc' dir='ltr'><strong>ε</strong></span> <span class='ocrx_word' id='word_1_392' title='bbox 378 2916 433 2964; x_wconf 88' lang='grc' dir='ltr'><strong>ιοιο</strong></span> <span class='ocrx_word' id='word_1_393' title='bbox 449 2923 540 2963; x_wconf 84' lang='grc' dir='ltr'><strong>ιιιιιοιε</strong></span> <span class='ocrx_word' id='word_1_394' title='bbox 562 2922 612 2963; x_wconf 93' lang='lat' dir='ltr'><strong>suo</strong></span> <span class='ocrx_word' id='word_1_395' title='bbox 641 2907 765 2962; x_wconf 91' lang='lat' dir='ltr'><strong>eamdem</strong></span> <span class='ocrx_word' id='word_1_396' title='bbox 784 2913 867 2962; x_wconf 88' lang='lat' dir='ltr'><strong>totam</strong></span> <span class='ocrx_word' id='word_1_397' title='bbox 921 2911 1058 2966; x_wconf 86' lang='lat' dir='ltr'><strong>intellectu</strong></span> <span class='ocrx_word' id='word_1_398' title='bbox 1086 2909 1264 2980; x_wconf 89' lang='lat' dir='ltr'><strong>conscipiens,</strong></span> <span class='ocrx_word' id='word_1_399' title='bbox 1293 2923 1348 2964; x_wconf 90' lang='lat' dir='ltr'><strong>nen</strong></span> <span class='ocrx_word' id='word_1_400' title='bbox 1366 2909 1424 2978; x_wconf 89' lang='lat' dir='ltr'><strong>jam</strong></span> <span class='ocrx_word' id='word_1_401' title='bbox 1442 2916 1546 2963; x_wconf 90' lang='lat' dir='ltr'><strong>tautum</strong></span> <span class='ocrx_word' id='word_1_402' title='bbox 1568 2908 1717 2963; x_wconf 87' lang='lat' dir='ltr'><strong>delectatur</strong></span> 
     </span>
     <span class='ocr_line' id='line_1_37' title="bbox 64 2995 1718 3070; baseline 0 -19"><span class='ocrx_word' id='word_1_403' title='bbox 64 3006 184 3054; x_wconf 83' lang='lat' dir='ltr'><strong>mentem</strong></span> <span class='ocrx_word' id='word_1_404' title='bbox 200 3006 282 3069; x_wconf 87' lang='lat' dir='ltr'><strong>atque</strong></span> <span class='ocrx_word' id='word_1_405' title='bbox 297 2999 420 3053; x_wconf 89' lang='lat' dir='ltr'><strong>eamdem</strong></span> <span class='ocrx_word' id='word_1_406' title='bbox 433 2997 628 3070; x_wconf 86' lang='lat' dir='ltr'><strong>cogitationem</strong></span> <span class='ocrx_word' id='word_1_407' title='bbox 650 3012 725 3050; x_wconf 88' lang='lat' dir='ltr'><strong>suam</strong></span> <span class='ocrx_word' id='word_1_408' title='bbox 741 3003 797 3050; x_wconf 93' lang='lat' dir='ltr'><strong>tota</strong></span> <span class='ocrx_word' id='word_1_409' title='bbox 823 2995 867 3050; x_wconf 94' lang='lat' dir='ltr'><strong>di·</strong></span> <span class='ocrx_word' id='word_1_410' title='bbox 920 2999 1008 3054; x_wconf 86' lang='lat' dir='ltr'><strong>instra</strong></span> <span class='ocrx_word' id='word_1_411' title='bbox 1023 2998 1188 3054; x_wconf 86' lang='lat' dir='ltr'><strong>formositate</strong></span> <span class='ocrx_word' id='word_1_412' title='bbox 1209 3013 1293 3070; x_wconf 89' lang='lat' dir='ltr'><strong>qnam</strong></span> <span class='ocrx_word' id='word_1_413' title='bbox 1320 2997 1349 3052; x_wconf 93' lang='lat' dir='ltr'><strong>iu</strong></span> <span class='ocrx_word' id='word_1_414' title='bbox 1374 2997 1460 3052; x_wconf 85' lang='lat' dir='ltr'><strong>forma</strong></span> <span class='ocrx_word' id='word_1_415' title='bbox 1481 2997 1645 3064; x_wconf 83' lang='lat' dir='ltr'><strong>formatrice,</strong></span> <span class='ocrx_word' id='word_1_416' title='bbox 1674 2995 1718 3052; x_wconf 92' lang='lat' dir='ltr'><strong>cui</strong></span> 
     </span>
     <span class='ocr_line' id='line_1_38' title="bbox 64 3083 1718 3160; baseline -0.001 -19"><span class='ocrx_word' id='word_1_417' title='bbox 64 3085 133 3160; x_wconf 90' lang='lat' dir='ltr'><strong>ligit,</strong></span> <span class='ocrx_word' id='word_1_418' title='bbox 149 3102 212 3144; x_wconf 93' lang='lat' dir='ltr'><strong>curn</strong></span> <span class='ocrx_word' id='word_1_419' title='bbox 224 3086 383 3142; x_wconf 90' lang='lat' dir='ltr'><strong>meminisse</strong></span> <span class='ocrx_word' id='word_1_420' title='bbox 392 3093 419 3140; x_wconf 88' lang='lat' dir='ltr'><strong>et</strong></span> <span class='ocrx_word' id='word_1_421' title='bbox 433 3085 555 3158; x_wconf 85' lang='lat' dir='ltr'><strong>cogitare</strong></span> <span class='ocrx_word' id='word_1_422' title='bbox 569 3083 743 3156; x_wconf 89' lang='lat' dir='ltr'><strong>seipsumque</strong></span> <span class='ocrx_word' id='word_1_423' title='bbox 770 3098 865 3139; x_wconf 90' lang='lat' dir='ltr'><strong>amare</strong></span> <span class='ocrx_word' id='word_1_424' title='bbox 920 3087 1086 3144; x_wconf 92' lang='lat' dir='ltr'><strong>intendendo</strong></span> <span class='ocrx_word' id='word_1_425' title='bbox 1105 3102 1213 3157; x_wconf 88' lang='lat' dir='ltr'><strong>semper</strong></span> <span class='ocrx_word' id='word_1_426' title='bbox 1225 3084 1340 3142; x_wconf 78' lang='lat' dir='ltr'><strong>efficitur</strong></span> <span class='ocrx_word' id='word_1_427' title='bbox 1353 3086 1511 3142; x_wconf 90' lang='lat' dir='ltr'><strong>formosior.</strong></span> <span class='ocrx_word' id='word_1_428' title='bbox 1537 3089 1630 3156; x_wconf 88' lang='lat' dir='ltr'><strong>ipsum</strong></span> <span class='ocrx_word' id='word_1_429' title='bbox 1644 3085 1718 3141; x_wconf 91' lang='lat' dir='ltr'><strong>cuim</strong></span> 
     </span>
     <span class='ocr_line' id='line_1_39' title="bbox 63 3143 1716 3249; baseline -0.001 -19"><span class='ocrx_word' id='word_1_430' title='bbox 63 3174 161 3249; x_wconf 89' lang='lat' dir='ltr'><strong>dlligit.</strong></span> <span class='ocrx_word' id='word_1_431' title='bbox 177 3177 212 3232; x_wconf 77' lang='lat' dir='ltr'><strong>tat</strong></span> <span class='ocrx_word' id='word_1_432' title='bbox 228 3175 250 3231; x_wconf 88' lang='lat' dir='ltr'><strong>si</strong></span> <span class='ocrx_word' id='word_1_433' title='bbox 260 3191 289 3231; x_wconf 89' lang='lat' dir='ltr'><strong>se</strong></span> <span class='ocrx_word' id='word_1_434' title='bbox 303 3175 408 3248; x_wconf 90' lang='lat' dir='ltr'><strong>singula</strong></span> <span class='ocrx_word' id='word_1_435' title='bbox 423 3182 479 3231; x_wconf 89' lang='lat' dir='ltr'><strong>tota</strong></span> <span class='ocrx_word' id='word_1_436' title='bbox 494 3174 574 3229; x_wconf 90' lang='lat' dir='ltr'><strong>simul</strong></span> <span class='ocrx_word' id='word_1_437' title='bbox 591 3174 632 3228; x_wconf 88' lang='lat' dir='ltr'><strong>vel</strong></span> <span class='ocrx_word' id='word_1_438' title='bbox 648 3181 741 3229; x_wconf 88' lang='lat' dir='ltr'><strong>ament</strong></span> <span class='ocrx_word' id='word_1_439' title='bbox 758 3172 800 3228; x_wconf 84' lang='lat' dir='ltr'><strong>vel</strong></span> <span class='ocrx_word' id='word_1_440' title='bbox 814 3143 904 3227; x_wconf 68' lang='lat' dir='ltr'><strong>co·0</strong></span> <span class='ocrx_word' id='word_1_441' title='bbox 921 3176 1072 3244; x_wconf 86' lang='lat' dir='ltr'><strong>intendere,</strong></span> <span class='ocrx_word' id='word_1_442' title='bbox 1088 3175 1198 3231; x_wconf 84' lang='lat' dir='ltr'><strong>formari</strong></span> <span class='ocrx_word' id='word_1_443' title='bbox 1213 3183 1262 3230; x_wconf 91' lang='lat' dir='ltr'><strong>est.</strong></span> <span class='ocrx_word' id='word_1_444' title='bbox 1286 3174 1426 3246; x_wconf 87' lang='lat' dir='ltr'><strong>Quidquid</strong></span> <span class='ocrx_word' id='word_1_445' title='bbox 1454 3174 1525 3230; x_wconf 91' lang='lat' dir='ltr'><strong>enim</strong></span> <span class='ocrx_word' id='word_1_446' title='bbox 1553 3176 1587 3229; x_wconf 92' lang='lat' dir='ltr'><strong>ad</strong></span> <span class='ocrx_word' id='word_1_447' title='bbox 1620 3176 1716 3244; x_wconf 88' lang='lat' dir='ltr'><strong>Deum,</strong></span> 
     </span>
     <span class='ocr_line' id='line_1_40' title="bbox 62 3261 1719 3337; baseline -0.001 -18"><span class='ocrx_word' id='word_1_448' title='bbox 62 3264 161 3337; x_wconf 85' lang='lat' dir='ltr'><strong>gitent,</strong></span> <span class='ocrx_word' id='word_1_449' title='bbox 177 3264 222 3320; x_wconf 83' lang='lat' dir='ltr'><strong>vel</strong></span> <span class='ocrx_word' id='word_1_450' title='bbox 237 3263 420 3330; x_wconf 90' lang='lat' dir='ltr'><strong>meminerint,</strong></span> <span class='ocrx_word' id='word_1_451' title='bbox 437 3278 491 3319; x_wconf 91' lang='lat' dir='ltr'><strong>non</strong></span> <span class='ocrx_word' id='word_1_452' title='bbox 508 3261 695 3332; x_wconf 88' lang='lat' dir='ltr'><strong>majoraeruut</strong></span> <span class='ocrx_word' id='word_1_453' title='bbox 711 3269 765 3317; x_wconf 90' lang='lat' dir='ltr'><strong>tota</strong></span> <span class='ocrx_word' id='word_1_454' title='bbox 779 3261 866 3315; x_wconf 87' lang='lat' dir='ltr'><strong>simul</strong></span> <span class='ocrx_word' id='word_1_455' title='bbox 920 3265 1046 3333; x_wconf 80' lang='lat' dir='ltr'><strong>afficitur,</strong></span> <span class='ocrx_word' id='word_1_456' title='bbox 1062 3272 1169 3321; x_wconf 88' lang='lat' dir='ltr'><strong>nonest</strong></span> <span class='ocrx_word' id='word_1_457' title='bbox 1184 3280 1273 3331; x_wconf 90' lang='lat' dir='ltr'><strong>suum,</strong></span> <span class='ocrx_word' id='word_1_458' title='bbox 1290 3264 1338 3319; x_wconf 90' lang='lat' dir='ltr'><strong>sed</strong></span> <span class='ocrx_word' id='word_1_459' title='bbox 1354 3263 1411 3332; x_wconf 90' lang='lat' dir='ltr'><strong>ejus</strong></span> <span class='ocrx_word' id='word_1_460' title='bbox 1425 3279 1440 3317; x_wconf 90' lang='lat' dir='ltr'><strong>a</strong></span> <span class='ocrx_word' id='word_1_461' title='bbox 1456 3278 1509 3334; x_wconf 91' lang='lat' dir='ltr'><strong>qno</strong></span> <span class='ocrx_word' id='word_1_462' title='bbox 1525 3262 1655 3319; x_wconf 86' lang='lat' dir='ltr'><strong>afficitur.</strong></span> <span class='ocrx_word' id='word_1_463' title='bbox 1684 3264 1719 3317; x_wconf 84' lang='lat' dir='ltr'><strong>Et</strong></span> 
     </span>
     <span class='ocr_line' id='line_1_41' title="bbox 62 3349 1719 3427; baseline -0.002 -19"><span class='ocrx_word' id='word_1_464' title='bbox 62 3354 123 3423; x_wconf 88' lang='lat' dir='ltr'><strong>tria,</strong></span> <span class='ocrx_word' id='word_1_465' title='bbox 140 3369 223 3427; x_wconf 90' lang='lat' dir='ltr'><strong>quam</strong></span> <span class='ocrx_word' id='word_1_466' title='bbox 238 3353 281 3409; x_wconf 89' lang='lat' dir='ltr'><strong>vel</strong></span> <span class='ocrx_word' id='word_1_467' title='bbox 295 3368 371 3410; x_wconf 89' lang='lat' dir='ltr'><strong>mens</strong></span> <span class='ocrx_word' id='word_1_468' title='bbox 385 3360 441 3408; x_wconf 89' lang='lat' dir='ltr'><strong>tota</strong></span> <span class='ocrx_word' id='word_1_469' title='bbox 457 3352 558 3424; x_wconf 87' lang='lat' dir='ltr'><strong>pariter</strong></span> <span class='ocrx_word' id='word_1_470' title='bbox 573 3350 710 3417; x_wconf 89' lang='lat' dir='ltr'><strong>recolens,</strong></span> <span class='ocrx_word' id='word_1_471' title='bbox 741 3349 783 3407; x_wconf 83' lang='lat' dir='ltr'><strong>rel</strong></span> <span class='ocrx_word' id='word_1_472' title='bbox 814 3365 865 3405; x_wconf 91' lang='lat' dir='ltr'><strong>co·</strong></span> <span class='ocrx_word' id='word_1_473' title='bbox 920 3354 1032 3410; x_wconf 86' lang='lat' dir='ltr'><strong>obeata</strong></span> <span class='ocrx_word' id='word_1_474' title='bbox 1051 3355 1139 3409; x_wconf 89' lang='lat' dir='ltr'><strong>anima</strong></span> <span class='ocrx_word' id='word_1_475' title='bbox 1155 3360 1182 3408; x_wconf 90' lang='grc' dir='ltr'><strong>ει</strong></span> <span class='ocrx_word' id='word_1_476' title='bbox 1195 3368 1259 3407; x_wconf 86' lang='lat' dir='ltr'><strong>vere</strong></span> <span class='ocrx_word' id='word_1_477' title='bbox 1273 3352 1365 3418; x_wconf 84' lang='lat' dir='ltr'><strong>beata,</strong></span> <span class='ocrx_word' id='word_1_478' title='bbox 1382 3368 1442 3422; x_wconf 88' lang='lat' dir='ltr'><strong>quae</strong></span> <span class='ocrx_word' id='word_1_479' title='bbox 1456 3352 1479 3405; x_wconf 92' lang='lat' dir='ltr'><strong>si</strong></span> <span class='ocrx_word' id='word_1_480' title='bbox 1494 3358 1561 3417; x_wconf 90' lang='lat' dir='ltr'><strong>orat,</strong></span> <span class='ocrx_word' id='word_1_481' title='bbox 1583 3350 1652 3405; x_wconf 82' lang='lat' dir='ltr'><strong>sieut</strong></span> <span class='ocrx_word' id='word_1_482' title='bbox 1678 3350 1719 3405; x_wconf 92' lang='lat' dir='ltr'><strong>di-</strong></span> 
     </span>
     <span class='ocr_line' id='line_1_42' title="bbox 61 3439 1716 3517; baseline -0.003 -19"><span class='ocrx_word' id='word_1_483' title='bbox 61 3441 159 3517; x_wconf 80' lang='lat' dir='ltr'><strong>gitatio</strong></span> <span class='ocrx_word' id='word_1_484' title='bbox 172 3449 229 3498; x_wconf 89' lang='lat' dir='ltr'><strong>tota</strong></span> <span class='ocrx_word' id='word_1_485' title='bbox 243 3457 425 3515; x_wconf 87' lang='lat' dir='ltr'><strong>cognosceus,</strong></span> <span class='ocrx_word' id='word_1_486' title='bbox 442 3441 485 3496; x_wconf 90' lang='lat' dir='ltr'><strong>vel</strong></span> <span class='ocrx_word' id='word_1_487' title='bbox 494 3456 571 3496; x_wconf 87' lang='lat' dir='ltr'><strong>amor</strong></span> <span class='ocrx_word' id='word_1_488' title='bbox 579 3448 651 3496; x_wconf 91' lang='lat' dir='ltr'><strong>totus</strong></span> <span class='ocrx_word' id='word_1_489' title='bbox 659 3439 789 3512; x_wconf 86' lang='lat' dir='ltr'><strong>diligens.</strong></span> <span class='ocrx_word' id='word_1_490' title='bbox 805 3439 864 3494; x_wconf 89' lang='lat' dir='ltr'><strong>lluc</strong></span> <span class='ocrx_word' id='word_1_491' title='bbox 918 3443 955 3498; x_wconf 89' lang='lat' dir='ltr'><strong>cit</strong></span> <span class='ocrx_word' id='word_1_492' title='bbox 969 3442 1114 3515; x_wconf 73' lang='lat' dir='ltr'><strong>Apostolus</strong></span> <span class='ocrx_word' id='word_1_493' title='bbox 1128 3443 1217 3512; x_wconf 78' lang='lat' dir='ltr'><strong>(Rom.</strong></span> <span class='ocrx_word' id='word_1_494' title='bbox 1232 3440 1301 3512; x_wconf 80' lang='lat' dir='ltr'><strong>vni),</strong></span> <span class='ocrx_word' id='word_1_495' title='bbox 1312 3456 1367 3495; x_wconf 90' lang='lat' dir='ltr'><strong>non</strong></span> <span class='ocrx_word' id='word_1_496' title='bbox 1377 3440 1439 3512; x_wconf 91' lang='lat' dir='ltr'><strong>ipsa</strong></span> <span class='ocrx_word' id='word_1_497' title='bbox 1447 3440 1496 3495; x_wconf 92' lang='lat' dir='ltr'><strong>sed</strong></span> <span class='ocrx_word' id='word_1_498' title='bbox 1509 3463 1519 3488; x_wconf 88' lang='grc' dir='ltr'><strong>ι</strong></span> <span class='ocrx_word' id='word_1_499' title='bbox 1531 3439 1637 3510; x_wconf 88' lang='lat' dir='ltr'><strong>Spritns</strong></span> <span class='ocrx_word' id='word_1_500' title='bbox 1652 3454 1716 3494; x_wconf 88' lang='lat' dir='ltr'><strong>sen-</strong></span> 
     </span>
     <span class='ocr_line' id='line_1_43' title="bbox 61 3527 1717 3603; baseline -0.002 -16"><span class='ocrx_word' id='word_1_501' title='bbox 61 3531 160 3588; x_wconf 86' lang='lat' dir='ltr'><strong>videns</strong></span> <span class='ocrx_word' id='word_1_502' title='bbox 173 3531 263 3586; x_wconf 83' lang='lat' dir='ltr'><strong>anima</strong></span> <span class='ocrx_word' id='word_1_503' title='bbox 279 3531 308 3585; x_wconf 92' lang='lat' dir='ltr'><strong>in</strong></span> <span class='ocrx_word' id='word_1_504' title='bbox 323 3547 352 3586; x_wconf 89' lang='lat' dir='ltr'><strong>se</strong></span> <span class='ocrx_word' id='word_1_505' title='bbox 366 3546 436 3596; x_wconf 90' lang='lat' dir='ltr'><strong>esse,</strong></span> <span class='ocrx_word' id='word_1_506' title='bbox 456 3529 510 3585; x_wconf 91' lang='lat' dir='ltr'><strong>imo</strong></span> <span class='ocrx_word' id='word_1_507' title='bbox 539 3530 592 3584; x_wconf 93' lang='lat' dir='ltr'><strong>hoc</strong></span> <span class='ocrx_word' id='word_1_508' title='bbox 620 3529 718 3584; x_wconf 84' lang='lat' dir='ltr'><strong>videns</strong></span> <span class='ocrx_word' id='word_1_509' title='bbox 736 3544 765 3584; x_wconf 90' lang='lat' dir='ltr'><strong>se</strong></span> <span class='ocrx_word' id='word_1_510' title='bbox 790 3542 860 3594; x_wconf 86' lang='lat' dir='ltr'><strong>esse,</strong></span> <span class='ocrx_word' id='word_1_511' title='bbox 917 3540 998 3588; x_wconf 78' lang='lat' dir='ltr'><strong>ctus·</strong></span> <span class='ocrx_word' id='word_1_512' title='bbox 1018 3547 1069 3603; x_wconf 90' lang='lat' dir='ltr'><strong>pro</strong></span> <span class='ocrx_word' id='word_1_513' title='bbox 1077 3537 1176 3586; x_wconf 88' lang='lat' dir='ltr'><strong>ecerat</strong></span> <span class='ocrx_word' id='word_1_514' title='bbox 1190 3544 1298 3601; x_wconf 75' lang='lat' dir='ltr'><strong>«usque</strong></span> <span class='ocrx_word' id='word_1_515' title='bbox 1310 3528 1345 3583; x_wconf 93' lang='lat' dir='ltr'><strong>ad</strong></span> <span class='ocrx_word' id='word_1_516' title='bbox 1353 3527 1670 3601; x_wconf 72' lang='lat' dir='ltr'><strong>inedabilesgemitus3»</strong></span> <span class='ocrx_word' id='word_1_517' title='bbox 1693 3527 1717 3583; x_wconf 89' lang='lat' dir='ltr'><strong>si</strong></span> 
     </span>
    </p>
   </div>
   <div class='ocr_carea' id='block_1_8' title="bbox 59 3616 1713 3693">
    <p class='ocr_par' dir='ltr' id='par_1_8' title="bbox 59 3616 1713 3693">
     <span class='ocr_line' id='line_1_44' title="bbox 59 3616 1713 3693; baseline -0.007 -17"><span class='ocrx_word' id='word_1_518' title='bbox 59 3619 229 3690; x_wconf 85' lang='lat' dir='ltr'><strong>audiensque</strong></span> <span class='ocrx_word' id='word_1_519' title='bbox 255 3618 308 3674; x_wconf 90' lang='lat' dir='ltr'><strong>sibi</strong></span> <span class='ocrx_word' id='word_1_520' title='bbox 335 3619 422 3674; x_wconf 89' lang='lat' dir='ltr'><strong>Deum</strong></span> <span class='ocrx_word' id='word_1_521' title='bbox 450 3617 649 3691; x_wconf 86' lang='lat' dir='ltr'><strong>quodammodo</strong></span> <span class='ocrx_word' id='word_1_522' title='bbox 692 3618 859 3689; x_wconf 91' lang='lat' dir='ltr'><strong>loquentem,</strong></span> <span class='ocrx_word' id='word_1_523' title='bbox 915 3620 1044 3693; x_wconf 86' lang='lat' dir='ltr'><strong>loquitur,</strong></span> <span class='ocrx_word' id='word_1_524' title='bbox 1059 3618 1195 3690; x_wconf 72' lang='lat' dir='ltr'><strong>«Spiritus</strong></span> <span class='ocrx_word' id='word_1_525' title='bbox 1213 3641 1223 3665; x_wconf 79' lang='grc' dir='ltr'><strong>ι</strong></span> <span class='ocrx_word' id='word_1_526' title='bbox 1241 3633 1291 3688; x_wconf 92' lang='lat' dir='ltr'><strong>per</strong></span> <span class='ocrx_word' id='word_1_527' title='bbox 1306 3632 1365 3672; x_wconf 90' lang='lat' dir='ltr'><strong>eam</strong></span> <span class='ocrx_word' id='word_1_528' title='bbox 1380 3640 1391 3666; x_wconf 91' lang='grc' dir='ltr'><strong>ι</strong></span> <span class='ocrx_word' id='word_1_529' title='bbox 1410 3617 1531 3689; x_wconf 89' lang='lat' dir='ltr'><strong>loquitur</strong></span> <span class='ocrx_word' id='word_1_530' title='bbox 1545 3616 1713 3686; x_wconf 50' lang='lat' dir='ltr'><strong>mysterium</strong></span> 
     </span>
    </p>
   </div>
   <div class='ocr_carea' id='block_1_9' title="bbox 52 3705 1711 4578">
    <p class='ocr_par' dir='ltr' id='par_1_9' title="bbox 52 3705 1711 4578">
     <span class='ocr_line' id='line_1_45' title="bbox 58 3705 1711 3781; baseline -0.004 -17"><span class='ocrx_word' id='word_1_531' title='bbox 58 3708 203 3765; x_wconf 82' lang='lat' dir='ltr'><strong>ueritatem</strong></span> <span class='ocrx_word' id='word_1_532' title='bbox 218 3708 291 3763; x_wconf 87' lang='lat' dir='ltr'><strong>ridet</strong></span> <span class='ocrx_word' id='word_1_533' title='bbox 305 3708 466 3774; x_wconf 82' lang='lat' dir='ltr'><strong>radiantem,</strong></span> <span class='ocrx_word' id='word_1_534' title='bbox 491 3707 625 3762; x_wconf 86' lang='lat' dir='ltr'><strong>Christum</strong></span> <span class='ocrx_word' id='word_1_535' title='bbox 650 3706 762 3761; x_wconf 77' lang='lat' dir='ltr'><strong>intendit</strong></span> <span class='ocrx_word' id='word_1_536' title='bbox 784 3721 858 3776; x_wconf 85' lang='lat' dir='ltr'><strong>prae·</strong></span> <span class='ocrx_word' id='word_1_537' title='bbox 915 3724 1082 3781; x_wconf 76' lang='lat' dir='ltr'><strong>quaecuuque</strong></span> <span class='ocrx_word' id='word_1_538' title='bbox 1093 3707 1201 3762; x_wconf 90' lang='lat' dir='ltr'><strong>demum</strong></span> <span class='ocrx_word' id='word_1_539' title='bbox 1213 3714 1352 3778; x_wconf 89' lang='lat' dir='ltr'><strong>operatur,</strong></span> <span class='ocrx_word' id='word_1_540' title='bbox 1363 3705 1552 3777; x_wconf 88' lang='lat' dir='ltr'><strong>uonipsa,sed</strong></span> <span class='ocrx_word' id='word_1_541' title='bbox 1564 3706 1711 3776; x_wconf 77' lang='lat' dir='ltr'><strong>«Spiritus»</strong></span> 
     </span>
     <span class='ocr_line' id='line_1_46' title="bbox 61 3793 1711 3869; baseline -0.001 -18"><span class='ocrx_word' id='word_1_542' title='bbox 61 3797 198 3854; x_wconf 75' lang='lat' dir='ltr'><strong>desuem</strong></span> <span class='ocrx_word' id='word_1_543' title='bbox 212 3806 238 3852; x_wconf 89' lang='grc' dir='ltr'><strong>ει</strong></span> <span class='ocrx_word' id='word_1_544' title='bbox 252 3795 421 3861; x_wconf 74' lang='lat' dir='ltr'><strong>dicentem«</strong></span> <span class='ocrx_word' id='word_1_545' title='bbox 445 3796 503 3869; x_wconf 79' lang='lat' dir='ltr'><strong>ligo</strong></span> <span class='ocrx_word' id='word_1_546' title='bbox 527 3803 553 3851; x_wconf 89' lang='lat' dir='ltr'><strong>et</strong></span> <span class='ocrx_word' id='word_1_547' title='bbox 570 3798 656 3863; x_wconf 85' lang='lat' dir='ltr'><strong>Pater,</strong></span> <span class='ocrx_word' id='word_1_548' title='bbox 677 3803 727 3849; x_wconf 73' lang='lat' dir='ltr'><strong>aet</strong></span> <span class='ocrx_word' id='word_1_549' title='bbox 742 3794 860 3850; x_wconf 88' lang='lat' dir='ltr'><strong>charitas</strong></span> <span class='ocrx_word' id='word_1_550' title='bbox 913 3797 941 3853; x_wconf 92' lang='lat' dir='ltr'><strong>in</strong></span> <span class='ocrx_word' id='word_1_551' title='bbox 955 3813 1011 3853; x_wconf 81' lang='grc' dir='ltr'><strong>εει</strong></span> <span class='ocrx_word' id='word_1_552' title='bbox 1027 3795 1118 3852; x_wconf 91' lang='lat' dir='ltr'><strong>omnia</strong></span> <span class='ocrx_word' id='word_1_553' title='bbox 1134 3819 1146 3844; x_wconf 84' lang='grc' dir='ltr'><strong>ι</strong></span> <span class='ocrx_word' id='word_1_554' title='bbox 1164 3794 1347 3851; x_wconf 82' lang='grc' dir='ltr'><strong>ἰιιοιιιιιίιιιει</strong></span> <span class='ocrx_word' id='word_1_555' title='bbox 1363 3801 1504 3866; x_wconf 81' lang='lat' dir='ltr'><strong>operatur,</strong></span> <span class='ocrx_word' id='word_1_556' title='bbox 1520 3793 1644 3850; x_wconf 88' lang='lat' dir='ltr'><strong>dividens</strong></span> <span class='ocrx_word' id='word_1_557' title='bbox 1655 3794 1711 3849; x_wconf 91' lang='lat' dir='ltr'><strong>sin·</strong></span> 
     </span>
     <span class='ocr_line' id='line_1_47' title="bbox 60 3882 1708 3959; baseline -0.002 -18"><span class='ocrx_word' id='word_1_558' title='bbox 60 3901 131 3953; x_wconf 87' lang='lat' dir='ltr'><strong>mea,</strong></span> <span class='ocrx_word' id='word_1_559' title='bbox 147 3900 203 3941; x_wconf 93' lang='lat' dir='ltr'><strong>non</strong></span> <span class='ocrx_word' id='word_1_560' title='bbox 213 3893 278 3953; x_wconf 88' lang='lat' dir='ltr'><strong>tres,</strong></span> <span class='ocrx_word' id='word_1_561' title='bbox 295 3886 345 3941; x_wconf 89' lang='lat' dir='ltr'><strong>sed</strong></span> <span class='ocrx_word' id='word_1_562' title='bbox 363 3909 374 3934; x_wconf 91' lang='grc' dir='ltr'><strong>ι</strong></span> <span class='ocrx_word' id='word_1_563' title='bbox 389 3901 471 3940; x_wconf 88' lang='grc' dir='ltr'><strong>ιιιιιιιιι</strong></span> <span class='ocrx_word' id='word_1_564' title='bbox 487 3900 580 3939; x_wconf 91' lang='lat' dir='ltr'><strong>sumus</strong></span> <span class='ocrx_word' id='word_1_565' title='bbox 595 3885 690 3955; x_wconf 73' lang='lat' dir='ltr'><strong>(lacn.</strong></span> <span class='ocrx_word' id='word_1_566' title='bbox 705 3883 743 3955; x_wconf 78' lang='grc' dir='ltr'><strong>ιι),</strong></span> <span class='ocrx_word' id='word_1_567' title='bbox 763 3898 859 3938; x_wconf 71' lang='lat' dir='ltr'><strong>eunus</strong></span> <span class='ocrx_word' id='word_1_568' title='bbox 914 3886 1005 3959; x_wconf 67' lang='lat' dir='ltr'><strong>gulis»</strong></span> <span class='ocrx_word' id='word_1_569' title='bbox 1023 3884 1131 3958; x_wconf 88' lang='lat' dir='ltr'><strong>singula</strong></span> <span class='ocrx_word' id='word_1_570' title='bbox 1147 3907 1158 3932; x_wconf 84' lang='grc' dir='ltr'><strong>ι</strong></span> <span class='ocrx_word' id='word_1_571' title='bbox 1172 3891 1253 3955; x_wconf 90' lang='lat' dir='ltr'><strong>prout</strong></span> <span class='ocrx_word' id='word_1_572' title='bbox 1266 3883 1323 3940; x_wconf 85' lang='lat' dir='ltr'><strong>vult</strong></span> <span class='ocrx_word' id='word_1_573' title='bbox 1336 3884 1361 3955; x_wconf 91' lang='lat' dir='ltr'><strong>(l</strong></span> <span class='ocrx_word' id='word_1_574' title='bbox 1373 3882 1434 3941; x_wconf 85' lang='lat' dir='ltr'><strong>Cor.</strong></span> <span class='ocrx_word' id='word_1_575' title='bbox 1450 3884 1509 3954; x_wconf 84' lang='lat' dir='ltr'><strong>xm).</strong></span> <span class='ocrx_word' id='word_1_576' title='bbox 1524 3906 1535 3931; x_wconf 81' lang='grc' dir='ltr'><strong>ι</strong></span> <span class='ocrx_word' id='word_1_577' title='bbox 1551 3883 1708 3939; x_wconf 84' lang='lat' dir='ltr'><strong>sicutenim</strong></span> 
     </span>
     <span class='ocr_line' id='line_1_48' title="bbox 59 3970 1707 4047; baseline -0.002 -16"><span class='ocrx_word' id='word_1_578' title='bbox 59 3973 133 4031; x_wconf 85' lang='lat' dir='ltr'><strong>Deua</strong></span> <span class='ocrx_word' id='word_1_579' title='bbox 148 3990 243 4030; x_wconf 88' lang='lat' dir='ltr'><strong>sumus</strong></span> <span class='ocrx_word' id='word_1_580' title='bbox 259 3993 266 4029; x_wconf 76' lang='grc' dir='ltr'><strong>ε</strong></span> <span class='ocrx_word' id='word_1_581' title='bbox 282 3983 311 4030; x_wconf 86' lang='grc' dir='ltr'><strong>ιιι</strong></span> <span class='ocrx_word' id='word_1_582' title='bbox 324 3988 389 4030; x_wconf 82' lang='lat' dir='ltr'><strong>vero</strong></span> <span class='ocrx_word' id='word_1_583' title='bbox 405 3988 482 4028; x_wconf 90' lang='lat' dir='ltr'><strong>mens</strong></span> <span class='ocrx_word' id='word_1_584' title='bbox 492 3973 642 4038; x_wconf 90' lang='lat' dir='ltr'><strong>rationalis,</strong></span> <span class='ocrx_word' id='word_1_585' title='bbox 658 3971 798 4044; x_wconf 82' lang='lat' dir='ltr'><strong>cogitatio,</strong></span> <span class='ocrx_word' id='word_1_586' title='bbox 813 3970 857 4026; x_wconf 89' lang='lat' dir='ltr'><strong>di·</strong></span> <span class='ocrx_word' id='word_1_587' title='bbox 914 3990 1014 4047; x_wconf 89' lang='lat' dir='ltr'><strong>cerpus</strong></span> <span class='ocrx_word' id='word_1_588' title='bbox 1028 3974 1094 4030; x_wconf 85' lang='lat' dir='ltr'><strong>vivit</strong></span> <span class='ocrx_word' id='word_1_589' title='bbox 1114 3990 1148 4030; x_wconf 84' lang='lat' dir='ltr'><strong>ex</strong></span> <span class='ocrx_word' id='word_1_590' title='bbox 1159 3972 1260 4041; x_wconf 84' lang='lat' dir='ltr'><strong>anima,</strong></span> <span class='ocrx_word' id='word_1_591' title='bbox 1281 3971 1320 4028; x_wconf 90' lang='lat' dir='ltr'><strong>sic</strong></span> <span class='ocrx_word' id='word_1_592' title='bbox 1335 3986 1371 4028; x_wconf 89' lang='lat' dir='ltr'><strong>ex</strong></span> <span class='ocrx_word' id='word_1_593' title='bbox 1386 3972 1444 4029; x_wconf 89' lang='lat' dir='ltr'><strong>Deo</strong></span> <span class='ocrx_word' id='word_1_594' title='bbox 1457 3971 1524 4029; x_wconf 80' lang='lat' dir='ltr'><strong>sirit</strong></span> <span class='ocrx_word' id='word_1_595' title='bbox 1538 3972 1629 4028; x_wconf 89' lang='lat' dir='ltr'><strong>anima</strong></span> <span class='ocrx_word' id='word_1_596' title='bbox 1651 3974 1707 4038; x_wconf 88' lang='lat' dir='ltr'><strong>illa,</strong></span> 
     </span>
     <span class='ocr_line' id='line_1_49' title="bbox 58 4059 1709 4136; baseline -0.001 -18"><span class='ocrx_word' id='word_1_597' title='bbox 58 4061 137 4120; x_wconf 89' lang='lat' dir='ltr'><strong>lectio</strong></span> <span class='ocrx_word' id='word_1_598' title='bbox 152 4069 209 4131; x_wconf 83' lang='lat' dir='ltr'><strong>tua,</strong></span> <span class='ocrx_word' id='word_1_599' title='bbox 227 4079 296 4118; x_wconf 90' lang='lat' dir='ltr'><strong>unus</strong></span> <span class='ocrx_word' id='word_1_600' title='bbox 315 4077 345 4118; x_wconf 89' lang='lat' dir='ltr'><strong>es</strong></span> <span class='ocrx_word' id='word_1_601' title='bbox 364 4063 456 4127; x_wconf 91' lang='lat' dir='ltr'><strong>bomo,</strong></span> <span class='ocrx_word' id='word_1_602' title='bbox 471 4060 506 4116; x_wconf 91' lang='lat' dir='ltr'><strong>ad</strong></span> <span class='ocrx_word' id='word_1_603' title='bbox 520 4060 723 4116; x_wconf 87' lang='lat' dir='ltr'><strong>similitudinem</strong></span> <span class='ocrx_word' id='word_1_604' title='bbox 739 4059 858 4116; x_wconf 88' lang='lat' dir='ltr'><strong>auctoris</strong></span> <span class='ocrx_word' id='word_1_605' title='bbox 912 4065 974 4136; x_wconf 92' lang='lat' dir='ltr'><strong>ipsa</strong></span> <span class='ocrx_word' id='word_1_606' title='bbox 996 4064 1048 4120; x_wconf 90' lang='lat' dir='ltr'><strong>soli</strong></span> <span class='ocrx_word' id='word_1_607' title='bbox 1071 4062 1218 4134; x_wconf 89' lang='lat' dir='ltr'><strong>suspirans,</strong></span> <span class='ocrx_word' id='word_1_608' title='bbox 1248 4062 1337 4134; x_wconf 89' lang='lat' dir='ltr'><strong>ipsum</strong></span> <span class='ocrx_word' id='word_1_609' title='bbox 1362 4062 1449 4118; x_wconf 89' lang='lat' dir='ltr'><strong>solnm</strong></span> <span class='ocrx_word' id='word_1_610' title='bbox 1468 4059 1571 4133; x_wconf 83' lang='lat' dir='ltr'><strong>jugiter</strong></span> <span class='ocrx_word' id='word_1_611' title='bbox 1600 4061 1709 4131; x_wconf 89' lang='lat' dir='ltr'><strong>spirans</strong></span> 
     </span>
     <span class='ocr_line' id='line_1_50' title="bbox 58 4149 1706 4225; baseline -0.001 -17"><span class='ocrx_word' id='word_1_612' title='bbox 58 4154 95 4208; x_wconf 92' lang='lat' dir='ltr'><strong>tui</strong></span> <span class='ocrx_word' id='word_1_613' title='bbox 108 4152 204 4218; x_wconf 84' lang='lat' dir='ltr'><strong>factus,</strong></span> <span class='ocrx_word' id='word_1_614' title='bbox 219 4166 274 4208; x_wconf 92' lang='lat' dir='ltr'><strong>nou</strong></span> <span class='ocrx_word' id='word_1_615' title='bbox 289 4149 324 4207; x_wconf 89' lang='lat' dir='ltr'><strong>ad</strong></span> <span class='ocrx_word' id='word_1_616' title='bbox 337 4150 519 4223; x_wconf 85' lang='lat' dir='ltr'><strong>aequalitatem</strong></span> <span class='ocrx_word' id='word_1_617' title='bbox 534 4158 641 4207; x_wconf 88' lang='lat' dir='ltr'><strong>creatus</strong></span> <span class='ocrx_word' id='word_1_618' title='bbox 657 4167 664 4204; x_wconf 91' lang='lat'>:</span> <span class='ocrx_word' id='word_1_619' title='bbox 685 4163 787 4221; x_wconf 88' lang='lat' dir='ltr'><strong>nempe</strong></span> <span class='ocrx_word' id='word_1_620' title='bbox 802 4163 857 4204; x_wconf 91' lang='lat' dir='ltr'><strong>nou</strong></span> <span class='ocrx_word' id='word_1_621' title='bbox 910 4155 980 4209; x_wconf 87' lang='lat' dir='ltr'><strong>sicut</strong></span> <span class='ocrx_word' id='word_1_622' title='bbox 994 4167 1093 4225; x_wconf 90' lang='lat' dir='ltr'><strong>corpus</strong></span> <span class='ocrx_word' id='word_1_623' title='bbox 1115 4150 1211 4207; x_wconf 79' lang='lat' dir='ltr'><strong>means</strong></span> <span class='ocrx_word' id='word_1_624' title='bbox 1226 4166 1316 4206; x_wconf 91' lang='lat' dir='ltr'><strong>aerem</strong></span> <span class='ocrx_word' id='word_1_625' title='bbox 1332 4168 1338 4204; x_wconf 93' lang='lat'>:</span> <span class='ocrx_word' id='word_1_626' title='bbox 1367 4157 1424 4206; x_wconf 92' lang='lat' dir='ltr'><strong>tota</strong></span> <span class='ocrx_word' id='word_1_627' title='bbox 1452 4164 1565 4204; x_wconf 90' lang='lat' dir='ltr'><strong>manens</strong></span> <span class='ocrx_word' id='word_1_628' title='bbox 1594 4149 1621 4204; x_wconf 89' lang='lat' dir='ltr'><strong>iu</strong></span> <span class='ocrx_word' id='word_1_629' title='bbox 1648 4150 1706 4206; x_wconf 83' lang='lat' dir='ltr'><strong>Deo</strong></span> 
     </span>
     <span class='ocr_line' id='line_1_51' title="bbox 57 4236 1705 4314; baseline -0.004 -18"><span class='ocrx_word' id='word_1_630' title='bbox 57 4240 168 4313; x_wconf 84' lang='lat' dir='ltr'><strong>genitas</strong></span> <span class='ocrx_word' id='word_1_631' title='bbox 183 4258 191 4296; x_wconf 80' lang='lat' dir='ltr'><strong>t</strong></span> <span class='ocrx_word' id='word_1_632' title='bbox 207 4239 339 4295; x_wconf 85' lang='lat' dir='ltr'><strong>formatus</strong></span> <span class='ocrx_word' id='word_1_633' title='bbox 353 4255 394 4308; x_wconf 91' lang='lat' dir='ltr'><strong>es,</strong></span> <span class='ocrx_word' id='word_1_634' title='bbox 405 4255 458 4294; x_wconf 93' lang='lat' dir='ltr'><strong>non</strong></span> <span class='ocrx_word' id='word_1_635' title='bbox 474 4239 532 4309; x_wconf 91' lang='lat' dir='ltr'><strong>ipse</strong></span> <span class='ocrx_word' id='word_1_636' title='bbox 543 4239 684 4303; x_wconf 86' lang='lat' dir='ltr'><strong>formator,</strong></span> <span class='ocrx_word' id='word_1_637' title='bbox 699 4236 808 4294; x_wconf 82' lang='lat' dir='ltr'><strong>Recede</strong></span> <span class='ocrx_word' id='word_1_638' title='bbox 821 4236 856 4291; x_wconf 93' lang='lat' dir='ltr'><strong>ab</strong></span> <span class='ocrx_word' id='word_1_639' title='bbox 911 4258 961 4314; x_wconf 76' lang='lat' dir='ltr'><strong>per</strong></span> <span class='ocrx_word' id='word_1_640' title='bbox 975 4239 1082 4297; x_wconf 81' lang='lat' dir='ltr'><strong>fidelem</strong></span> <span class='ocrx_word' id='word_1_641' title='bbox 1096 4237 1281 4304; x_wconf 78' lang='lat' dir='ltr'><strong>affectionem,</strong></span> <span class='ocrx_word' id='word_1_642' title='bbox 1297 4252 1415 4310; x_wconf 86' lang='lat' dir='ltr'><strong>eumque</strong></span> <span class='ocrx_word' id='word_1_643' title='bbox 1425 4253 1506 4310; x_wconf 65' lang='lat' dir='ltr'><strong>mem</strong></span> <span class='ocrx_word' id='word_1_644' title='bbox 1521 4245 1595 4292; x_wconf 81' lang='lat' dir='ltr'><strong>amnt</strong></span> <span class='ocrx_word' id='word_1_645' title='bbox 1618 4238 1646 4292; x_wconf 91' lang='lat' dir='ltr'><strong>in</strong></span> <span class='ocrx_word' id='word_1_646' title='bbox 1675 4256 1705 4295; x_wconf 81' lang='lat' dir='ltr'><strong>se</strong></span> 
     </span>
     <span class='ocr_line' id='line_1_52' title="bbox 57 4325 1702 4400; baseline -0.002 -17"><span class='ocrx_word' id='word_1_647' title='bbox 57 4329 99 4386; x_wconf 85' lang='lat' dir='ltr'><strong>his</strong></span> <span class='ocrx_word' id='word_1_648' title='bbox 113 4344 167 4400; x_wconf 91' lang='lat' dir='ltr'><strong>que</strong></span> <span class='ocrx_word' id='word_1_649' title='bbox 187 4327 260 4384; x_wconf 86' lang='lat' dir='ltr'><strong>infra</strong></span> <span class='ocrx_word' id='word_1_650' title='bbox 287 4336 313 4384; x_wconf 94' lang='lat' dir='ltr'><strong>te</strong></span> <span class='ocrx_word' id='word_1_651' title='bbox 336 4331 412 4398; x_wconf 85' lang='lat' dir='ltr'><strong>sunt,</strong></span> <span class='ocrx_word' id='word_1_652' title='bbox 441 4327 531 4382; x_wconf 91' lang='lat' dir='ltr'><strong>minus</strong></span> <span class='ocrx_word' id='word_1_653' title='bbox 559 4327 683 4394; x_wconf 88' lang='lat' dir='ltr'><strong>formata,</strong></span> <span class='ocrx_word' id='word_1_654' title='bbox 709 4326 855 4397; x_wconf 83' lang='lat' dir='ltr'><strong>minusque</strong></span> <span class='ocrx_word' id='word_1_655' title='bbox 910 4330 1016 4387; x_wconf 89' lang='lat' dir='ltr'><strong>habens</strong></span> <span class='ocrx_word' id='word_1_656' title='bbox 1030 4335 1186 4385; x_wconf 87' lang='lat' dir='ltr'><strong>manentem</strong></span> <span class='ocrx_word' id='word_1_657' title='bbox 1206 4341 1256 4398; x_wconf 89' lang='lat' dir='ltr'><strong>per</strong></span> <span class='ocrx_word' id='word_1_658' title='bbox 1269 4325 1485 4398; x_wconf 83' lang='lat' dir='ltr'><strong>omnipotentem</strong></span> <span class='ocrx_word' id='word_1_659' title='bbox 1505 4326 1702 4397; x_wconf 89' lang='lat' dir='ltr'><strong>operationem,</strong></span> 
     </span>
     <span class='ocr_line' id='line_1_53' title="bbox 55 4413 1705 4490; baseline -0.004 -16"><span class='ocrx_word' id='word_1_660' title='bbox 55 4416 264 4490; x_wconf 86' lang='lat' dir='ltr'><strong>formosaquam</strong></span> <span class='ocrx_word' id='word_1_661' title='bbox 280 4424 307 4472; x_wconf 91' lang='grc' dir='ltr'><strong>ιιι</strong></span> <span class='ocrx_word' id='word_1_662' title='bbox 322 4416 482 4484; x_wconf 65' lang='lat' dir='ltr'><strong>escaccede</strong></span> <span class='ocrx_word' id='word_1_663' title='bbox 490 4415 524 4471; x_wconf 92' lang='lat' dir='ltr'><strong>ad</strong></span> <span class='ocrx_word' id='word_1_664' title='bbox 533 4416 647 4471; x_wconf 85' lang='lat' dir='ltr'><strong>formam</strong></span> <span class='ocrx_word' id='word_1_665' title='bbox 656 4414 854 4481; x_wconf 89' lang='lat' dir='ltr'><strong>formatricem,</strong></span> <span class='ocrx_word' id='word_1_666' title='bbox 909 4435 979 4475; x_wconf 91' lang='lat' dir='ltr'><strong>unus</strong></span> <span class='ocrx_word' id='word_1_667' title='bbox 992 4417 1102 4490; x_wconf 85' lang='lat' dir='ltr'><strong>spiritus</strong></span> <span class='ocrx_word' id='word_1_668' title='bbox 1116 4431 1178 4472; x_wconf 92' lang='lat' dir='ltr'><strong>cum</strong></span> <span class='ocrx_word' id='word_1_669' title='bbox 1193 4413 1368 4471; x_wconf 80' lang='lat' dir='ltr'><strong>coexistens.</strong></span> <span class='ocrx_word' id='word_1_670' title='bbox 1385 4413 1514 4471; x_wconf 84' lang='lat' dir='ltr'><strong>Voluntas</strong></span> <span class='ocrx_word' id='word_1_671' title='bbox 1529 4414 1601 4469; x_wconf 89' lang='lat' dir='ltr'><strong>enim</strong></span> <span class='ocrx_word' id='word_1_672' title='bbox 1620 4413 1705 4468; x_wconf 87' lang='lat' dir='ltr'><strong>Patria</strong></span> 
     </span>
     <span class='ocr_line' id='line_1_54' title="bbox 52 4499 1704 4578; baseline -0.004 -16"><span class='ocrx_word' id='word_1_673' title='bbox 52 4512 83 4562; x_wconf 88' lang='lat' dir='ltr'><strong>ut</strong></span> <span class='ocrx_word' id='word_1_674' title='bbox 100 4505 191 4578; x_wconf 91' lang='lat' dir='ltr'><strong>possis</strong></span> <span class='ocrx_word' id='word_1_675' title='bbox 207 4520 267 4562; x_wconf 86' lang='lat' dir='ltr'><strong>esse</strong></span> <span class='ocrx_word' id='word_1_676' title='bbox 282 4505 435 4573; x_wconf 86' lang='lat' dir='ltr'><strong>formosior,</strong></span> <span class='ocrx_word' id='word_1_677' title='bbox 451 4503 594 4576; x_wconf 90' lang='lat' dir='ltr'><strong>eidemque</strong></span> <span class='ocrx_word' id='word_1_678' title='bbox 620 4518 731 4573; x_wconf 89' lang='lat' dir='ltr'><strong>semper</strong></span> <span class='ocrx_word' id='word_1_679' title='bbox 758 4499 891 4572; x_wconf 82' lang='lat' dir='ltr'><strong>adjuc-D</strong></span> <span class='ocrx_word' id='word_1_680' title='bbox 907 4515 934 4563; x_wconf 91' lang='grc' dir='ltr'><strong>ει</strong></span> <span class='ocrx_word' id='word_1_681' title='bbox 948 4506 1018 4574; x_wconf 78' lang='lat' dir='ltr'><strong>filii,</strong></span> <span class='ocrx_word' id='word_1_682' title='bbox 1033 4505 1148 4577; x_wconf 85' lang='lat' dir='ltr'><strong>Spiritus</strong></span> <span class='ocrx_word' id='word_1_683' title='bbox 1170 4512 1280 4560; x_wconf 90' lang='lat' dir='ltr'><strong>sanctus</strong></span> <span class='ocrx_word' id='word_1_684' title='bbox 1303 4502 1561 4576; x_wconf 85' lang='lat' dir='ltr'><strong>incogitabiligratia</strong></span> <span class='ocrx_word' id='word_1_685' title='bbox 1576 4500 1704 4556; x_wconf 84' lang='lat' dir='ltr'><strong>ineffabili</strong></span> 
     </span>
    </p>
   </div>
   <div class='ocr_carea' id='block_1_10' title="bbox 52 4591 851 5108">
    <p class='ocr_par' dir='ltr' id='par_1_10' title="bbox 53 4591 850 4932">
     <span class='ocr_line' id='line_1_55' title="bbox 54 4591 850 4668; baseline -0.006 -17"><span class='ocrx_word' id='word_1_686' title='bbox 54 4610 130 4668; x_wconf 84' lang='lat' dir='ltr'><strong>gere,</strong></span> <span class='ocrx_word' id='word_1_687' title='bbox 151 4593 214 4668; x_wconf 86' lang='lat' dir='ltr'><strong>quia</strong></span> <span class='ocrx_word' id='word_1_688' title='bbox 229 4601 301 4650; x_wconf 90' lang='lat' dir='ltr'><strong>tante</strong></span> <span class='ocrx_word' id='word_1_689' title='bbox 329 4594 364 4649; x_wconf 89' lang='lat' dir='ltr'><strong>ab</strong></span> <span class='ocrx_word' id='word_1_690' title='bbox 392 4593 437 4648; x_wconf 85' lang='lat' dir='ltr'><strong>illa</strong></span> <span class='ocrx_word' id='word_1_691' title='bbox 464 4594 555 4663; x_wconf 86' lang='lat' dir='ltr'><strong>speeie</strong></span> <span class='ocrx_word' id='word_1_692' title='bbox 580 4592 696 4663; x_wconf 91' lang='lat' dir='ltr'><strong>amplius</strong></span> <span class='ocrx_word' id='word_1_693' title='bbox 720 4591 850 4663; x_wconf 88' lang='lat' dir='ltr'><strong>accipies,</strong></span> 
     </span>
     <span class='ocr_line' id='line_1_56' title="bbox 55 4675 850 4757; baseline -0.006 -18"><span class='ocrx_word' id='word_1_694' title='bbox 55 4690 158 4757; x_wconf 88' lang='lat' dir='ltr'><strong>quanto</strong></span> <span class='ocrx_word' id='word_1_695' title='bbox 170 4690 199 4739; x_wconf 90' lang='lat' dir='ltr'><strong>tc</strong></span> <span class='ocrx_word' id='word_1_696' title='bbox 209 4682 248 4737; x_wconf 92' lang='lat' dir='ltr'><strong>illi</strong></span> <span class='ocrx_word' id='word_1_697' title='bbox 263 4683 358 4751; x_wconf 86' lang='lat' dir='ltr'><strong>majori</strong></span> <span class='ocrx_word' id='word_1_698' title='bbox 373 4680 529 4748; x_wconf 90' lang='lat' dir='ltr'><strong>charitatis,</strong></span> <span class='ocrx_word' id='word_1_699' title='bbox 539 4681 659 4752; x_wconf 86' lang='lat' dir='ltr'><strong>pondere</strong></span> <span class='ocrx_word' id='word_1_700' title='bbox 670 4675 850 4751; x_wconf 84' lang='lat' dir='ltr'><strong>impresseris.</strong></span> 
     </span>
     <span class='ocr_line' id='line_1_57' title="bbox 53 4767 849 4844; baseline -0.005 -17"><span class='ocrx_word' id='word_1_701' title='bbox 53 4773 92 4827; x_wconf 93' lang='lat' dir='ltr'><strong>Ab</strong></span> <span class='ocrx_word' id='word_1_702' title='bbox 101 4771 150 4828; x_wconf 88' lang='lat' dir='ltr'><strong>illa</strong></span> <span class='ocrx_word' id='word_1_703' title='bbox 163 4771 237 4827; x_wconf 91' lang='lat' dir='ltr'><strong>enim</strong></span> <span class='ocrx_word' id='word_1_704' title='bbox 251 4770 385 4827; x_wconf 90' lang='lat' dir='ltr'><strong>obtinebis</strong></span> <span class='ocrx_word' id='word_1_705' title='bbox 399 4771 525 4844; x_wconf 87' lang='lat' dir='ltr'><strong>imaginis</strong></span> <span class='ocrx_word' id='word_1_706' title='bbox 536 4767 849 4841; x_wconf 89' lang='lat' dir='ltr'><strong>hnjnsindcmntabilem</strong></span> 
     </span>
     <span class='ocr_line' id='line_1_58' title="bbox 53 4859 619 4932; baseline -0.004 -16"><span class='ocrx_word' id='word_1_707' title='bbox 53 4864 164 4928; x_wconf 82' lang='lat' dir='ltr'><strong>statum,</strong></span> <span class='ocrx_word' id='word_1_708' title='bbox 185 4876 201 4916; x_wconf 91' lang='lat' dir='ltr'><strong>a</strong></span> <span class='ocrx_word' id='word_1_709' title='bbox 221 4875 275 4932; x_wconf 91' lang='lat' dir='ltr'><strong>quo</strong></span> <span class='ocrx_word' id='word_1_710' title='bbox 285 4859 424 4930; x_wconf 89' lang='lat' dir='ltr'><strong>sumpsisti</strong></span> <span class='ocrx_word' id='word_1_711' title='bbox 442 4859 619 4930; x_wconf 89' lang='lat' dir='ltr'><strong>principium.</strong></span> 
     </span>
    </p>

    <p class='ocr_par' dir='ltr' id='par_1_11' title="bbox 52 4945 851 5108">
     <span class='ocr_line' id='line_1_59' title="bbox 88 4945 850 5018; baseline -0.007 -13"><span class='ocrx_word' id='word_1_712' title='bbox 88 4948 267 5006; x_wconf 75' lang='lat' dir='ltr'><strong>necetatia</strong></span> <span class='ocrx_word' id='word_1_713' title='bbox 293 4948 411 5018; x_wconf 91' lang='lat' dir='ltr'><strong>loquitur</strong></span> <span class='ocrx_word' id='word_1_714' title='bbox 438 4949 538 5004; x_wconf 85' lang='lat' dir='ltr'><strong>veritas</strong></span> <span class='ocrx_word' id='word_1_715' title='bbox 567 4948 601 5002; x_wconf 90' lang='lat' dir='ltr'><strong>ad</strong></span> <span class='ocrx_word' id='word_1_716' title='bbox 629 4963 721 5003; x_wconf 88' lang='lat' dir='ltr'><strong>aurern</strong></span> <span class='ocrx_word' id='word_1_717' title='bbox 749 4945 850 5015; x_wconf 87' lang='lat' dir='ltr'><strong>cordis,</strong></span> 
     </span>
     <span class='ocr_line' id='line_1_60' title="bbox 52 5035 851 5108; baseline -0.008 -14"><span class='ocrx_word' id='word_1_718' title='bbox 52 5037 219 5094; x_wconf 87' lang='lat' dir='ltr'><strong>intrinsecus</strong></span> <span class='ocrx_word' id='word_1_719' title='bbox 234 5036 460 5092; x_wconf 84' lang='lat' dir='ltr'><strong>admonensnos.</strong></span> <span class='ocrx_word' id='word_1_720' title='bbox 485 5035 552 5106; x_wconf 79' lang='lat' dir='ltr'><strong>Quae</strong></span> <span class='ocrx_word' id='word_1_721' title='bbox 580 5051 748 5108; x_wconf 76' lang='lat' dir='ltr'><strong>quecunque</strong></span> <span class='ocrx_word' id='word_1_722' title='bbox 776 5036 851 5091; x_wconf 89' lang='lat' dir='ltr'><strong>audit</strong></span> 
     </span>
    </p>
   </div>
   <div class='ocr_carea' id='block_1_11' title="bbox 52 5133 851 5699">
    <p class='ocr_par' dir='ltr' id='par_1_12' title="bbox 52 5133 851 5699">
     <span class='ocr_line' id='line_1_61' title="bbox 52 5133 849 5205; baseline -0.004 -14"><span class='ocrx_word' id='word_1_723' title='bbox 52 5135 155 5203; x_wconf 89' lang='lat' dir='ltr'><strong>anima,</strong></span> <span class='ocrx_word' id='word_1_724' title='bbox 170 5150 233 5191; x_wconf 90' lang='lat' dir='ltr'><strong>cam</strong></span> <span class='ocrx_word' id='word_1_725' title='bbox 246 5150 355 5205; x_wconf 90' lang='lat' dir='ltr'><strong>semper</strong></span> <span class='ocrx_word' id='word_1_726' title='bbox 367 5136 485 5189; x_wconf 91' lang='lat' dir='ltr'><strong>humana</strong></span> <span class='ocrx_word' id='word_1_727' title='bbox 504 5135 615 5189; x_wconf 89' lang='lat' dir='ltr'><strong>miseria</strong></span> <span class='ocrx_word' id='word_1_728' title='bbox 629 5143 754 5205; x_wconf 88' lang='lat' dir='ltr'><strong>prompta</strong></span> <span class='ocrx_word' id='word_1_729' title='bbox 767 5134 800 5188; x_wconf 88' lang='lat' dir='ltr'><strong>sit</strong></span> <span class='ocrx_word' id='word_1_730' title='bbox 815 5133 849 5188; x_wconf 88' lang='lat' dir='ltr'><strong>ed</strong></span> 
     </span>
     <span class='ocr_line' id='line_1_62' title="bbox 52 5231 849 5304; baseline 0 -16"><span class='ocrx_word' id='word_1_731' title='bbox 52 5232 193 5300; x_wconf 82' lang='lat' dir='ltr'><strong>invidiam,</strong></span> <span class='ocrx_word' id='word_1_732' title='bbox 206 5247 261 5287; x_wconf 91' lang='lat' dir='ltr'><strong>non</strong></span> <span class='ocrx_word' id='word_1_733' title='bbox 279 5232 361 5287; x_wconf 92' lang='lat' dir='ltr'><strong>habet</strong></span> <span class='ocrx_word' id='word_1_734' title='bbox 379 5231 450 5287; x_wconf 90' lang='lat' dir='ltr'><strong>unde</strong></span> <span class='ocrx_word' id='word_1_735' title='bbox 466 5232 849 5304; x_wconf 87' lang='lat' dir='ltr'><strong>invideatangeloquiahomo</strong></span> 
     </span>
     <span class='ocr_line' id='line_1_63' title="bbox 53 5327 851 5403; baseline -0.004 -16"><span class='ocrx_word' id='word_1_736' title='bbox 53 5331 123 5400; x_wconf 86' lang='lat' dir='ltr'><strong>talis,</strong></span> <span class='ocrx_word' id='word_1_737' title='bbox 139 5337 167 5387; x_wconf 92' lang='lat' dir='ltr'><strong>et</strong></span> <span class='ocrx_word' id='word_1_738' title='bbox 180 5329 308 5403; x_wconf 88' lang='lat' dir='ltr'><strong>augelus,</strong></span> <span class='ocrx_word' id='word_1_739' title='bbox 325 5336 351 5384; x_wconf 90' lang='grc' dir='ltr'><strong>ει</strong></span> <span class='ocrx_word' id='word_1_740' title='bbox 364 5331 446 5398; x_wconf 90' lang='lat' dir='ltr'><strong>Deus,</strong></span> <span class='ocrx_word' id='word_1_741' title='bbox 462 5346 531 5385; x_wconf 90' lang='lat' dir='ltr'><strong>unus</strong></span> <span class='ocrx_word' id='word_1_742' title='bbox 543 5331 598 5398; x_wconf 77' lang='lat' dir='ltr'><strong>iam</strong></span> <span class='ocrx_word' id='word_1_743' title='bbox 607 5327 796 5398; x_wconf 87' lang='lat' dir='ltr'><strong>suntspiritus,</strong></span> <span class='ocrx_word' id='word_1_744' title='bbox 810 5344 851 5384; x_wconf 74' lang='lat' dir='ltr'><strong>se</strong></span> 
     </span>
     <span class='ocr_line' id='line_1_64' title="bbox 53 5426 850 5499; baseline -0.004 -15"><span class='ocrx_word' id='word_1_745' title='bbox 53 5429 172 5484; x_wconf 86' lang='lat' dir='ltr'><strong>cundum</strong></span> <span class='ocrx_word' id='word_1_746' title='bbox 186 5426 347 5499; x_wconf 78' lang='lat' dir='ltr'><strong>Apostolum</strong></span> <span class='ocrx_word' id='word_1_747' title='bbox 363 5427 398 5498; x_wconf 84' lang='lat' dir='ltr'><strong>(t.</strong></span> <span class='ocrx_word' id='word_1_748' title='bbox 416 5427 479 5483; x_wconf 82' lang='lat' dir='ltr'><strong>Cor.</strong></span> <span class='ocrx_word' id='word_1_749' title='bbox 496 5429 534 5497; x_wconf 82' lang='grc' dir='ltr'><strong>ιἰ)</strong></span> <span class='ocrx_word' id='word_1_750' title='bbox 552 5443 558 5482; x_wconf 87' lang='grc'>;</span> <span class='ocrx_word' id='word_1_751' title='bbox 575 5427 619 5483; x_wconf 80' lang='lat' dir='ltr'><strong>vel</strong></span> <span class='ocrx_word' id='word_1_752' title='bbox 634 5442 717 5482; x_wconf 89' lang='lat' dir='ltr'><strong>unam</strong></span> <span class='ocrx_word' id='word_1_753' title='bbox 733 5435 795 5482; x_wconf 90' lang='lat' dir='ltr'><strong>suut</strong></span> <span class='ocrx_word' id='word_1_754' title='bbox 823 5428 850 5482; x_wconf 93' lang='lat' dir='ltr'><strong>in</strong></span> 
     </span>
     <span class='ocr_line' id='line_1_65' title="bbox 53 5522 850 5599; baseline 0.001 -19"><span class='ocrx_word' id='word_1_755' title='bbox 53 5523 122 5597; x_wconf 85' lang='lat' dir='ltr'><strong>Deo,</strong></span> <span class='ocrx_word' id='word_1_756' title='bbox 136 5522 288 5581; x_wconf 87' lang='lat' dir='ltr'><strong>secundum</strong></span> <span class='ocrx_word' id='word_1_757' title='bbox 300 5524 479 5599; x_wconf 83' lang='lat' dir='ltr'><strong>Evangelium</strong></span> <span class='ocrx_word' id='word_1_758' title='bbox 502 5527 592 5596; x_wconf 73' lang='lat' dir='ltr'><strong>(loun.</strong></span> <span class='ocrx_word' id='word_1_759' title='bbox 609 5525 676 5596; x_wconf 84' lang='grc' dir='ltr'><strong>ιιιιι)</strong></span> <span class='ocrx_word' id='word_1_760' title='bbox 693 5545 700 5593; x_wconf 87' lang='grc'><strong>;</strong></span> <span class='ocrx_word' id='word_1_761' title='bbox 733 5525 850 5581; x_wconf 80' lang='lat' dir='ltr'><strong>maximo</strong></span> 
     </span>
     <span class='ocr_line' id='line_1_66' title="bbox 53 5623 850 5699; baseline 0 -17"><span class='ocrx_word' id='word_1_762' title='bbox 53 5638 115 5682; x_wconf 88' lang='lat' dir='ltr'><strong>cnm</strong></span> <span class='ocrx_word' id='word_1_763' title='bbox 126 5623 248 5683; x_wconf 88' lang='lat' dir='ltr'><strong>bominis</strong></span> <span class='ocrx_word' id='word_1_764' title='bbox 259 5631 343 5699; x_wconf 88' lang='lat' dir='ltr'><strong>eaput</strong></span> <span class='ocrx_word' id='word_1_765' title='bbox 360 5625 442 5681; x_wconf 92' lang='lat' dir='ltr'><strong>homo</strong></span> <span class='ocrx_word' id='word_1_766' title='bbox 456 5625 578 5681; x_wconf 85' lang='lat' dir='ltr'><strong>Christus</strong></span> <span class='ocrx_word' id='word_1_767' title='bbox 592 5624 623 5679; x_wconf 90' lang='lat' dir='ltr'><strong>in</strong></span> <span class='ocrx_word' id='word_1_768' title='bbox 641 5625 771 5681; x_wconf 90' lang='lat' dir='ltr'><strong>unitatem</strong></span> <span class='ocrx_word' id='word_1_769' title='bbox 785 5641 850 5698; x_wconf 90' lang='lat' dir='ltr'><strong>per-</strong></span> 
     </span>
    </p>
   </div>
   <div class='ocr_carea' id='block_1_12' title="bbox 905 4591 1704 5111">
    <p class='ocr_par' dir='ltr' id='par_1_13' title="bbox 905 4591 1704 5111">
     <span class='ocr_line' id='line_1_67' title="bbox 907 4591 1704 4671; baseline -0.009 -19"><span class='ocrx_word' id='word_1_770' title='bbox 907 4596 1017 4671; x_wconf 87' lang='lat' dir='ltr'><strong>gaudio‚</strong></span> <span class='ocrx_word' id='word_1_771' title='bbox 1055 4593 1237 4651; x_wconf 87' lang='lat' dir='ltr'><strong>secretissima</strong></span> <span class='ocrx_word' id='word_1_772' title='bbox 1262 4592 1449 4664; x_wconf 85' lang='lat' dir='ltr'><strong>inspiratione,</strong></span> <span class='ocrx_word' id='word_1_773' title='bbox 1482 4591 1704 4647; x_wconf 87' lang='lat' dir='ltr'><strong>manilestissima</strong></span> 
     </span>
     <span class='ocr_line' id='line_1_68' title="bbox 907 4680 1703 4756; baseline -0.009 -14"><span class='ocrx_word' id='word_1_774' title='bbox 907 4686 1065 4756; x_wconf 88' lang='lat' dir='ltr'><strong>operatione</strong></span> <span class='ocrx_word' id='word_1_775' title='bbox 1079 4682 1247 4740; x_wconf 83' lang='lat' dir='ltr'><strong>voluntatem</strong></span> <span class='ocrx_word' id='word_1_776' title='bbox 1261 4680 1379 4750; x_wconf 88' lang='lat' dir='ltr'><strong>ejussihi</strong></span> <span class='ocrx_word' id='word_1_777' title='bbox 1385 4680 1569 4750; x_wconf 85' lang='lat' dir='ltr'><strong>conformans,</strong></span> <span class='ocrx_word' id='word_1_778' title='bbox 1581 4695 1703 4735; x_wconf 87' lang='lat' dir='ltr'><strong>amorem</strong></span> 
     </span>
     <span class='ocr_line' id='line_1_69' title="bbox 907 4768 1700 4845; baseline -0.01 -14"><span class='ocrx_word' id='word_1_779' title='bbox 907 4775 967 4845; x_wconf 82' lang='lat' dir='ltr'><strong>ejus</strong></span> <span class='ocrx_word' id='word_1_780' title='bbox 982 4772 1178 4844; x_wconf 89' lang='lat' dir='ltr'><strong>omnipotentia</strong></span> <span class='ocrx_word' id='word_1_781' title='bbox 1191 4770 1324 4842; x_wconf 89' lang='lat' dir='ltr'><strong>spirituali</strong></span> <span class='ocrx_word' id='word_1_782' title='bbox 1335 4769 1386 4824; x_wconf 90' lang='lat' dir='ltr'><strong>sibi</strong></span> <span class='ocrx_word' id='word_1_783' title='bbox 1398 4768 1505 4835; x_wconf 90' lang='lat' dir='ltr'><strong>uniens,</strong></span> <span class='ocrx_word' id='word_1_784' title='bbox 1539 4770 1566 4823; x_wconf 92' lang='lat' dir='ltr'><strong>in</strong></span> <span class='ocrx_word' id='word_1_785' title='bbox 1596 4776 1700 4825; x_wconf 90' lang='lat' dir='ltr'><strong>tantum</strong></span> 
     </span>
     <span class='ocr_line' id='line_1_70' title="bbox 906 4857 1703 4927; baseline -0.009 -8"><span class='ocrx_word' id='word_1_786' title='bbox 906 4879 969 4920; x_wconf 90' lang='lat' dir='ltr'><strong>eum</strong></span> <span class='ocrx_word' id='word_1_787' title='bbox 984 4877 1017 4917; x_wconf 89' lang='lat' dir='ltr'><strong>ea</strong></span> <span class='ocrx_word' id='word_1_788' title='bbox 1030 4877 1114 4916; x_wconf 91' lang='lat' dir='ltr'><strong>unum</strong></span> <span class='ocrx_word' id='word_1_789' title='bbox 1129 4859 1254 4927; x_wconf 80' lang='lat' dir='ltr'><strong>edicitur,</strong></span> <span class='ocrx_word' id='word_1_790' title='bbox 1267 4863 1306 4924; x_wconf 90' lang='grc' dir='ltr'><strong>ιιι,</strong></span> <span class='ocrx_word' id='word_1_791' title='bbox 1332 4858 1400 4913; x_wconf 90' lang='lat' dir='ltr'><strong>sicut</strong></span> <span class='ocrx_word' id='word_1_792' title='bbox 1418 4857 1520 4912; x_wconf 88' lang='lat' dir='ltr'><strong>dictum</strong></span> <span class='ocrx_word' id='word_1_793' title='bbox 1547 4865 1598 4927; x_wconf 92' lang='lat' dir='ltr'><strong>est,</strong></span> <span class='ocrx_word' id='word_1_794' title='bbox 1619 4859 1703 4913; x_wconf 90' lang='lat' dir='ltr'><strong>inter-</strong></span> 
     </span>
     <span class='ocr_line' id='line_1_71' title="bbox 905 4945 1703 5024; baseline -0.005 -18"><span class='ocrx_word' id='word_1_795' title='bbox 905 4952 1021 5024; x_wconf 89' lang='lat' dir='ltr'><strong>pellante</strong></span> <span class='ocrx_word' id='word_1_796' title='bbox 1047 4966 1080 5005; x_wconf 87' lang='lat' dir='ltr'><strong>ea</strong></span> <span class='ocrx_word' id='word_1_797' title='bbox 1107 4948 1251 5022; x_wconf 87' lang='lat' dir='ltr'><strong>gemitibus</strong></span> <span class='ocrx_word' id='word_1_798' title='bbox 1268 4945 1507 5013; x_wconf 89' lang='lat' dir='ltr'><strong>inenarrabilibus,</strong></span> <span class='ocrx_word' id='word_1_799' title='bbox 1532 4947 1589 5016; x_wconf 89' lang='lat' dir='ltr'><strong>ipse</strong></span> <span class='ocrx_word' id='word_1_800' title='bbox 1613 4946 1703 5019; x_wconf 91' lang='lat' dir='ltr'><strong>potius</strong></span> 
     </span>
     <span class='ocr_line' id='line_1_72' title="bbox 905 5035 1702 5111; baseline -0.006 -14"><span class='ocrx_word' id='word_1_801' title='bbox 905 5037 1079 5111; x_wconf 91' lang='lat' dir='ltr'><strong>interpellare</strong></span> <span class='ocrx_word' id='word_1_802' title='bbox 1092 5039 1202 5094; x_wconf 88' lang='lat' dir='ltr'><strong>dicatur.</strong></span> <span class='ocrx_word' id='word_1_803' title='bbox 1219 5038 1254 5092; x_wconf 87' lang='lat' dir='ltr'><strong>Et</strong></span> <span class='ocrx_word' id='word_1_804' title='bbox 1272 5037 1330 5092; x_wconf 77' lang='lat' dir='ltr'><strong>haec</strong></span> <span class='ocrx_word' id='word_1_805' title='bbox 1344 5043 1385 5091; x_wconf 90' lang='lat' dir='ltr'><strong>est</strong></span> <span class='ocrx_word' id='word_1_806' title='bbox 1397 5035 1484 5091; x_wconf 91' lang='lat' dir='ltr'><strong>oratio</strong></span> <span class='ocrx_word' id='word_1_807' title='bbox 1512 5036 1569 5090; x_wconf 87' lang='lat' dir='ltr'><strong>Filii</strong></span> <span class='ocrx_word' id='word_1_808' title='bbox 1599 5037 1633 5091; x_wconf 91' lang='lat' dir='ltr'><strong>ad</strong></span> <span class='ocrx_word' id='word_1_809' title='bbox 1649 5038 1702 5092; x_wconf 88' lang='lat' dir='ltr'><strong>Pa·</strong></span> 
     </span>
    </p>
   </div>
   <div class='ocr_carea' id='block_1_13' title="bbox 904 5131 1702 5596">
    <p class='ocr_par' dir='ltr' id='par_1_14' title="bbox 904 5131 1702 5596">
     <span class='ocr_line' id='line_1_73' title="bbox 905 5131 1702 5204; baseline -0.008 -11"><span class='ocrx_word' id='word_1_810' title='bbox 905 5146 974 5193; x_wconf 90' lang='lat' dir='ltr'><strong>trem</strong></span> <span class='ocrx_word' id='word_1_811' title='bbox 995 5137 1066 5203; x_wconf 87' lang='lat' dir='ltr'><strong>Volo,</strong></span> <span class='ocrx_word' id='word_1_812' title='bbox 1076 5135 1103 5190; x_wconf 91' lang='lat' dir='ltr'><strong>id</strong></span> <span class='ocrx_word' id='word_1_813' title='bbox 1116 5142 1154 5190; x_wconf 89' lang='lat' dir='ltr'><strong>est</strong></span> <span class='ocrx_word' id='word_1_814' title='bbox 1176 5133 1322 5189; x_wconf 82' lang='lat' dir='ltr'><strong>voluntatis</strong></span> <span class='ocrx_word' id='word_1_815' title='bbox 1345 5147 1413 5188; x_wconf 87' lang='lat' dir='ltr'><strong>meae</strong></span> <span class='ocrx_word' id='word_1_816' title='bbox 1427 5131 1534 5198; x_wconf 87' lang='lat' dir='ltr'><strong>virtute,</strong></span> <span class='ocrx_word' id='word_1_817' title='bbox 1565 5132 1611 5202; x_wconf 92' lang='lat' dir='ltr'><strong>qui</strong></span> <span class='ocrx_word' id='word_1_818' title='bbox 1640 5132 1702 5204; x_wconf 88' lang='lat' dir='ltr'><strong>Spi-</strong></span> 
     </span>
     <span class='ocr_line' id='line_1_74' title="bbox 904 5229 1702 5300; baseline -0.005 -11"><span class='ocrx_word' id='word_1_819' title='bbox 904 5234 970 5289; x_wconf 92' lang='lat' dir='ltr'><strong>ritus</strong></span> <span class='ocrx_word' id='word_1_820' title='bbox 989 5241 1098 5289; x_wconf 89' lang='lat' dir='ltr'><strong>sanctus</strong></span> <span class='ocrx_word' id='word_1_821' title='bbox 1109 5239 1159 5299; x_wconf 85' lang='lat' dir='ltr'><strong>est,</strong></span> <span class='ocrx_word' id='word_1_822' title='bbox 1171 5229 1268 5298; x_wconf 82' lang='lat' dir='ltr'><strong>efficio,</strong></span> <span class='ocrx_word' id='word_1_823' title='bbox 1283 5229 1410 5285; x_wconf 79' lang='lat' dir='ltr'><strong>«utsicut</strong></span> <span class='ocrx_word' id='word_1_824' title='bbox 1424 5244 1477 5300; x_wconf 92' lang='lat' dir='ltr'><strong>ego</strong></span> <span class='ocrx_word' id='word_1_825' title='bbox 1491 5236 1518 5283; x_wconf 90' lang='lat' dir='ltr'><strong>et</strong></span> <span class='ocrx_word' id='word_1_826' title='bbox 1533 5237 1560 5283; x_wconf 92' lang='lat' dir='ltr'><strong>tu</strong></span> <span class='ocrx_word' id='word_1_827' title='bbox 1568 5246 1649 5284; x_wconf 92' lang='lat' dir='ltr'><strong>unum</strong></span> <span class='ocrx_word' id='word_1_828' title='bbox 1659 5248 1702 5285; x_wconf 93' lang='lat' dir='ltr'><strong>su·</strong></span> 
     </span>
     <span class='ocr_line' id='line_1_75' title="bbox 905 5325 1699 5397; baseline -0.004 -12"><span class='ocrx_word' id='word_1_829' title='bbox 905 5348 965 5387; x_wconf 88' lang='grc' dir='ltr'><strong>ιιιιιε</strong></span> <span class='ocrx_word' id='word_1_830' title='bbox 982 5354 993 5378; x_wconf 84' lang='grc' dir='ltr'><strong>ι</strong></span> <span class='ocrx_word' id='word_1_831' title='bbox 1009 5329 1210 5396; x_wconf 87' lang='lat' dir='ltr'><strong>insubstantia,</strong></span> <span class='ocrx_word' id='word_1_832' title='bbox 1226 5327 1287 5382; x_wconf 79' lang='lat' dir='ltr'><strong>asic</strong></span> <span class='ocrx_word' id='word_1_833' title='bbox 1300 5334 1326 5382; x_wconf 88' lang='lat' dir='ltr'><strong>ot</strong></span> <span class='ocrx_word' id='word_1_834' title='bbox 1340 5326 1391 5397; x_wconf 89' lang='lat' dir='ltr'><strong>ipsi</strong></span> <span class='ocrx_word' id='word_1_835' title='bbox 1407 5325 1609 5381; x_wconf 90' lang='lat' dir='ltr'><strong>innobisunum</strong></span> <span class='ocrx_word' id='word_1_836' title='bbox 1619 5327 1699 5383; x_wconf 78' lang='lat' dir='ltr'><strong>sint.-</strong></span> 
     </span>
     <span class='ocr_line' id='line_1_76' title="bbox 906 5424 1701 5502; baseline -0.006 -16"><span class='ocrx_word' id='word_1_837' title='bbox 906 5446 940 5486; x_wconf 86' lang='lat' dir='ltr'><strong>ex</strong></span> <span class='ocrx_word' id='word_1_838' title='bbox 955 5429 1042 5502; x_wconf 92' lang='lat' dir='ltr'><strong>gratia</strong></span> <span class='ocrx_word' id='word_1_839' title='bbox 1056 5428 1151 5500; x_wconf 77' lang='lat' dir='ltr'><strong>(loun.</strong></span> <span class='ocrx_word' id='word_1_840' title='bbox 1171 5427 1257 5496; x_wconf 77' lang='lat' dir='ltr'><strong>avit).</strong></span> <span class='ocrx_word' id='word_1_841' title='bbox 1276 5425 1363 5482; x_wconf 89' lang='lat' dir='ltr'><strong>Unum</strong></span> <span class='ocrx_word' id='word_1_842' title='bbox 1378 5438 1471 5479; x_wconf 90' lang='lat' dir='ltr'><strong>amore</strong></span> <span class='ocrx_word' id='word_1_843' title='bbox 1498 5440 1580 5479; x_wconf 90' lang='lat' dir='ltr'><strong>unum</strong></span> <span class='ocrx_word' id='word_1_844' title='bbox 1611 5424 1701 5481; x_wconf 89' lang='lat' dir='ltr'><strong>beati-</strong></span> 
     </span>
     <span class='ocr_line' id='line_1_77' title="bbox 905 5521 1701 5596; baseline -0.006 -13"><span class='ocrx_word' id='word_1_845' title='bbox 905 5526 1007 5596; x_wconf 89' lang='lat' dir='ltr'><strong>tudine,</strong></span> <span class='ocrx_word' id='word_1_846' title='bbox 1023 5542 1105 5581; x_wconf 91' lang='lat' dir='ltr'><strong>unum</strong></span> <span class='ocrx_word' id='word_1_847' title='bbox 1120 5522 1323 5580; x_wconf 89' lang='lat' dir='ltr'><strong>immortalitate</strong></span> <span class='ocrx_word' id='word_1_848' title='bbox 1339 5528 1366 5577; x_wconf 89' lang='lat' dir='ltr'><strong>et</strong></span> <span class='ocrx_word' id='word_1_849' title='bbox 1378 5521 1591 5593; x_wconf 87' lang='lat' dir='ltr'><strong>incorruptione,</strong></span> <span class='ocrx_word' id='word_1_850' title='bbox 1618 5539 1701 5578; x_wconf 90' lang='lat' dir='ltr'><strong>unum</strong></span> 
     </span>
    </p>
   </div>
   <div class='ocr_carea' id='block_1_14' title="bbox 905 5618 1705 5698">
    <p class='ocr_par' dir='ltr' id='par_1_15' title="bbox 905 5618 1705 5698">
     <span class='ocr_line' id='line_1_78' title="bbox 905 5618 1705 5698; baseline -0.006 -17"><span class='ocrx_word' id='word_1_851' title='bbox 905 5621 1196 5698; x_wconf 89' lang='lat' dir='ltr'><strong>etiamqnedammodo</strong></span> <span class='ocrx_word' id='word_1_852' title='bbox 1204 5620 1265 5693; x_wconf 87' lang='lat' dir='ltr'><strong>ipsa</strong></span> <span class='ocrx_word' id='word_1_853' title='bbox 1274 5618 1424 5680; x_wconf 78' lang='lat' dir='ltr'><strong>divinitate.</strong></span> <span class='ocrx_word' id='word_1_854' title='bbox 1437 5618 1619 5694; x_wconf 75' lang='lat' dir='ltr'><strong>«Quotquot»</strong></span> <span class='ocrx_word' id='word_1_855' title='bbox 1632 5621 1705 5677; x_wconf 89' lang='lat' dir='ltr'><strong>onim</strong></span> 
     </span>
    </p>
   </div>
   <div class='ocr_carea' id='block_1_15' title="bbox 0 0 1868 6000">
    <p class='ocr_par' dir='ltr' id='par_1_16' title="bbox 0 0 1868 6000">
     <span class='ocr_line' id='line_1_79' title="bbox 0 0 1868 6000; baseline 0 2"><span class='ocrx_word' id='word_1_856' title='bbox 0 0 1868 6000; x_wconf 95' lang='lat' dir='ltr'><strong> </strong></span> 
     </span>
    </p>
   </div>
  </div>
 </body>
</html>
