3728 6000
117 236 123 241 '
149 226 201 283 ets

632 225 665 280 b.
687 225 818 281 attuatii
838 224 1070 285 senoensem
1089 229 1298 290 taeniense

1748 239 1800 292 {lid

150 352 249 409 mentis
264 352 425 408 deseruntur
439 350 548 418 subditi,
565 367 599 406 ae
612 355 752 416 accusent,
776 351 819 407 vel
845 351 990 423 praedi-A
1005 352 1162 413 alexin.
1172 357 1249 425 Quod
1258 358 1378 417 discreta
1388 362 1629 434 contemperanda
1636 366 1707 418 saal
1715 361 1802 418 aerbo

1042 425 1181 511 Gregorii.
1190 430 1288 498 quibas
1297 430 1367 487 dicit
1378 432 1470 499 lapsos
1483 451 1542 490 aaa
1560 434 1660 491 debere
1672 435 1801 501 restitui,

151 452 202 498 ctm
221 442 437 512 importunitates
454 439 667 513 temporumve}
676 440 799 510 judicum
817 441 949 497 ecclesia-

152 532 281 587 sticorum
293 530 455 600 impediunt.
466 531 498 584 Et
509 531 582 593 ideo,
598 538 627 584 ut
641 530 742 584 dictum
763 538 811 596 est,
828 529 949 585 toleran-

61 662 63 667 .
152 620 258 686 tur,rei
270 620 376 675 etiamn
392 619 505 674 subditis
520 636 581 674 cum
609 618 706 673 ordine
720 619 853 675 canonico
881 634 949 674 con-

152 709 310 770 veniuntur,
326 717 354 763 nt
368 709 448 778 argui
464 716 490 763 et
505 708 609 781 corrigi
619 708 653 762 ab
668 708 707 763 eis
721 708 846 772 debeant,
871 722 949 764 com·

152 806 318 870 punguntur,
344 807 368 851 ιι
380 797 550 852 subditomm
575 812 684 852 suorum
709 797 875 866 paenitentiae
901 812 948 851 sa·

154 885 308 941 tisfactione
332 893 493 958 purgantur,
521 901 572 941 nec
596 885 779 954 deponuntur.
796 886 851 940 Cur
879 885 949 941 enirn

153 976 239 1031 sancti
263 974 346 1028 talem
362 975 485 1029 ordinem
501 974 617 1028 subditis
640 974 771 1030 canonice
799 975 893 1029 darent
922 977 954 1027 ut

153 1072 218 1120 ante
241 1064 445 1119 accusationem
469 1063 596 1135 prelatas
623 1078 689 1119 suos
717 1064 751 1118 ad
781 1063 952 1135 arguendum

154 1153 338 1221 convenirent,
363 1160 389 1207 et
418 1151 499 1208 aliter
523 1152 575 1206 nisi
599 1152 792 1224 incorrigibilis
806 1160 877 1208 esset
898 1168 953 1208 nan

156 1247 325 1305 accusarent,
348 1240 398 1296 nisi
428 1249 456 1295 ut
483 1256 533 1311 per
560 1242 759 1297 correctionem
775 1242 954 1311 anticiparent

156 1328 354 1400 depositionem
369 1328 384 1383 i
398 1329 540 1384 Correctus
555 1329 678 1386 accusari
702 1345 756 1384 uon
783 1330 864 1385 debet
878 1347 884 1383 ε
898 1344 954 1386 aaa

157 1425 296 1473 accusatus
318 1418 418 1488 deponi
443 1433 499 1474 nou
526 1426 625 1490 potest.
659 1417 802 1487 Quomodo
817 1434 897 1490 ergo,
925 1424 955 1473 ιιι

156 1506 248 1562 salvus
274 1506 309 1562 sit
332 1507 398 1563 ordo
426 1507 584 1575 canonieus,
596 1508 747 1579 deponetur
761 1507 954 1577 quamvis'evi-

157 1594 252 1651 denter
264 1595 389 1667 cognitus
404 1595 500 1665 malus,
511 1596 573 1652 siad
584 1596 822 1652 commonitionem
838 1596 954 1652 voluerit

158 1693 368 1741 essecorrectus
382 1686 396 1737 ‘l
412 1685 488 1741 Unde
503 1685 639 1753 Gelasius‚
660 1700 725 1756 cap.
744 1689 760 1740 5
778 1703 784 1739 :
804 1685 878 1756 «Qui
893 1701 954 1756 pro·
969 1707 996 1767 Β

157 1772 246 1828 hibita
261 1773 426 1844 deprehensi
441 1774 542 1830 fuerint
557 1773 711 1841 admisisse,
741 1774 783 1830 vel
808 1774 956 1831 commissa

159 1876 215 1918 non
231 1862 322 1933 potius
333 1879 381 1918 sua
395 1872 494 1934 sponte
509 1865 687 1932 correxerint,
712 1863 861 1934 periculum
886 1865 956 1918 sub·

161 1949 296 2005 iturisunl
311 1950 413 2022 proprii
435 1954 559 2007 honoria.
580 1976 591 2002 a
609 1952 686 2008 Uada
710 1952 855 2008 Isidorus:
875 1975 885 2001 u
904 1951 956 2020 Qui

160 2058 211 2113 per
226 2041 424 2096 blandarerba
438 2041 583 2114 castigatus
607 2058 662 2097 non
680 2042 837 2112 corrigitur,
866 2041 957 2096 acrius

159 2145 273 2187 necesse
293 2138 333 2186 est
346 2137 374 2185 ut
389 2131 552 2202 corrigatur.
568 2132 637 2185 Cum
666 2130 761 2186 dolore
783 2131 854 2185 enim
865 2130 957 2186 absci-

159 2219 249 2274 denda
264 2226 338 2284 sunt,
353 2235 414 2289 quae
429 2219 526 2274 leniter
541 2219 632 2274 sanari
646 2234 701 2274 nou
719 2226 840 2289 possunt.
860 2242 870 2267 n
888 2220 957 2274 Item

161 2308 363 2378 Symmachus:
386 2308 492 2363 «Ferro
512 2307 679 2364 abscidenda
700 2308 958 2378 suntrutueraquae

161 2394 282 2451 fomenta
293 2411 348 2451 noa
359 2397 487 2451 sentiunt.
500 2418 511 2445 a

162 2511 228 2565 Car.
241 2511 309 2568 xit.
321 2512 396 2580 Quod
405 2512 439 2568 dc
450 2510 649 2569 criminalibus
658 2517 685 2568 el
693 2511 852 2585 mortiferis
861 2529 960 2585 pecca·

198 2581 247 2648 lis,
259 2580 285 2637 si
292 2584 431 2653 prelatos
441 2585 621 2654 callcarripi,
632 2584 841 2640 occiditisana
853 2591 896 2640 est
908 2601 954 2641 ac·

197 2656 351 2723 casandria,
364 2659 391 2709 cl
400 2670 465 2709 cam
477 2659 619 2711 correctas
630 2656 760 2712 accerseri
774 2672 830 2713 tran
850 2657 957 2722 debeat,

199 2726 507 2782 aoncstdamaaadur.

1040 503 1532 624 agamennonemcalefactionis,
1546 510 1572 563 ci
1579 504 1801 579 insequentibus

1039 586 1070 624 se
1082 587 1163 642 rapa.

1041 696 1109 767 Quae
1127 716 1189 755 cum
1209 701 1245 757 ita
1272 711 1343 771 sunt,
1372 706 1601 777 contemperanda
1630 714 1693 762 sunt
1715 707 1802 762 rerba

1005 787 1076 842 beati
1092 787 1229 862 Gregorii.
1240 791 1279 847 ita
1292 800 1321 847 ut
1335 810 1469 849 cananum
1483 794 1606 851 ordinem
1624 811 1676 851 nau
1693 804 1803 867 pertur-

1004 877 1071 932 bent
1082 897 1088 942 ;
1105 881 1168 950 quia
1179 880 1251 952 quod
1267 881 1333 936 dixit
1344 882 1378 938 de
1389 883 1547 954 presbytera
1562 893 1588 939 et
1599 884 1698 940 abbate
1712 884 1802 957 depo·

1006 966 1066 1030 sito,
1080 975 1107 1022 et
1122 967 1155 1022 de
1170 970 1331 1040 presbytero
1347 971 1374 1025 in
1398 971 1503 1040 judicia
1528 973 1599 1029 facili
1628 973 1803 1044 professione

1006 1056 1145 1124 confesso,
1170 1061 1197 1111 et
1222 1057 1255 1114 de
1285 1060 1387 1115 Lucilio
1412 1062 1470 1130 jam
1490 1061 1601 1132 querefa
1616 1063 1804 1119 ecclesiastica

1007 1154 1135 1200 accusato
1151 1146 1242 1217 ‚quod
1255 1147 1281 1201 iri
1292 1163 1447 1219 omnespro
1462 1151 1540 1220 lapsu
1556 1157 1583 1206 et
1601 1150 1697 1206 ardiae
1711 1152 1801 1208 eccle·

1006 1235 1115 1290 siastieo
1142 1242 1189 1290 aut
1212 1252 1365 1305 remanere,
1396 1247 1443 1294 aut
1470 1240 1591 1296 revocari
1620 1240 1802 1312 noadebent,

1006 1332 1117 1395 propter
1142 1326 1300 1380 scandalum
1328 1328 1459 1384 Ecclesiae
1478 1327 1704 1385 fecitritandnm.
1734 1328 1805 1399 Quia

1007 1428 1105 1468 reuera
1134 1422 1278 1485 postquam
1309 1416 1421 1487 quilibet
1439 1433 1525 1489 usque
1550 1418 1584 1473 ad
1600 1418 1804 1475 accusationem

1007 1501 1200 1574 incorrigibilis
1211 1512 1237 1557 et
1251 1516 1397 1560 contumax
1423 1515 1546 1578 apparet,
1563 1515 1591 1562 ιιι
1605 1508 1733 1578 superius
1762 1507 1803 1562 di·

1007 1599 1079 1648 ctiam
1090 1599 1140 1654 est,
1160 1591 1249 1647 acrius
1263 1592 1415 1663 puniendus
1438 1603 1480 1650 est
1495 1614 1503 1661 3
1517 1596 1560 1652 ret
1587 1597 1671 1651 etiam
1696 1604 1808 1668 prepter

1009 1680 1148 1736 infamiam
1165 1697 1245 1752 quarn
1272 1699 1357 1753 usque
1379 1683 1413 1738 ad
1431 1684 1634 1740 ventilationem
1658 1686 1808 1742 crudeliter

1010 1769 1142 1842 neglexit,
1160 1769 1204 1824 ael
1216 1771 1493 1842 propterinimicitias
1515 1790 1583 1844 quas
1597 1783 1693 1831 contra
1710 1775 1808 1831 Eccle-

1010 1859 1077 1914 siam
1089 1874 1105 1914 a
1117 1874 1171 1929 qna
1190 1868 1328 1916 correctus
1353 1870 1394 1916 est
1416 1871 1534 1934 gereret,
1562 1864 1734 1920 revocandus
1753 1880 1808 1919 non

1011 1947 1132 2016 est;rel
1151 1948 1212 2003 ideo
1240 1949 1400 2021 etiamquia
1427 1951 1461 2006 ad
1485 1960 1588 2008 coetera
1618 1953 1721 2008 inutilis
1749 1962 1804 2008 est.

1011 2036 1078 2105 Quae
1089 2036 1240 2093 omnianon
1251 2039 1285 2093 ad
1301 2039 1354 2095 hoc
1368 2039 1528 2112 impediunt,
1545 2042 1612 2113 quin
1634 2042 1736 2114 corrigi
1762 2058 1810 2113 pe

1013 2125 1095 2181 tuisse
1110 2127 1285 2192 concedatur,
1302 2129 1324 2183 si
1340 2136 1401 2184 ante
1421 2131 1620 2186 accusationem
1650 2131 1694 2188 vel
1717 2131 1808 2203 depo-

1011 2215 1136 2271 sitionem
1153 2215 1289 2271 voluisset.
1300 2217 1353 2272 Sed
1369 2218 1514 2275 vivendum
1535 2236 1569 2276 ne
1583 2237 1634 2290 per
1649 2237 1700 2276 nos
1730 2220 1809 2277 blas-

1010 2306 1266 2376 pliemeturnnmen
1295 2307 1355 2377 Dei,
1385 2316 1410 2363 et
1436 2317 1539 2366 utnon
1563 2310 1733 2380 vituperetur
1752 2310 1810 2366 mi-

1012 2393 1152 2449 nisterium
1182 2404 1315 2450 nostrum.
1355 2398 1387 2451 Et
1410 2397 1473 2452 idea
1493 2397 1538 2468 qui
1562 2398 1677 2472 negligit
1707 2398 1808 2455 famam

1013 2499 1088 2537 suam
1103 2483 1222 2539 crudelis
1236 2490 1277 2540 est
1291 2504 1298 2549 ;
1315 2486 1381 2556 quia
1395 2487 1481 2542 multa
1496 2503 1550 2543 non
1578 2497 1689 2560 propter
1712 2489 1811 2559 despe-

1012 2571 1143 2628 rationem
1159 2589 1267 2645 gerere,
1281 2575 1332 2630 aed
1356 2585 1470 2647 propter
1490 2577 1650 2632 scandalum
1675 2578 1812 2634 Ecclesiae

1013 2677 1107 2717 severe
1129 2661 1293 2730 judicantur.
1320 2664 1353 2720 Ut
1368 2666 1439 2720 enirn
1468 2664 1507 2722 ait
1525 2666 1685 2734 isidorus«
1712 2666 1812 2722 melius

1012 2756 1056 2806 est
1071 2757 1098 2805 ut
1113 2767 1163 2821 pro
1178 2751 1326 2807 multorum
1345 2751 1497 2810 salvatione
1514 2772 1583 2810 unus
1600 2755 1810 2823 condemnetur,

198 2841 251 2896 Sed
267 2841 530 2915 oppanuutquidam
541 2857 596 2898 non
610 2841 711 2899 debere
726 2844 760 2898 ita
776 2843 832 2899 fieri
856 2842 883 2897 in
905 2842 959 2899 cri·
1013 2854 1093 2911 quam
1118 2856 1167 2910 per
1186 2841 1264 2896 unius
1295 2842 1431 2899 licentiam
1465 2845 1539 2900 multi
1572 2844 1809 2917 periclitentur.»

162 2930 309 2987 minalibus
325 2939 350 2986 et
364 2930 510 2987 mortiferis
524 2933 653 3004 pcccatis,
669 2941 698 2988 ut
715 2941 778 2988 sunt
800 2932 957 2998 homicidia,
1013 2929 1092 2985 Unde
1108 2929 1188 2985 etiam
1205 2931 1336 2986 itarttuns
1351 2933 1377 2986 in
1393 2950 1426 2989 ea
1443 2935 1522 3002 cuius
1536 2944 1577 2990 est
1604 2934 1711 2990 initium
1726 2951 1732 2989 :
1749 2936 1812 2991 Fra·

162 3021 207 3076 vei
222 3020 351 3090 perjuria,
363 3030 388 3075 et
401 3021 556 3090 hujusmodi
569 3038 576 3077 ε
593 3021 641 3077 sed
658 3022 683 3076 in
696 3021 855 3088 levioribus,
880 3029 909 3076 ut
919 3028 961 3076 est
1015 3021 1163 3074 lcrailelis
1179 3020 1380 3077 ιιιιιιιιιιιὶοιι
1400 3023 1452 3092 Qui
1467 3023 1552 3079 semel
1566 3024 1593 3078 in
1616 3024 1725 3095 lapsum
1751 3032 1812 3094 post

163 3108 278 3179 simplex
293 3109 383 3180 lapsus
398 3111 498 3173 carnis,
517 3119 589 3177 ete,
620 3111 781 3179 hujusmodi.
799 3112 831 3165 Et
855 3126 958 3175 reuera,
1016 3122 1092 3161 suam
1117 3108 1316 3163 ordinationem
1344 3111 1481 3179 ceciderit,
1499 3113 1556 3181 jain
1581 3114 1724 3184 depositus
1750 3113 1809 3179 erit,

163 3207 192 3253 ut
206 3198 357 3270 Gregorius
370 3199 428 3254 ait:
449 3222 459 3248 ι
476 3198 563 3268 Quem
574 3201 662 3268 major
676 3199 961 3272 sequiturculpama-
1016 3195 1171 3266 nullumque
1191 3197 1307 3269 gradum
1319 3201 1464 3256 sacerdotii
1481 3203 1580 3271 poterit
1607 3202 1723 3272 adipisci
1740 3221 1748 3268 ;
1763 3203 1811 3258 sed

161 3287 960 3358 jorimplicaudaestrindicta;sedtamenubiabumia-
1015 3284 1135 3341 sufficiat
1166 3285 1190 3341 ei
1219 3286 1456 3344 lamentationibus
1485 3290 1646 3362 fletibusque
1680 3291 1810 3357 assiduis

163 3376 201 3431 vit
216 3385 369 3447 peceatum,
386 3377 544 3432 ostendatur
557 3376 781 3448 superabundare
797 3385 822 3432 et
838 3377 959 3449 gratia.»
1017 3389 1157 3445 qirousque
1172 3374 1303 3431 attraxere
1320 3378 1345 3432 in
1363 3378 1456 3434 eadem
1472 3381 1810 3452 pmaitentiapecmanere,

164 3464 230 3520 Cum
244 3465 459 3521 noninreniatur
470 3467 557 3535 majus
571 3466 701 3522 delictum
718 3482 799 3538 quarn
809 3466 962 3521 exorbitare

165 3554 243 3609 asido
256 3555 451 3624 perhaeresim,
465 3555 528 3627 quia
543 3571 598 3609 aon
613 3569 730 3626 corpora
745 3555 888 3622 moritura,
915 3553 963 3608 sed

165 3643 265 3698 animm
287 3643 314 3696 in
340 3651 471 3697 aeternum
482 3643 594 3699 victurae
611 3643 789 3713 perimuntur.
806 3640 868 3711 Qua
883 3642 963 3696 etiam

167 3740 223 3785 tota
238 3731 358 3786 Ecclesia
373 3748 387 3782 a
403 3730 458 3785 suis
467 3731 648 3786 fundamentis
668 3731 827 3787 concutitur.
858 3731 897 3785 De
911 3731 964 3787 boo

168 3826 241 3873 tanto
255 3826 368 3890 peccato
384 3819 455 3874 idem
465 3819 533 3875 ordo
547 3836 563 3874 a
578 3821 682 3874 sanctis
690 3820 813 3876 Patribus
821 3821 961 3874 rinaeteto.

168 3907 299 3973 Fabiano,
314 3908 475 3980 caeterisque
495 3908 632 3962 institutus
656 3918 695 3964 est
716 3909 856 3975 canonice,
887 3916 915 3963 ut
941 3909 964 3962 si

1017 3467 1047 3517 ut
1064 3462 1239 3518 commissum
1256 3465 1382 3522 delictum
1410 3467 1502 3523 divina
1520 3468 1607 3540 gratia
1639 3469 1812 3542 exstinguere

1018 3549 1116 3607 valeat.
1140 3572 1151 3602 r
1174 3553 1267 3607 item:
1293 3575 1302 3603 ι
1326 3555 1352 3609 Si
1369 3564 1431 3626 pest
1449 3557 1644 3613 ordinationem
1659 3559 1813 3630 suarnquis

1018 3641 1092 3710 piam
1112 3641 1138 3694 in
1159 3639 1263 3711 lapsum
1284 3643 1420 3713 ceciderit,
1443 3655 1467 3700 et
1488 3646 1721 3715 praevaricationis
1751 3664 1812 3717 pec-

1018 3726 1461 3796 catoreprebendaturobnoxius,
1488 3729 1598 3787 omniuo
1627 3731 1812 3801 prohibendus

1018 3824 1060 3868 est
1075 3829 1135 3870 cum
1150 3816 1274 3870 manibus
1291 3817 1431 3873 lutulentis
1441 3827 1523 3892 atque
1544 3820 1654 3891 pollutis
1683 3821 1813 3890 mysteria

1018 3911 1118 3959 nostrae
1146 3903 1240 3959 salutis
1267 3914 1392 3962 tractare.
1421 3933 1432 3955 r»
1457 3910 1522 3963 Cum
1544 3925 1609 3980 ergo
1627 3911 1713 3965 semel
1740 3911 1811 3981 lapso

167 3995 695 4068 pasturaiideexorbitarerit,sitprias
723 4006 826 4052 secreto
841 3996 965 4052 esubdi·
1019 3991 1101 4046 totius
1121 3993 1182 4048 ritae
1201 3995 1359 4063 paenitentia
1378 3996 1544 4070 injungatur,
1571 3998 1811 4055 lamentationibus

167 4085 202 4140 tis
214 4084 403 4156 corrigendus.
422 4084 500 4155 Quod
516 4085 538 4140 si
554 4084 760 4157 incorrigibilis,
789 4086 860 4157 quod
871 4085 962 4140 absit!
1020 4082 1355 4148 ettletibusassiduis‚ubi
1374 4086 1418 4140 illa
1441 4093 1497 4142 tarn
1521 4087 1704 4161 facilisgratia
1715 4089 1810 4153 reniae,

168 4173 335 4244 apparuerit,
360 4183 424 4230 tnnc
434 4174 486 4229 erit
497 4173 677 4230 accusandus.
713 4173 856 4245 Quomodo
883 4176 964 4231 etiam
1020 4187 1072 4242 qua
1092 4173 1160 4226 bora
1180 4180 1306 4242 peccator
1320 4175 1585 4246 ingemueritsalrus
1603 4178 1652 4232 erit
1668 4178 1682 4231 i
1698 4178 1726 4233 Si
1741 4176 1813 4233 sufii-

167 4263 323 4331 haereticus,
343 4262 391 4318 sia
406 4261 525 4318 subditis
539 4262 712 4336 vnltcorrigi,
727 4263 964 4330 eritdarnnandus;
1019 4260 1054 4315 cit
1075 4260 1153 4324 liora,
1173 4276 1222 4315 cur
1243 4261 1286 4316 rix
1312 4252 1436 4320 sulficere
1456 4265 1583 4321 dicuntur
1610 4267 1731 4322 intritae
1751 4274 1814 4321 tem·

167 4368 239 4419 carm,
252 4352 303 4407 nisi
319 4352 511 4426 incorrigibilis
526 4353 756 4423 apparuerit,nou
772 4353 804 4408 sit
830 4368 965 4409 aceusan·
1022 4364 1089 4418 prora
1104 4350 1118 4402 ι
1134 4349 1185 4406 Ubi
1196 4359 1236 4405 est
1254 4352 1325 4422 quod
1344 4355 1382 4407 ait
1397 4355 1562 4425 tergestinus
1574 4355 1608 4411 de
1629 4358 1725 4428 agone
1744 4355 1815 4412 Cirri-

169 4442 230 4506 das,
247 4448 273 4497 et
289 4442 340 4497 nisi
351 4450 493 4498 accusatus
509 4441 597 4507 fuerit,
613 4449 643 4497 ut
661 4441 698 4496 ait
712 4442 872 4512 Gregorius,
890 4418 1113 4496 extr-anstinuo
1145 4439 1215 4508 (cap.
1249 4444 1325 4511 xxx),
1346 4458 1477 4513 nusquam
1502 4451 1555 4497 tam
1590 4444 1684 4514 rigere
1716 4445 1815 4500 debent

171 4530 554 4602 ordinemusurpatojsdicio
582 4530 691 4585 nonsit
715 4530 889 4599 judicandus,
916 4531 965 4585 nisi
1022 4526 1126 4581 viscera
1155 4528 1360 4596 misericordia,
1389 4532 1514 4603 quamin
1533 4533 1665 4589 catholica
1685 4533 1815 4603 Ecclesia,

169 4619 433 4685 scilicetaccusatus,
461 4619 519 4675 sive
546 4620 620 4675 ultro
641 4620 784 4676 confessus
808 4621 850 4676 rel
872 4619 967 4675 conri-
1020 4622 1049 4668 ut
1079 4623 1205 4686 tanquam
1235 4625 1321 4673 mater
1349 4635 1397 4675 nec
1424 4621 1600 4689 peccantibus
1624 4620 1688 4675 liliis
1718 4623 1815 4677 misere

170 4708 727 4780 ctus?Utergoetiamdeeriminalibus,
760 4709 809 4764 Dei
834 4725 887 4763 non
915 4709 966 4764 de·
1022 4703 1140 4772 insultet,
1179 4721 1228 4761 nco
1256 4708 1384 4763 correctis
1402 4709 1513 4765 difficile
1534 4710 1816 4781 ignoscatiUbiest

171 4815 313 4869 speremus
328 4798 453 4870 gratiam,
470 4798 658 4870 Hieronymus,
684 4798 846 4870 utsuperius
866 4798 966 4853 dictum
1021 4793 1107 4858 euim,
1125 4795 1243 4863 quodait
1261 4797 1427 4869 brigantinus
1437 4798 1550 4852 homilia
1569 4803 1602 4852 se
1620 4817 1625 4854 :
1645 4822 1655 4846 ν
1672 4798 1742 4869 Quid
1754 4816 1816 4856 can-

171 4889 396 4959 est,propitetnm
412 4887 765 4956 Dnvidcujusauctoritate
790 4887 967 4943 suarnrobo-
1021 4897 1102 4938 terso
1132 4899 1185 4938 ιιοιι
1218 4883 1379 4954 ignoscitur,
1412 4886 1433 4939 si
1467 4887 1541 4941 fusus
1575 4888 1686 4958 sangnis
1720 4888 1816 4944 Cirristi

171 4978 240 5032 rarit
254 4976 426 5041 sententiam,
443 4976 477 5031 dc
492 4976 624 5031 adulterio
640 4983 665 5031 et
686 4976 832 5031 homicidio
856 4984 969 5031 testatur

170 5065 343 5136 paenituisse,
358 5075 383 5119 et
399 5065 570 5134 postmodnm
599 5064 724 5120 docuisse
741 5083 748 5119 :
764 5072 791 5119 et
814 5080 864 5135 pro
892 5070 967 5121 certo

171 5153 388 5210 eredendumest
402 5154 578 5209 immutabilis
596 5155 644 5210 Dei
673 5169 727 5210 aon
750 5169 811 5208 esse
835 5169 902 5226 erga
916 5168 967 5209 nos

172 5251 303 5299 mutatam
319 5243 527 5313 benignitatem,
543 5243 566 5298 si
582 5243 697 5298 similem
714 5242 968 5298 innobisinteuerit

172 5333 336 5401 penitentie
348 5332 572 5389 satisfactionem.

1021 4973 1210 5042 agnoscitur?
1229 4973 1295 5042 Quis
1315 4974 1451 5030 homicida
1476 4975 1612 5046 desperet,
1634 4978 1656 5030 si
1685 4977 1712 5030 in
1739 4994 1815 5047 spem

1022 5062 1143 5117 redditus
1163 5071 1213 5128 est,
1234 5079 1250 5116 a
1270 5079 1323 5131 quo
1357 5065 1435 5119 etiam
1464 5065 1588 5120 Carisius
1619 5066 1724 5121 occisus
1743 5069 1817 5122 esti

1025 5151 1208 5207 Crediderunt
1238 5152 1299 5205 inde
1328 5152 1414 5218 multi,
1436 5154 1551 5209 donatus
1570 5164 1610 5211 est
1637 5156 1677 5211 eis
1706 5156 1818 5229 sanguis

1024 5241 1133 5308 Clnisti,
1160 5248 1187 5295 ut
1206 5241 1297 5311 magis
1317 5257 1378 5296 eum
1400 5242 1531 5312 biberent,
1552 5262 1606 5316 (pua
1624 5244 1815 5310 liberarentur.

1022 5354 1101 5409 quam
1122 5338 1162 5393 rei
1181 5338 1215 5392 de
1234 5338 1280 5393 illo
1300 5337 1385 5394 effaso
1412 5348 1575 5396 tenerentur.
1604 5341 1672 5411 Quis
1691 5343 1818 5414 desperet

1022 5433 1044 5488 si
1064 5435 1091 5488 in
1111 5451 1189 5490 cruce
1209 5435 1276 5490 latro
1296 5433 1416 5491 saltatus
1432 5444 1481 5501 est,
1502 5438 1712 5508 antepaululum
1734 5439 1818 5493 ironii-

1020 5531 1090 5600 cida,
1117 5540 1179 5604 post
1203 5533 1342 5605 paululum
1368 5543 1516 5604 aecusatus,
1533 5535 1683 5604 convictus,
1704 5534 1819 5593 dumaa-
