3728 6000
111 182 168 239 ¹⁰8
620 174 810 234 GUthEthl
827 175 968 232 heatus
987 176 1016 233 S.
1036 174 1255 236 ruaobomcl
1696 180 1748 239 alui

119 301 260 365 Guillelmi
273 300 409 375 siquidem
423 312 562 357 censuram
582 313 633 382 pro
648 298 803 373 evulgando
818 307 863 354 out
877 299 1071 379 supprimendo
1090 300 1162 358 libro
1176 302 1310 374 predicto
1325 311 1484 375 exspectare
1497 318 1527 359 se
1536 303 1601 359 dicit
1615 304 1648 361 8.
1672 305 1762 363 Pater:

139 377 167 432 ui
183 385 211 432 et
224 376 304 445 epist.
319 374 365 439 lt,
379 373 415 428 ab
430 370 527 427 abbate
541 371 721 428 cuissiacensi
741 371 891 435 consultus,
907 370 1045 427 Garrllelmi
1061 376 1143 428 nostri
1159 375 1321 446 sapientiam
1346 376 1388 431 his
1421 375 1513 431 verbis
1541 377 1739 431 commendavit
1755 390 1762 427 :

144 453 210 511 iror,
224 447 290 520 quid
300 447 350 501 tibi
358 447 448 500 oham
454 443 554 514 suerit,
566 459 610 498 me
627 447 685 499 tom
694 447 834 499 remotam
842 446 974 514 expetere
985 446 1174 501 consultorem
1186 465 1195 500 :
1209 462 1274 501 cont
1283 462 1366 518 prope
1376 447 1480 503 trahens
1491 447 1582 502 rirom
1593 448 1762 518 sapientem.

117 520 206 577 castri
218 518 338 584 ordinis,
354 520 382 571 et
392 514 597 586 tooeproecipoa
607 514 705 569 mmor
719 519 884 570 amatorem.
898 515 1080 570 Goiltetmom
1093 517 1219 571 retortam
1236 532 1259 571 i.
1274 519 1444 573 Theoderici.
1459 519 1606 573 Commota
1622 520 1763 576 interillos

117 589 268 657 animorum
281 594 354 643 esset
368 602 441 651 uuio,
464 592 623 656 optaretque
644 584 803 639 Guillelmos
816 586 849 638 ad
865 584 1072 641 cisterciensem
1087 586 1208 641 ordinem
1224 589 1353 659 migrare,
1369 589 1499 643 dissuasit
1509 598 1597 643 tamen
1610 589 1685 644 illam
1702 606 1758 645 uitt-

117 660 248 719 tatiouem
263 658 295 712 S.
324 656 584 711 heruardus:utert
607 655 666 724 ejus
688 655 802 725 epistola
825 660 859 709 tlh
885 663 1000 710 consul.
1026 657 1170 712 Praecinit
1199 667 1288 714 umen
1316 657 1487 724 Guilelmus,
1517 676 1549 713 ac
1577 660 1757 731 Signiaceuse

118 729 273 788 woobium
288 727 354 783 adiit
370 745 376 780 :
392 728 439 782 ubi
453 727 585 797 reliquum
603 729 663 781 oitae
678 733 785 796 tempus
799 728 864 795 epit.
883 725 976 781 Testes
994 735 1057 780 suot
1076 743 1227 798 anonymus
1251 731 1314 784 vitae
1335 731 1471 785 Guillelmi
1494 731 1618 800 scriptor,
1641 739 1668 785 et
1691 732 1758 787 llor-

118 802 235 858 ahardus
246 799 343 863 abbas,
359 798 386 852 in
401 807 464 852 uota
474 812 536 869 quae
549 799 672 868 sequitur
686 796 782 851 librom
798 796 864 852 Vitae
884 795 914 853 S.
945 797 1075 852 &roardi
1096 817 1102 852 :
1128 814 1241 869 uterque
1269 810 1357 854 aulem
1384 804 1559 872 synchronus
1589 799 1638 856 soit
1660 802 1757 858 horum

117 886 284 929 maerorum.
300 871 375 925 idem
391 877 501 925 testatur
515 868 661 924 chronicon
675 869 860 938 Sigoiaceuse,
876 878 900 921 et
912 869 1013 937 passim
1026 869 1070 923 alii
1085 871 1193 925 codices
1217 872 1392 941 manuscripti
1420 871 1532 935 ordinis,
1549 888 1663 942 quorum
1692 874 1756 942 qoi-

116 943 182 1003 dtu
196 959 260 998 mox
274 940 451 1013 producendi.
476 938 556 994 Prius
570 946 658 995 autem
674 954 754 1008 qoam
769 938 925 1010 signiacum
940 946 1054 1010 peteret,
1070 955 1130 994 cuin
1146 940 1317 997 suessionem
1332 942 1395 1008 iret,
1424 943 1595 997 consulturus
1615 946 1759 1013 quemdam

117 1016 243 1078 amicum,
259 1027 357 1082 sopore
373 1011 453 1083 gravi
467 1010 494 1064 in
511 1011 554 1065 via
568 1010 650 1080 coepit
666 1009 770 1083 urgeri,
784 1018 812 1064 et
825 1010 876 1064 sub
891 1009 988 1065 arbore
1005 1025 1089 1079 prope
1105 1011 1246 1067 hazochias
1260 1012 1403 1067 dormienti
1427 1012 1507 1068 beata
1525 1014 1609 1085 Virgo
1624 1017 1757 1084 apparuit,

116 1093 198 1157 ertpot
209 1084 270 1153 eius
286 1083 382 1137 blande
396 1081 579 1151 complectens
593 1096 626 1136 ac
637 1080 803 1149 demulcens,
825 1090 851 1135 et
867 1081 934 1134 mira
947 1081 1077 1135 suavitate
1092 1083 1210 1136 animum
1222 1082 1282 1152 ejus
1309 1082 1438 1139 afficiens.
1448 1086 1515 1139 Com
1534 1092 1623 1139 aulem
1647 1086 1758 1156 Signia·

118 1171 181 1214 cum
196 1156 316 1224 adiisset,
328 1155 389 1224 ejus
406 1168 545 1208 secessum
559 1153 671 1207 moleste
687 1150 804 1206 terentes
831 1151 938 1205 abbatis
959 1151 1042 1206 vicini
1066 1153 1224 1223 interposita
1252 1154 1285 1208 D.
1314 1154 1439 1209 Rainaldi
1454 1156 1596 1210 llemeusis
1620 1157 1758 1227 archiepi-

116 1228 193 1299 scopi
207 1224 379 1293 auctoritato,
394 1231 421 1278 et
435 1222 517 1277 missa
541 1222 576 1277 ad
590 1238 651 1277 eum
672 1221 818 1294 legatione,
831 1221 905 1275 illum
919 1237 1049 1276 revocare
1067 1227 1217 1293 tentarunt,
1232 1225 1280 1279 sed
1291 1239 1344 1280 noo
1360 1226 1544 1295 proiecerunt.
1568 1227 1663 1282 Postea
1688 1243 1757 1284 vero

168 1297 194 1353 ri
208 1295 355 1353 tentatione
364 1309 512 1351 concussus
524 1302 567 1349 est
580 1309 663 1364 super
672 1294 818 1362 astraritate
832 1296 917 1347 victua
934 1309 940 1345 :
956 1293 1005 1347 sed
1019 1307 1036 1346 a
1051 1295 1195 1357 monacho,
1212 1295 1335 1364 quicum
1350 1304 1460 1351 secutos
1487 1305 1553 1363 erat,
1577 1305 1604 1352 et
1644 1299 1758 1369 repost-

117 1376 161 1425 tua
171 1371 200 1423 S.
214 1365 374 1423 Theoderici
388 1366 453 1421 olim
467 1365 565 1434 iuerat,
580 1364 722 1419 roboratus
736 1371 788 1429 est,
804 1372 831 1417 ot
848 1364 921 1432 prius
931 1362 1056 1418 Christus
1076 1364 1110 1419 ab
1138 1365 1246 1436 angelo.
1277 1366 1372 1422 Socios
1394 1369 1490 1422 hahuit
1517 1368 1543 1420 in
1576 1383 1610 1423 eo
1631 1384 1675 1421 em
1699 1385 1761 1426 mo·

116 1441 236 1495 hasteria
251 1438 322 1492 alios
336 1437 408 1491 dnos
422 1435 543 1507 insignes
558 1435 642 1501 viros,
659 1436 829 1503 hrnutphum
839 1431 947 1489 fratrem
962 1434 1064 1488 domini
1078 1435 1112 1489 de
1127 1437 1282 1501 lioriomez,
1296 1437 1423 1492 abbatem
1440 1439 1468 1492 S.
1485 1438 1589 1494 Nicasii
1605 1440 1758 1510 hemensis,

119 1518 148 1566 et
161 1509 313 1565 Gerardurn
331 1509 439 1562 tratrem
454 1507 556 1561 domini
571 1507 605 1560 de
620 1505 786 1566 Oreimonte.
803 1505 930 1558 abbatem
956 1504 1161 1567 Florineosem;
1187 1507 1232 1578 qui
1250 1524 1311 1563 cum
1336 1509 1479 1564 duodecim
1503 1525 1518 1562 e
1538 1508 1593 1563 suis
1613 1515 1758 1567 monachis

117 1581 273 1654 signiacum
289 1586 410 1635 venerat.
428 1578 573 1634 Guillelmo
585 1591 681 1632 nostro
696 1574 843 1647 ahquaodo
854 1576 880 1628 ia
895 1575 955 1643 ipso
971 1577 1141 1645 Sigrrraeeusi
1155 1578 1281 1632 caenobio
1295 1580 1439 1643 arrotanti
1470 1586 1618 1635 monachus
1646 1583 1757 1649 quidam

115 1652 252 1718 assidens,
267 1664 374 1704 sommo
388 1665 499 1720 pressus
514 1648 583 1703 vidit
595 1656 748 1702 matronam
764 1645 946 1702 venerabilem
960 1646 1012 1700 sihi
1031 1648 1172 1716 pelliceam
1187 1646 1356 1717 offerentem,
1373 1665 1405 1706 ac
1421 1650 1573 1705 dicentem:
1592 1673 1603 1698 o
1618 1652 1667 1705 ilis
1681 1652 1760 1723 operi

116 1722 205 1778 illum.
225 1746 235 1771 ι
254 1721 492 1775 Monachoautem
509 1719 638 1788 quaereoti
654 1717 799 1786 quonami
819 1732 848 1770 sa
875 1726 957 1782 esset,
985 1719 1171 1786 respondam
1198 1720 1258 1790 Ego
1285 1736 1343 1775 soni
1372 1722 1482 1777 domina
1506 1722 1540 1775 do
1576 1723 1756 1778 herophila..

115 1791 471 1866 Igrnorabatillequidhoc
497 1796 578 1854 esset,
598 1791 723 1843 nesciens
738 1790 767 1843 B.
794 1788 927 1867 'arginem
954 1787 1021 1842 alias
1046 1788 1191 1843 Guillelmo
1217 1806 1302 1869 prope
1332 1791 1474 1846 hazochias
1503 1807 1674 1862 apparuisse.
1695 1796 1759 1850 hlox

116 1873 205 1920 autem
220 1862 357 1919 conualuit
372 1861 541 1925 Guillelmus,
558 1868 697 1929 postquam
712 1859 737 1914 ei
751 1858 882 1913 visionem
898 1872 974 1913 suam
990 1866 1139 1914 monachus
1159 1862 1299 1914 iudicavit.
1334 1863 1447 1916 Demnm
1474 1863 1536 1918 vilae
1564 1880 1619 1918 suaa
1642 1880 1755 1920 cursum

115 1943 211 1990 sancto
227 1932 279 1987 line
295 1934 388 1986 heatus
402 1930 563 1986 Guillelmus
578 1929 732 1994 absolvens,
747 1929 912 1984 obdormivit
926 1930 954 1982 io
983 1929 1107 1985 homino.
1124 1930 1228 1999 Corpus
1243 1934 1302 2000 ejus
1317 1931 1344 1984 iu
1359 1935 1491 1999 claustro,
1505 1935 1580 2002 juxta
1609 1935 1753 1991 introitum

114 2004 235 2076 capituti,
247 2003 373 2058 traditum
385 2009 425 2056 est
438 2001 593 2072 sepuhurre.
610 2002 649 2054 At
664 2002 837 2071 octogesimo
850 2000 954 2054 circitor
968 2015 1039 2054 anuo
1055 2009 1115 2067 pot
1128 2009 1253 2066 mortem,
1270 2004 1428 2057 translatum
1450 2015 1491 2058 est
1506 2020 1567 2058 cum
1593 2008 1758 2075 corporibus

114 2076 307 2148 praedictorum
320 2073 452 2142 arnulphi
471 2083 496 2128 et
511 2070 606 2127 Gerar.
622 2071 722 2125 domno
739 2070 834 2141 Egidto
849 2085 921 2124 nono
944 2069 1065 2140 Siguiaci
1081 2071 1178 2127 abbate
1201 2072 1235 2127 da
1254 2087 1307 2143 quo
1333 2075 1471 2142 praelatum
1500 2076 1648 2130 chronicon
1669 2096 1675 2131 :
1695 2079 1757 2150 lpse

112 2163 176 2205 oasa
187 2147 217 2202 lt.
239 2144 384 2201 Goittelnri
398 2141 539 2215 qnondam
554 2143 596 2196 ab.
608 2141 635 2197 S.
654 2141 823 2205 Theoderici,
848 2139 987 2210 ainulphi
1013 2143 1056 2196 ob.
1068 2141 1096 2197 S.
1108 2143 1243 2207 dichorii,
1268 2147 1296 2197 et
1316 2143 1436 2200 Gerordi
1450 2147 1494 2201 nb.
1512 2148 1696 2213 florinensis,
1724 2151 1760 2206 da

115 2218 236 2274 tumulis
245 2218 275 2271 in
289 2213 479 2286 quibososquc
489 2213 888 2283 adtemposillortjnroeront.
901 2214 1013 2273 teneruit,
1025 2217 1053 2266 et
1062 2212 1158 2268 andern
1170 2215 1247 2269 intro
1257 2230 1369 2271 merom
1379 2218 1505 2272 oratorii.
1516 2222 1543 2271 et
1551 2219 1641 2287 josto
1654 2219 1758 2276 introi·

117 2293 177 2347 tem
190 2285 571 2358 erclerioe,oporterlonstri‚
580 2286 737 2354 toquentem
748 2284 828 2338 thero
839 2297 903 2337 com
911 2280 1014 2338 honora
1024 2282 1115 2337 debito
1123 2283 1279 2339 collocavit.
1288 2287 1356 2342 itote
1365 2293 1463 2343 notem
1474 2290 1660 2345 translationi
1669 2292 1758 2346 vicini

111 2358 439 2427 ubbottsiutertoerout.
452 2353 562 2424 laffigies
576 2369 672 2409 eorum
697 2354 734 2406 ibi
766 2353 879 2421 depietae
894 2351 984 2408 adhuc
999 2362 1155 2412 cernuntur.
1168 2363 1194 2409 et
1216 2357 1327 2409 nomina
1344 2360 1502 2428 subscripta.
1537 2359 1621 2413 Porro
1645 2362 1757 2429 quidam

111 2432 260 2485 monachos
270 2428 294 2481 ei
311 2426 453 2482 subtilioris
468 2429 533 2480 olim
547 2433 656 2495 rogarat
670 2441 741 2490 etrrn,
754 2432 782 2478 ut
797 2431 982 2494 postmortem
997 2439 1046 2477 sua
1060 2440 1121 2478 eurn
1143 2424 1301 2495 dignaretur
1325 2428 1489 2494 visitatione,
1506 2429 1578 2499 qrtod
1600 2438 1626 2484 et
1646 2433 1755 2497 promi·

111 2509 183 2556 serat
198 2500 226 2556 B.
242 2498 421 2555 Guillelmus:
439 2497 484 2567 qui
499 2498 592 2565 elapso
607 2510 679 2550 arina
693 2495 781 2549 eidem
795 2510 856 2548 com
871 2494 932 2549 aliis
945 2493 1051 2548 duobus
1069 2510 1216 2563 apparens,
1234 2501 1498 2568 rogatus,quomodo
1513 2500 1564 2553 sibi
1579 2508 1661 2567 esset,
1675 2503 1758 2571 bene,

107 2570 209 2640 inquit,
225 2571 289 2624 mihi
305 2569 363 2624 erit.
381 2569 464 2623 Dese
479 2582 588 2638 quoque
603 2568 750 2621 monachus
766 2566 811 2620 ille
825 2564 980 2621 sciscitatus
990 2565 1099 2634 quando
1114 2574 1186 2621 esset
1199 2567 1353 2632 moriturus,
1369 2586 1438 2624 uuus
1452 2587 1485 2626 et
1509 2571 1652 2625 comitibus
1675 2573 1756 2629 Guil-

109 2640 185 2697 lelmi
203 2638 351 2710 respondit,
366 2639 562 2694 nondomeom
577 2648 701 2708 oportere
723 2637 776 2691 hoc
799 2635 881 2691 scire.
901 2635 1010 2690 liultnm
1035 2645 1124 2691 autem
1154 2637 1340 2707 perpendebat
1363 2641 1435 2695 idem
1467 2644 1614 2696 monachus
1639 2645 1753 2701 verbum

109 2711 188 2781 iilud,
203 2714 271 2768 bene
284 2712 356 2766 mihi
370 2712 435 2775 erit,
452 2725 507 2778 qno
534 2716 624 2762 tantos
639 2709 680 2761 vir
694 2705 867 2778 significabat
882 2722 912 2760 se
933 2707 1055 2761 aonidum
1069 2707 1186 2777 gloriam
1206 2718 1362 2763 assecutum
1377 2727 1446 2767 esse.
1462 2713 1519 2767 Nec
1535 2720 1625 2767 tnrueu
1652 2728 1756 2771 conse-

110 2799 198 2855 quens
212 2791 279 2845 erat,
295 2797 356 2836 enm
367 2779 524 2852 purgatorio
539 2779 545 2833 i
569 2795 602 2833 ne
613 2778 715 2848 puniri;
730 2793 791 2833 cum
806 2777 881 2830 mailli
898 2783 1086 2845 postmortem
1102 2778 1161 2833 solo
1179 2779 1306 2834 desiderii
1331 2783 1492 2853 purgatorio
1519 2781 1674 2856 affligantur
1691 2793 1756 2856 post

109 2868 218 2927 poeuam
232 2852 315 2924 iguis.
331 2860 377 2906 aut
391 2851 450 2905 siae
463 2849 520 2906 illa.
563 2865 614 2904 oac
627 2851 662 2904 de
676 2850 783 2917 seriptis
798 2847 934 2903 Guillelmi
947 2847 1094 2919 agendum.

145 2925 250 2981 iterum
259 2921 413 2993 catalogum
429 2920 512 2975 texuit
526 2921 584 2990 ipse
598 2920 626 2973 in
641 2919 755 2990 epistola
768 2917 803 2973 ad
819 2919 848 2972 P.
864 2919 897 2973 de
909 2918 999 2973 doute
1015 2916 1188 3043 beifraefixa
1202 2918 1281 2984 libro,
1300 2922 1338 2978 lle
1352 2921 1411 2978 otto
1421 2923 1563 2991 solitario,
1579 2939 1635 2980 noo
1663 2926 1754 2996 qualis

110 2996 209 3066 passim
224 2995 355 3062 cernitur,
372 2991 614 3046 mutilascilicstet
629 2990 718 3044 media
733 2989 777 3043 sui
792 2999 867 3058 parte
888 2995 1024 3056 truncatu,
1038 3005 1067 3044 se
1110 2990 1236 3059 qualislu
1266 2992 1437 3047 bibliothecis
1464 2994 1569 3048 ordinis
1598 2997 1751 3066 reperitur:

109 3061 553 3134 norninat'tmqoeiasigniacensi‚
571 3059 1047 3115 ubrillaabauelorcexarataluit:
1073 3061 1116 3129 qui
1146 3062 1290 3116 exordium
1319 3063 1392 3117 ducit
1413 3061 1449 3117 ab
1464 3063 1522 3134 ipso
1549 3065 1618 3119 libro
1649 3067 1754 3125 Deoita

110 3136 251 3195 solitario.
267 3149 348 3205 quem
359 3142 437 3188 vocat
452 3132 572 3186 laborem
587 3147 665 3185 sunm
681 3131 866 3201 quotidianum
884 3147 890 3183 :
910 3129 956 3184 alii
971 3146 1044 3185 euim
1062 3131 1122 3184 libri
1139 3147 1207 3200 quos
1219 3141 1311 3199 postea
1337 3141 1471 3199 recenset,
1493 3134 1551 3204 jam
1571 3137 1635 3191 editi
1657 3144 1749 3194 eraut.

109 3206 143 3261 lli
158 3216 247 3263 autem
262 3212 325 3258 sunt
342 3220 348 3257 ε
362 3204 513 3275 Speculum
528 3202 604 3271 fidei,
621 3203 752 3271 AEoiptuo
767 3201 841 3268 fidei,
859 3200 929 3256 liber
943 3202 981 3257 lte
991 3203 1208 3273 contemplando
1223 3203 1367 3269 Deo,tiher
1380 3206 1416 3260 lte
1431 3212 1537 3261 uotoro
1559 3210 1587 3262 et
1610 3207 1754 3279 dipuitatc

108 3278 224 3341 amoris,
241 3274 353 3330 libellos
362 3274 402 3328 oe
412 3273 710 3334 sarrorneotooltnris,
721 3271 923 3333 lleditotioner,
936 3270 1092 3328 lncoottco
1102 3275 1289 3338 canticoram,
1301 3275 1425 3344 usquead
1438 3276 1512 3330 iilum
1521 3276 1620 3339 locum.
1630 3281 1747 3336 Pantul.

108 3364 174 3405 cum
182 3348 403 3420 pertransissem
417 3360 472 3409 eos,
485 3353 538 3398 etc.
556 3342 660 3400 Contra
674 3344 790 3397 Petram
811 3342 987 3398 ihrriordnm
999 3344 1141 3411 Exprositio
1152 3344 1279 3415 epistole
1288 3347 1324 3400 nd
1334 3348 1642 3411 ltomnnos,Sententioe
1661 3352 1749 3419 Fidei,

109 3419 180 3475 tiber
194 3420 346 3473 venatore
361 3417 486 3486 corporis
499 3433 508 3470 .·
523 3421 551 3468 et
572 3415 642 3469 tiber
657 3415 694 3469 Da
708 3415 936 3468 naterocuimra.
954 3412 1062 3482 Scripsit
1078 3422 1104 3466 et
1117 3414 1189 3468 idem
1219 3416 1296 3470 Pater
1310 3418 1480 3485 postmodum
1506 3418 1603 3473 librum
1636 3421 1751 3485 [trimum

113 3488 181 3545 teto
192 3490 222 3543 S.
243 3487 384 3552 heroardi,
399 3487 442 3540 cni
457 3486 618 3539 immortuus
631 3491 682 3538 est.
697 3484 805 3538 Librum
821 3492 910 3537 antem
921 3485 959 3539 lte
973 3486 1031 3538 otto
1041 3484 1183 3542 solitario.
1198 3485 1236 3539 od
1245 3488 1307 3541 Pot.
1329 3486 1362 3541 de
1378 3488 1468 3542 tloote
1485 3490 1542 3554 ua,
1560 3489 1588 3544 S.
1614 3491 1752 3548 hemardo

110 3574 127 3617 ι
141 3559 303 3630 quibusdam
319 3558 474 3625 ascriptum,
491 3555 562 3609 iilius
575 3570 627 3609 non
637 3571 707 3617 esse,
721 3555 879 3620 jamdudum
893 3570 993 3623 persua
1011 3571 1054 3607 um
1072 3555 1120 3608 suit
1133 3557 1214 3609 etiarn
1227 3557 1258 3608 iis
1275 3556 1318 3624 ‹qtri
1334 3565 1438 3611 veteres
1449 3574 1561 3626 operum
1572 3562 1630 3625 eius
1649 3562 1748 3618 editio·

107 3643 159 3683 aes
171 3628 345 3683 adornarunt.
363 3628 430 3680 Nam
445 3625 555 3680 codices
565 3641 660 3680 omnes
675 3628 744 3695 typis
753 3626 820 3687 cusi,
837 3633 899 3679 aule
912 3625 1009 3679 librum
1020 3625 1095 3678 illum
1106 3626 1176 3678 hane
1187 3638 1276 3680 notam
1289 3628 1399 3681 habent.
1412 3630 1749 3703 anetenoshohesopern,

108 3700 171 3754 ull.
186 3703 282 3753 nostro
297 3697 438 3753 Beroordo
457 3699 611 3766 composito
626 3716 635 3751 :
652 3696 840 3764 proindeque
857 3705 1007 3765 sequuntur
1021 3695 1093 3749 illam
1109 3704 1210 3759 noman,
1228 3697 1256 3751 S.
1278 3699 1407 3752 heroardi
1434 3715 1494 3753 esse
1514 3714 1658 3773 negantur.
1675 3705 1751 3759 Inter

107 3768 153 3824 illa
168 3781 268 3836 autem,
280 3784 340 3838 quae
355 3768 427 3821 illius
441 3783 500 3820 esse
516 3782 660 3837 negantur,
677 3766 764 3836 primo
778 3767 839 3820 loeo
855 3768 962 3834 pontiur·
977 3765 1046 3819 liber
1056 3767 1101 3818 ille
1116 3768 1304 3837 acceptatio
1318 3771 1390 3839 frat.
1406 3772 1438 3825 de
1454 3771 1546 3825 llontr
1556 3775 1614 3828 ilci.
1634 3774 1751 3831 Codices

108 3855 172 3896 vero
184 3838 355 3906 manuscripti
369 3838 405 3892 ad
417 3854 496 3891 unum
507 3852 602 3892 omues
612 3840 774 3906 opuseulum
782 3837 847 3890 illud
858 3835 1007 3891 Guillelmo
1018 3836 1109 3891 abbati
1120 3838 1147 3893 S.
1158 3838 1318 3893 Theoderici
1327 3840 1475 3895 ascribunt.
1488 3842 1546 3896 Vidi
1558 3842 1747 3916 Signiaceuse,

107 3925 162 3982 quo
175 3920 202 3966 et
211 3927 278 3964 usus
292 3925 361 3972 sum,
377 3909 536 3980 exemplar:
554 3908 609 3962 vidi
624 3917 649 3961 et
664 3908 908 3979 Lougipoutaunm,
923 3922 957 3962 ac
971 3906 1185 3962 Caroliloceuse.
1208 3910 1332 3965 Dunense
1347 3925 1377 3964 sc
1405 3911 1504 3966 vidisse
1524 3920 1636 3969 testator
1658 3926 1751 3972 noster

107 3981 271 4053 henriquez,
283 3981 327 4034 alii
342 3980 420 4034 alia:
441 3996 501 4052 qoae
515 3981 607 4033 omnia
621 3978 795 4033 Guillelmum
811 3988 950 4046 parentem
974 3985 1125 4049 agnoscunt
1146 3980 1310 4035 Nosteritem
1339 3981 1476 4052 Maurique
1499 3986 1624 4041 eumdem
1648 3985 1751 4043 librum

107 4052 197 4110 eidem
212 4051 326 4106 Auctori
338 4051 524 4105 indubitanter
540 4050 640 4104 tribuit.
664 4049 841 4103 bellarminus
849 4048 913 4104 item
928 4054 1087 4118 opusculum
1103 4049 1194 4120 ipsum
1206 4059 1244 4104 urt
1265 4051 1389 4119 spiritum
1408 4053 1537 4108 Beruardi
1566 4055 1676 4118 habere.
1694 4074 1751 4114 noa

106 4125 208 4194 stylum
224 4122 424 4178 :communiter
442 4131 532 4176 antem
547 4122 628 4174 tribui
643 4119 798 4176 Guillelmo.
817 4124 894 4173 huon
915 4134 975 4173 mus
988 4135 1095 4189 quoque
1110 4122 1226 4189 scriptor
1234 4121 1302 4176 Vitae
1316 4121 1400 4194 ipsius
1415 4123 1563 4193 Guillelmi,
1580 4126 1609 4180 iu
1621 4129 1749 4201 catalogo

106 4209 218 4265 operum
234 4194 295 4264 ejus
309 4194 408 4248 librum
429 4192 503 4246 illnm
519 4192 556 4246 lle
568 4191 766 4246 alteralitario
781 4190 865 4259 pouit.
907 4198 977 4244 astat
992 4200 1101 4245 etvetus
1115 4191 1200 4245 codex
1210 4192 1237 4245 iu
1247 4194 1372 4248 coeuobio
1383 4194 1583 4251 S.Theodorici
1603 4200 1749 4256 continens

106 4265 263 4320 eorumdem
273 4280 385 4335 operum
401 4264 565 4333 catalogum,
581 4262 608 4314 iu
619 4262 760 4331 qnoeliam
776 4260 848 4314 idem
865 4260 943 4325 liber,
956 4276 1003 4315 seu
1018 4261 1133 4329 epistola
1145 4262 1180 4316 ad
1195 4263 1415 4320 carthusiensem
1439 4266 1551 4335 scripta,
1567 4278 1747 4326 memoratur.

104 4335 176 4393 Olim
191 4336 270 4393 otiam
286 4336 313 4389 in
328 4334 452 4390 coeoobio
468 4331 622 4387 hlautisDei
637 4332 723 4395 ipsum
740 4333 937 4412 autographum
949 4331 1086 4386 Guillelmi
1102 4333 1262 4398 habebatur,
1280 4340 1311 4388 ut
1327 4343 1488 4391 testatnsest
1502 4337 1569 4392 mihi
1584 4340 1749 4396 venerabilia

104 4407 222 4463 domnus
237 4405 377 4469 Generon,
388 4406 508 4470 ejrtsdem
523 4402 575 4456 loci
592 4401 756 4471 religiosns;
774 4418 818 4471 qui
833 4403 973 4472 exemplar
981 4402 1240 4474 exillodesrriptum
1251 4405 1343 4460 habet.
1357 4405 1490 4476 Denique,
1502 4407 1549 4477 qui
1559 4409 1658 4463 librum
1669 4410 1749 4467 illum

106 4479 224 4549 scripsit,
244 4493 308 4532 cum
324 4476 377 4528 sibi
394 4472 660 4528 vindicetduodccim
676 4474 728 4527 alia
743 4472 874 4541 opusculo
885 4473 943 4542 Jam
958 4474 1098 4533 recensita.
1114 4475 1136 4527 si
1151 4474 1247 4529 librum
1262 4475 1337 4529 illurn
1352 4476 1381 4531 S.
1396 4477 1535 4531 Beruardo
1550 4479 1703 4548 tribuimus,
1720 4485 1748 4538 ei

104 4559 185 4607 etiam
200 4547 281 4602 tribui
295 4545 438 4600 duodecim
453 4545 505 4597 aria
516 4543 644 4612 praedicta
659 4544 791 4613 opuscula
807 4544 919 4597 debent:
936 4560 996 4613 qnae
1007 4553 1097 4599 tamen
1112 4544 1250 4600 Guillelmi
1260 4562 1358 4600 uomeu
1375 4547 1530 4616 praetentat.
1543 4549 1693 4623 illiasergo
1706 4562 1749 4609 est

104 4629 131 4677 et
141 4619 284 4689 praedictus
297 4618 365 4671 liber
379 4616 417 4669 Dc
433 4616 490 4669 olto
514 4614 645 4669 solitario
655 4616 691 4670 od
707 4617 805 4669 t’otrer
819 4614 852 4669 de
862 4614 952 4669 noan
969 4616 1027 4670 hei.
1040 4615 1156 4671 Librum
1176 4617 1215 4671 lte
1228 4617 1423 4673 sacramentis
1437 4618 1545 4687 quidam
1556 4621 1685 4678 hoselmo
1703 4626 1749 4679 tri·

102 4691 198 4758 buunt,
212 4689 260 4743 sed
275 4688 421 4750 immerito,
437 4700 503 4757 quia
522 4685 666 4739 anselmus
678 4685 735 4754 jam
752 4685 866 4747 obierat,
883 4685 991 4755 quaudo
1002 4686 1091 4740 clitus
1101 4693 1141 4741 est
1151 4686 1219 4742 liber
1230 4688 1285 4743 ille.
1295 4689 1364 4743 Nam
1376 4688 1748 4751 Eadmerushnselmidisci-

102 4762 191 4832 polus,
207 4760 234 4814 io
249 4759 307 4823 eius
322 4757 392 4822 Vita,
408 4757 530 4810 altilium
544 4771 618 4809 anuo
638 4756 705 4810 1093
720 4765 838 4811 creatum
853 4758 1021 4836 episcopum,
1038 4765 1065 4811 et
1079 4756 1106 4810 in
1129 4758 1299 4828 episcopatus
1325 4760 1424 4813 vixisse
1444 4775 1529 4815 anuos
1557 4763 1602 4817 ta.
1626 4764 1749 4838 ideoque

100 4832 167 4886 obiit
182 4844 254 4885 sorio
265 4832 344 4883 ileo.
359 4831 393 4881 ht
408 4828 475 4882 liber
485 4827 573 4881 illalte
587 4842 706 4882 socrum.
719 4829 944 4892 ultorisscuptus
959 4835 1000 4881 est
1014 4838 1072 4897 post
1088 4843 1189 4882 anunm
1205 4831 1283 4884 llll.
1301 4831 1376 4884 Prior
1390 4830 1461 4884 enim
1473 4833 1623 4904 parsbujus
1637 4835 1700 4890 libri
1712 4836 1751 4894 ad

100 4902 249 4967 liopertum
263 4899 426 4953 tuitiensem
454 4907 555 4967 scripta
582 4906 633 4966 est,
662 4899 775 4968 ejusque
803 4899 888 4952 verba
916 4914 976 4968 quae
1000 4899 1133 4953 habentor
1161 4900 1206 4953 lib.
1231 4901 1303 4954 rollo
1320 4901 1412 4967 Otho..
1433 4905 1501 4967 c.9,
1518 4903 1681 4961 reiumntnr.
1713 4912 1749 4964 ht

100 4972 163 5028 libri
180 4973 216 5025 tte
231 4971 333 5039 officiis
346 4970 589 5024 scribebanturan.
609 4972 635 5021 ll
646 4970 673 5021 ll
702 4970 771 5023 Nan
789 4969 834 5024 lib.
852 4984 909 5031 arta,
923 4984 949 5024 c.
965 4970 992 5029 i.
1008 4971 1092 5023 rel'ert
1111 4969 1270 5023 miraculum
1282 4971 1340 5038 ipso
1355 4987 1400 5025 an.
1417 4971 1527 5028 lactum.
1551 4975 1615 5041 ttae,
1645 4976 1746 5049 inquit,

99 5047 198 5099 sancto
208 5041 321 5097 roncho
334 5039 459 5096 Sobhoto.
470 5054 522 5112 quo
533 5054 713 5095 cereoounos
724 5040 1086 5095 notrarornatnotttoonoa
1097 5043 1270 5095 centesimus
1279 5043 1445 5098 ondeehnos
1456 5044 1614 5114 inscriptos
1626 5052 1680 5112 eat,
1690 5058 1745 5107 etc.

99 5115 160 5170 Non
175 5114 260 5184 potuit
274 5119 362 5165 aulem
379 5111 523 5165 anselmus
537 5111 654 5164 relutare
668 5110 764 5163 librum
782 5120 842 5177 post
861 5111 922 5179 ejus
937 5120 1050 5164 mortem
1074 5120 1215 5182 scriptum.
1231 5115 1258 5167 h.
1290 5110 1439 5166 Eadmerus
1460 5114 1488 5167 iu
1508 5120 1637 5189 catalogo
1671 5134 1746 5188 ope·

98 5200 159 5240 rom
175 5183 294 5237 anselmi
306 5197 357 5236 nou
374 5181 495 5234 meminit
509 5182 587 5247 hujns
598 5180 785 5249 iusignislihri
802 5182 839 5235 lle
850 5186 1029 5236 rocrarnento
1044 5182 1148 5237 altoris
1165 5200 1174 5234 .·
1199 5197 1249 5238 cur
1262 5190 1353 5237 autem
1367 5183 1442 5237 illum
1459 5185 1596 5241 omisisset
1622 5189 1647 5241 si
1672 5191 1746 5249 huna

97 5254 241 5311 anselmus
255 5251 409 5323 scripsisset
422 5252 565 5321 ibantque
580 5251 623 5306 hic
639 5251 706 5305 liber
721 5253 746 5304 iu
764 5251 952 5318 mariuscriptis
965 5250 1110 5306 Guillelmo
1133 5253 1232 5321 passim
1251 5253 1404 5320 ascribitur,
1437 5257 1566 5313 inanimo
1592 5275 1743 5329 nunqnam.

96 5321 485 5393 Duoexemplariahahuiex
506 5321 831 5393 saepimensicieoobio:
855 5333 994 5391 utrumqne
1023 5335 1115 5378 autem
1142 5323 1284 5394 quinquies
1306 5325 1433 5394 exprimit
1461 5343 1560 5383 nomen
1596 5330 1745 5390 Gndlelmi
1799 5363 1804 5370 ·

95 5396 225 5455 auctoris.
240 5396 286 5452 Sta
300 5402 325 5449 et
340 5392 479 5462 exemplar
495 5392 664 5449 Vallisclarae.
681 5393 845 5448 lncoenobio
861 5394 925 5448 item
944 5393 1096 5464 lquiacensi
1117 5395 1191 5449 libris
1219 5396 1328 5464 huperti
1358 5396 1396 5452 hs
1424 5398 1537 5468 officiis,
1569 5401 1744 5469 premittitur

95 5465 357 5539 epistolapraadicta,
373 5478 433 5534 quis
447 5462 510 5532 eius
523 5478 645 5519 errorem
655 5463 787 5527 conlatu,
803 5470 829 5519 et
843 5462 988 5520 Guillelmo
1002 5473 1094 5520 nostro
1117 5465 1243 5521 tribuitur
1268 5466 1366 5522 eadam
1393 5469 1517 5538 emsmla.
1540 5470 1622 5529 Circa
1643 5472 1743 5547 dispa-

95 5537 225 5597 rationem
233 5535 368 5593 adrersus
378 5533 552 5592 malardum
567 5542 632 5592 nota
644 5533 838 5594 saturnalitia
851 5534 1061 5610 dspauttoosa
1077 5535 1217 5609 adamam
1231 5536 1339 5598 abbatis
1352 5537 1487 5600 adseram
1515 5540 1576 5617 (to)
1598 5544 1740 5622 modam,

132 5630 443 5711 (saturationem
464 5628 612 5689 Guillelmi.
627 5630 709 5690 Bam.
