3728 6000
120 182 173 258 'sta
622 195 814 254 aurianum
835 196 981 253 rnnsrrs
1001 194 1030 252 s.
1050 192 1271 251 rrrnonorucr
1721 192 1772 248 au

121 333 179 380 stea
193 321 398 380 circumduxisti
420 339 474 390 me,
491 329 517 379 et
531 322 655 390 docuisti,
676 330 703 379 et
726 323 866 380 custodisti
889 331 918 377 ut
931 322 959 384 A
974 337 1054 394 quem
1069 321 1091 377 si
1107 337 1245 395 negavero
1255 320 1283 374 in
1293 325 1374 383 terra,
1389 318 1475 375 timeo
1483 335 1517 374 ne
1526 325 1554 373 et
1566 316 1625 389 ipse
1634 333 1678 373 me
1689 325 1773 390 neget

120 413 251 485 pupillam
276 411 366 477 oeuli;
387 413 538 484 corripuisti
567 420 741 483 peccantem,
764 411 919 467 consolatus
972 410 1101 479 inooelis,
1119 410 1299 473 sierubuero,
1316 409 1415 479 etipse
1438 423 1483 462 ma
1505 407 1659 463 erubeseat.
1679 404 1772 475 Quem

122 518 152 557 es
166 500 322 563 dolentenr;
340 501 451 556 erudisti
464 500 638 568 nescientem,
653 501 753 556 donam
764 502 819 569 jam
835 516 919 572 prope
972 499 1094 573 prolecto
1110 499 1251 567 erubeseo,
1267 498 1331 569 quia
1346 497 1415 553 sieut
1431 496 1529 561 debeo,
1545 511 1598 551 non
1615 495 1719 551 habeo.
1737 495 1774 550 Et

122 592 157 646 ael
171 589 311 644 introitum
336 597 415 645 terrae
439 590 661 660 repromissionis
685 589 848 660 perduxisti.
869 589 920 646 Ubi
974 589 1038 662 quia
1052 590 1134 644 bodie
1145 588 1241 660 judicii
1256 588 1308 643 mei
1324 587 1381 642 dies
1393 596 1444 655 est,
1462 587 1488 640 in
1508 587 1561 643 hoe
1583 585 1677 649 etiarn,
1692 586 1772 640 olu-

122 695 182 735 eum
199 686 250 746 sto,
269 687 293 733 te
307 687 487 746 monstrante,
503 680 691 749 contemplans
706 678 817 733 delicias
840 687 920 735 terrra
974 677 1029 733 deu
1041 678 1133 732 cordis
1147 679 1210 742 mei,
1225 676 1319 746 judica
1338 693 1382 731 me
1403 675 1485 732 bodie
1494 696 1502 741 ;
1518 682 1545 729 et
1559 674 1685 729 discerne
1700 687 1769 730 cau-

122 768 282 833 virentium,
298 775 325 822 et
339 767 469 822 recordor
482 768 553 839 quor]
570 768 656 838 lloysi
671 768 772 822 dictum
789 775 854 824 est:
874 770 918 825 Vi·
974 782 1031 823 sem
1057 782 1155 832 meam,
1180 774 1268 821 utrum
1289 782 1353 822 vere
1374 773 1516 836 patronum
1539 763 1665 830 habeam,
1690 778 1771 834 quem

123 857 197 913 debis
213 873 286 923 corn,
302 860 330 911 et
341 857 630 925 eroralrrtrrrbistlleul.
641 858 757 927 xxxrt);
775 864 848 911 totus
859 859 921 912 hor·
975 857 1126 929 pretende.
1143 856 1201 912 lloc
1216 863 1255 910 est
1269 854 1340 910 enirn
1361 854 1389 909 in
1413 870 1467 925 quo
1490 853 1529 908 sic
1550 852 1650 924 caligat
1672 851 1771 907 mentis

122 960 184 1000 rore
199 945 383 1000 concutior.Si
408 945 481 999 enirn
507 947 558 1000 lroc
581 945 626 999 ille
649 945 742 1000 audire
767 946 864 1000 meruit
885 946 922 1000 ob
975 961 1043 1001 meae
1060 946 1182 1013 intuitus,
1203 952 1232 999 ut
1255 944 1363 1016 penitus
1387 942 1509 998 haesitem
1530 957 1564 996 an
1588 940 1682 996 videar
1704 940 1771 995 mihi

120 1033 497 1105 uniuspercatiexcessun13
516 1033 583 1106 quid
605 1034 746 1088 auditurus
771 1050 833 1089 sum
858 1049 920 1105 ego,
976 1034 1067 1093 videre
1088 1033 1160 1104 quod
1180 1049 1233 1088 non
1253 1032 1369 1101 videam,
1393 1048 1426 1087 an
1449 1047 1503 1087 non
1520 1030 1612 1086 videre
1632 1029 1703 1100 quod
1726 1029 1771 1083 vi-

56 1138 59 1143 ·
121 1123 166 1195 qui
179 1129 218 1177 tot
233 1132 259 1177 et
275 1130 346 1176 tanta
374 1131 485 1192 peccata
514 1138 575 1176 mea
595 1122 676 1177 hodie
700 1123 762 1193 ipse
786 1138 875 1178 coram
896 1130 923 1177 te
976 1123 1068 1178 deam.
1090 1121 1265 1178 Certissimus
1287 1122 1388 1192 qnippe
1413 1120 1479 1175 mihi
1502 1135 1563 1176 esse
1588 1116 1771 1187 videorquod

121 1211 257 1266 delaturus
272 1211 355 1264 sum?
370 1209 470 1266 Omnia
485 1220 575 1266 tamen
594 1210 685 1280 hodie,
697 1220 723 1267 et
743 1228 803 1281 quae
819 1226 924 1266 memo·
977 1227 1096 1268 amorem
1119 1221 1193 1266 tuum
1217 1227 1325 1281 semper
1348 1225 1431 1265 amo:
1455 1209 1597 1275 intantum,
1621 1214 1649 1262 ut
1667 1206 1772 1263 afficiar

119 1301 160 1356 ria
177 1308 255 1356 teneo
270 1310 295 1355 et
311 1316 371 1371 qure
386 1316 451 1364 non,
469 1301 543 1355 mala
564 1316 624 1356 mea
647 1301 793 1372 praeterito,
811 1309 837 1356 et
860 1318 922 1356 me·
976 1302 1195 1375 quotiescunque
1216 1300 1252 1356 do
1272 1315 1304 1354 eo
1327 1298 1370 1354 vel
1394 1298 1551 1366 admoneor,
1567 1297 1610 1354 vel
1630 1296 1772 1352 recordor.

120 1388 173 1444 rita
187 1405 279 1444 eorum
295 1404 348 1442 non
365 1389 512 1459 praeterita,
529 1389 601 1444 sicus
616 1406 707 1444 coram
725 1400 751 1444 te
765 1397 864 1456 sunt,0
877 1406 923 1445 ve·
978 1391 1018 1446 De
1034 1397 1059 1444 te
1073 1397 1165 1445 autem
1180 1405 1288 1460 semper
1312 1405 1373 1444 eum
1393 1387 1531 1456 recordor,
1548 1385 1590 1441 vel
1611 1385 1771 1452 admoneor,

122 1479 200 1545 ritas,
217 1478 298 1533 etiam
315 1493 358 1532 me
375 1485 489 1546 tacente,
506 1478 545 1532 sic
565 1478 922 1547 liodiecoramteveniant,
977 1486 1005 1535 et
1031 1494 1085 1534 non
1113 1494 1237 1545 moveor,
1254 1492 1307 1533 non
1337 1475 1545 1542 afficior,timeo
1571 1475 1635 1547 qnia
1661 1472 1773 1529 forsitan

123 1583 167 1621 roe
182 1564 340 1621 confitente.
356 1566 410 1621 Sed
425 1565 599 1636 proferantur
620 1567 696 1636 quasi
713 1567 741 1620 in
768 1567 922 1622 fasciculum
977 1582 1031 1622 non
1046 1583 1155 1638 semper
1182 1573 1209 1621 tc
1237 1581 1331 1621 amere
1358 1565 1513 1630 convineor,
1530 1580 1590 1619 cum
1620 1562 1719 1632 ubique
1746 1570 1773 1616 et

122 1671 206 1710 unum
221 1655 256 1711 ad
271 1655 505 1717 comburendum;
522 1655 577 1711 imo
601 1655 628 1711 in
653 1656 752 1711 tascern
777 1656 920 1727 grandem,
936 1681 963 1744 Β
977 1656 1096 1725 undique
1109 1655 1252 1711 verberent
1266 1654 1310 1710 vel
1333 1655 1451 1709 excitent
1474 1654 1501 1707 in
1525 1654 1578 1708 hoe
1601 1651 1774 1707 stoliditatem

122 1752 148 1800 et
162 1743 361 1815 importabilem
374 1759 381 1812 ;
399 1744 422 1798 si
438 1760 491 1800 non
506 1744 604 1816 estqui
619 1744 737 1812 adjuvet.
753 1745 815 1799 Non
829 1745 922 1800 discu-
977 1760 1104 1800 sensuum
1128 1759 1249 1799 meorum
1269 1744 1349 1814 signa
1365 1741 1583 1814 praesentissimae
1596 1739 1725 1812 potentiae
1747 1745 1774 1793 et

123 1833 162 1888 tio
178 1848 220 1900 ea,
238 1849 292 1888 non
309 1833 460 1897 dinumero,
478 1849 526 1888 nee
542 1833 615 1888 enim
631 1849 743 1904 possum
761 1834 827 1888 :sed
839 1849 922 1906 ‹quan-
976 1834 1106 1889 bonitatis
1130 1841 1191 1890 tuae.
1216 1833 1239 1889 0
1261 1833 1308 1888 lux
1332 1832 1465 1896 veritatis,
1489 1830 1583 1901 disjice
1611 1830 1677 1884 mihi
1691 1828 1773 1883 hodie

125 1930 291 1994 tumcuuque
307 1921 349 1976 rel
365 1922 611 1994 quomodocunque
627 1938 720 1976 rerum
735 1929 787 1988 est,
805 1939 848 1978 me
873 1938 920 1978 co·
977 1923 1105 1978 tenebras
1123 1922 1200 1987 istas,
1224 1929 1252 1977 et
1272 1921 1388 1977 dissolve
1408 1919 1566 1990 caliginem.
1592 1919 1657 1976 Ciba
1680 1934 1723 1973 me
1746 1916 1774 1970 in

123 2027 181 2066 ram
198 2019 221 2065 te
237 2026 378 2081 peccasse,
396 2025 412 2065 o
429 2011 533 2065 Veritas
551 2029 557 2065 :
573 2011 641 2065 sicut
656 2027 699 2065 me
715 2012 769 2066 scis
791 2020 922 2082 peccato·
976 2011 1028 2068 hoe
1043 2027 1113 2083 pane
1128 2011 1188 2066 vitae
1204 2019 1231 2066 et
1244 2011 1405 2079 intellectus,
1421 2018 1448 2065 et
1467 2018 1529 2081 pota
1543 2023 1615 2079 aqua
1636 2007 1774 2078 sapientiae

123 2115 193 2165 rem,
210 2100 248 2154 sio
262 2115 306 2153 me
321 2115 383 2154 esse
398 2098 539 2155 confiteor.
551 2099 650 2155 Nullus
673 2099 740 2154 mibi
764 2116 795 2155 ea
810 2100 921 2172 leviget,
976 2101 1113 2156 salutaris.
1129 2100 1236 2156 Etenim
1262 2100 1289 2155 in
1311 2099 1487 2172 intelligendo
1509 2115 1569 2170 quae
1592 2107 1637 2152 tua
1658 2105 1732 2163 sunt,
1748 2106 1775 2153 et

123 2189 215 2244 nullus
230 2191 377 2260 exaggeret
392 2206 399 2254 ς
417 2187 506 2242 nullus
522 2188 636 2253 minuat,
648 2188 922 2260 nullusmultiplieet·,
977 2189 1053 2246 cibus
1067 2198 1106 2245 est
1121 2198 1147 2245 et
1162 2197 1250 2260 potus,
1268 2188 1332 2259 quia
1352 2197 1414 2243 sunt
1438 2189 1464 2242 in
1485 2187 1583 2257 quibus
1604 2185 1727 2241 tenendis
1749 2193 1776 2243 ct

124 2292 176 2333 nec
190 2283 302 2350 egomet
313 2276 389 2332 mibi.
407 2276 504 2331 Coram
519 2284 545 2331 te
560 2277 643 2343 enirn,
661 2278 746 2346 Deus,
760 2295 806 2333 res
820 2278 922 2351 agitur.
978 2279 1055 2349 quasi
1070 2279 1246 2334 masticandis
1261 2293 1420 2334 exercemur
1441 2284 1468 2331 et
1490 2277 1646 2331 laboramus
1665 2292 1671 2329 :
1695 2290 1773 2345 quae·

123 2367 185 2421 Non
206 2381 316 2435 parcam
333 2366 416 2428 milri;
433 2374 459 2420 tu
476 2380 568 2436 parce,
587 2366 712 2421 Domine.
730 2367 924 2422 Verumtamen
977 2368 1041 2423 dam
1064 2373 1169 2434 autem,
1192 2366 1268 2438 quasi
1290 2373 1379 2437 potus,
1404 2367 1480 2423 sicut
1499 2373 1565 2420 sunt
1586 2371 1733 2432 transeunt,
1749 2369 1775 2418 et

124 2470 180 2510 non
194 2454 233 2509 sic
247 2468 353 2524 parcas,
371 2462 399 2507 ut
411 2469 444 2509 en
459 2456 510 2509 bac
530 2453 575 2509 die
598 2454 742 2510 arbitreris
766 2471 810 2511 me
832 2456 924 2511 inimi·
979 2472 1028 2513 suo
1043 2456 1126 2511 nrodo
1142 2471 1193 2511 nos
1207 2454 1341 2511 reficiunt.

126 2558 187 2598 cum
212 2550 297 2610 tnunr,
321 2549 347 2596 et
368 2541 472 2597 scribas
496 2550 590 2598 contra
608 2559 653 2598 me
674 2544 867 2599 amaritudines
890 2543 925 2600 ad
1015 2545 1082 2600 Cum
1099 2544 1170 2599 enirn
1185 2561 1307 2599 amorem
1325 2550 1399 2599 tuum
1415 2558 1464 2615 per
1485 2542 1650 2598 intellectum
1675 2540 1775 2613 queri-

126 2631 342 2689 eonsumendum
356 2647 401 2686 me
416 2631 574 2701 inpeccatis
589 2634 735 2703 praeteritae
757 2633 818 2688 vitae
840 2649 921 2691 rneae.
979 2648 1052 2699 mus,
1068 2640 1095 2689 et
1109 2649 1300 2703 nonnunquam
1316 2633 1477 2699 invenimus,
1495 2632 1554 2702 ipsc
1568 2639 1606 2687 est
1621 2630 1698 2702 panis
1715 2629 1777 2685 vitae

126 2720 421 2786 Ocustoslrominum,
439 2736 474 2775 ne
500 2735 588 2790 ponas
612 2738 656 2776 me
680 2721 795 2777 ulterius
815 2731 925 2778 contra·
979 2721 1143 2779 confirmans
1167 2738 1214 2778 eor
1237 2721 1375 2777 hominis:
1392 2737 1472 2793 quem
1494 2736 1568 2791 saepe
1592 2736 1653 2776 cum
1675 2732 1777 2790 magno

124 2808 266 2875 riumtibi,
282 2809 309 2863 in
325 2824 378 2881 quo
394 2809 473 2863 nimis
488 2809 577 2864 lactus
593 2825 655 2864 sum
671 2811 845 2881 mihimetipsi
860 2828 925 2884 gra·
979 2810 1073 2865 labore
1095 2811 1252 2884 quaerimus,
1278 2811 1430 2881 priusquam
1459 2810 1620 2877 habeamus,
1643 2822 1723 2878 quem
1750 2806 1777 2860 in

125 2898 187 2961 vis;
204 2897 253 2953 sed
275 2897 339 2952 tolle
362 2904 502 2967 peecatum
526 2913 628 2965 meum,
645 2899 717 2971 quod
739 2899 833 2954 dividit
856 2900 927 2955 inter
980 2915 1089 2972 poenam
1118 2901 1221 2971 peceati
1247 2899 1313 2955 Adeo
1340 2899 1479 2955 vescimur
1505 2899 1533 2951 in
1563 2897 1662 2952 sudore
1690 2895 1778 2951 vultus

125 3003 169 3042 me
184 2996 210 3042 et
225 2994 260 3041 te.
278 2986 306 3042 Si
322 2985 451 3058 ignoscis,
467 2986 593 3055 Domine,
611 2987 723 3060 ignosce
740 3030 747 3058 ,
764 2988 787 3042 si
797 2989 926 3059 placetti-
980 2991 1075 3045 nostri.
1102 2989 1254 3061 Aliquando
1278 3004 1345 3044 vero
1377 2988 1492 3059 Spiritus
1514 2995 1577 3041 tuns
1599 2985 1645 3041 ubi
1668 2983 1735 3052 vult,
1752 2995 1778 3042 et

125 3076 153 3131 bi
168 3075 272 3142 ulcisci,
288 3083 381 3146 elego
396 3072 624 3132 ulciscartccum.
640 3076 829 3133 Verumtamen
844 3038 965 3148 plagaC
983 3078 1091 3150 quando
1112 3079 1179 3147 vult,
1195 3079 1287 3150 spiret,
1305 3084 1330 3132 et
1358 3076 1460 3131 amoris
1488 3075 1525 3130 tui
1552 3075 1667 3148 gratiam
1696 3071 1778 3128 nobis

124 3163 227 3220 inimici
253 3179 287 3218 ne
308 3172 432 3219 conteras
455 3179 509 3218 me.
535 3163 670 3233 Quoniam
692 3180 744 3238 ego
767 3167 796 3219 in
818 3166 927 3238 flagella
982 3168 1084 3239 aspirat
1101 3185 1107 3222 :
1124 3183 1219 3223 vocem
1235 3167 1299 3237 ejus
1314 3164 1448 3233 audimus,
1465 3165 1529 3236 quia
1545 3179 1653 3219 sensum
1676 3161 1777 3217 amoris

125 3267 224 3308 manus
248 3261 300 3307 tuae
322 3260 442 3322 paratus,
460 3259 487 3307 et
509 3252 588 3307 dolor
612 3269 690 3307 rneus
724 3254 774 3309 erit
807 3255 834 3308 in
859 3269 927 3310 con·
983 3257 1147 3328 accipimus;
1166 3255 1363 3311 sedneseirnus
1381 3271 1416 3308 ex
1437 3251 1701 3324 quomisarieordiae
1725 3258 1779 3304 ture

126 3349 218 3413 spectu
253 3349 299 3396 tuo
332 3356 448 3411 semper.
474 3340 608 3409 Quoniam
637 3340 805 3414 iniquitatem
838 3357 927 3398 nream
979 3345 1082 3415 iudicio
1096 3345 1195 3409 veniat,
1213 3353 1238 3400 et
1253 3360 1306 3416 quo
1317 3343 1430 3413 justitiae
1444 3341 1612 3412 tnaejudicio
1632 3338 1778 3411 aliquando

126 3430 292 3486 annuntiabo
308 3437 334 3484 ct
349 3428 479 3502 cogitabo
504 3445 550 3485 me
571 3429 626 3500 pati
649 3446 698 3502 pro
721 3439 835 3503 peccato
856 3447 926 3487 meo.
982 3433 1100 3498 dulcius,
1117 3433 1264 3506 aliquando
1280 3432 1367 3487 levius
1390 3431 1467 3502 quasi
1488 3429 1618 3485 salutatos
1641 3444 1692 3484 nos
1712 3443 1778 3499 per-

127 3519 191 3576 Non
212 3519 283 3574 enim
308 3517 390 3574 credo
417 3534 461 3574 me
489 3519 616 3573 manibus
638 3519 765 3575 inimici:
793 3520 844 3576 sed
867 3537 929 3575 eum
982 3529 1116 3577 transeat.
1133 3521 1194 3592 lpse
1213 3530 1254 3576 est
1275 3530 1361 3592 potus.
1377 3520 1441 3575 Ciba
1465 3536 1509 3573 me
1529 3517 1610 3573 bodie
1632 3532 1702 3589 pane
1722 3526 1778 3581 tuo,

22 3590 33 3689 1
126 3606 202 3664 omni
215 3605 314 3660 fiducia
329 3605 381 3659 tuis
396 3620 439 3659 me
460 3606 609 3675 committo,
628 3622 696 3678 quas
711 3608 810 3664 erebro
825 3624 929 3680 exper·
984 3611 1029 3682 qui
1045 3611 1089 3663 dat
1106 3611 1207 3664 mundo
1222 3611 1319 3675 vitum,
1335 3617 1362 3664 et
1375 3609 1409 3663 <le
1424 3609 1467 3664 his
1481 3623 1542 3678 qnae
1560 3607 1596 3662 de
1617 3621 1710 3661 amore
1734 3613 1779 3659 tuo

127 3701 172 3749 tus
187 3709 258 3748 sum.
276 3691 367 3760 Quare
382 3708 445 3748 cum
460 3709 512 3748 una
534 3710 577 3750 me
598 3695 725 3765 percutit,
741 3696 829 3751 altera
853 3696 929 3751 blan·
984 3715 1088 3772 quaero,
1105 3707 1131 3754 et
1145 3698 1259 3754 solidior
1279 3698 1345 3753 mihi
1365 3698 1442 3752 detur
1462 3695 1629 3758 intellectus;
1646 3702 1672 3749 et
1685 3692 1781 3767 gratiae

131 3782 308 3837 diturteum
325 3796 376 3835 urta
392 3781 493 3850 dejicit,
510 3783 595 3838 altera
608 3783 735 3854 supponil
750 3800 788 3844 se.
801 3801 835 3840 tte
850 3785 930 3841 colii·
984 3797 1037 3844 tuae
1061 3788 1203 3854 suavitate,
1233 3788 1303 3843 sicut
1331 3794 1395 3858 potu
1422 3785 1542 3850 salutari¹
1573 3784 1663 3841 cibum
1691 3783 1780 3852 ipsum

128 3872 188 3928 dar.
219 3868 272 3926 Sed
301 3869 444 3939 aliquando
473 3870 554 3925 etiarn
577 3887 658 3942 super
670 3872 737 3927 iram
756 3872 930 3930 inimicorum
984 3877 1081 3932 ordina
1105 3886 1131 3932 et
1158 3875 1294 3941 moditiea,
1325 3893 1359 3931 ne
1390 3875 1479 3930 minus
1510 3889 1638 3945 capacem
1670 3885 1780 3927 sensum

133 3958 259 4015 extendis
274 3973 387 4012 manum
399 3965 483 4020 tuam,
500 3959 612 4031 grauius
624 3960 727 4015 seriens
742 3976 822 4032 quem
846 3961 930 4034 quili-
984 3981 1074 4022 meum
1090 3965 1170 4021 laedat
1184 3966 1272 4037 potins
1295 3980 1375 4037 quam
1398 3964 1533 4020 confortet
1555 3962 1632 4017 cibus
1654 3960 1779 4016 solidior.

130 4047 330 4113 betinimicus,
360 4063 422 4102 curn
449 4047 534 4103 iratus
561 4050 699 4105 avertisa
727 4049 807 4105 nobis
834 4051 930 4106 faeiem
984 4054 1097 4124 Quaero,
1114 4055 1343 4122 Domine,utrum
1363 4054 1478 4108 trabeam
1498 4067 1621 4106 amorem
1640 4058 1728 4104 tuum.
1752 4049 1782 4104 Si

131 4144 205 4192 luam
218 4151 226 4206 3
238 4142 265 4190 ⁰¹
292 4134 323 4189 fll
338 4135 417 4190 ¹1⁰bl⁵
432 4137 530 4192 ⁰oe¹¹1m
546 4153 664 4203 aesseffltt·
681 4145 707 4194 et
730 4145 802 4195 terra
823 4139 928 4206 serrea3
984 4145 1115 4200 invenero
1130 4160 1173 4199 me
1188 4143 1300 4209 habere,
1315 4143 1368 4198 boc
1386 4150 1428 4197 est
1444 4141 1471 4195 in
1498 4155 1552 4210 quo
1575 4138 1636 4195 solo
1658 4138 1782 4193 laudatur

133 4223 362 4290 ctduraomnia,
387 4232 413 4279 et
430 4225 502 4280 mala
522 4227 627 4292 omnia,
644 4243 704 4297 quae
729 4226 788 4282 lieri
803 4227 888 4282 solent
903 4231 930 4284 in
984 4233 1074 4287 anima
1102 4249 1172 4300 mea,
1193 4237 1220 4288 et
1248 4232 1338 4304 placet
1366 4231 1449 4300 milri;
1472 4229 1511 4284 sin
1536 4237 1637 4296 autem,
1657 4227 1721 4283 odio
1739 4234 1783 4282 est

132 4313 273 4370 aversione
285 4312 371 4367 vultus
387 4312 435 4369 tui.
454 4313 566 4383 Propter
582 4330 684 4371 nornen
701 4325 785 4381 tuum,
803 4317 928 4384 Domine,
984 4323 1063 4387 mitit,
1079 4330 1106 4377 er
1120 4322 1185 4377 nihil
1201 4329 1242 4376 est
1266 4321 1337 4391 quod
1357 4335 1456 4383 amem,
1474 4335 1533 4374 eum
1558 4317 1691 4387 meipsum
1713 4314 1783 4370 odo·

131 4405 161 4459 in
172 4402 223 4458 hoc
238 4417 318 4474 parce
333 4418 412 4458 servo
435 4410 490 4458 tuo.
508 4401 645 4472 Quantum
660 4404 704 4459 vis
725 4405 844 4478 flagella,
865 4406 928 4461 dum
944 4394 972 4457 D
985 4412 1047 4466 rim.
1064 4411 1157 4466 Sentio
1176 4419 1202 4466 et
1217 4411 1350 4466 eonltteor
1364 4409 1465 4463 trabere
1480 4423 1523 4462 me
1538 4421 1661 4461 amorem
1678 4403 1782 4459 amoris

132 4506 241 4562 semies
263 4490 402 4545 illumines
416 4491 519 4546 ruitum
535 4500 608 4547 tunm
624 4509 706 4564 super
726 4509 787 4559 ¹1⁰5.
808 4503 834 4549 et
849 4495 930 4550 mise·
987 4500 1034 4567 tui,
1051 4499 1078 4553 in
1094 4507 1197 4554 tanturn
1219 4506 1248 4553 ut
1270 4497 1383 4553 omnino
1407 4496 1458 4551 nisi
1479 4496 1506 4550 in
1525 4497 1586 4565 ipso
1604 4493 1647 4549 vel
1671 4500 1784 4564 propter

129 4580 217 4638 realis
233 4579 328 4635 ⁰⁰⁵²fi·
358 4579 552 4635 verumtamen
581 4582 712 4637 D⁰ffllss118
739 4582 869 4638 ultionum
892 4600 930 4648 0³.
986 4589 1073 4659 ipsum
1089 4589 1127 4643 nil
1140 4603 1231 4644 arnare
1249 4586 1340 4653 velim,
1357 4601 1408 4641 nec
1420 4586 1551 4655 meipsum
1568 4602 1574 4638 :
1591 4582 1669 4652 cujus
1685 4581 1781 4636 taciem

129 4666 216 4720 libere
231 4679 317 4737 agens
343 4663 371 4718 in
387 4663 556 4719 remittendis
571 4665 610 4720 eis
640 4665 682 4720 vel
699 4665 861 4739 levigandis.
879 4669 931 4723 De·
985 4684 1014 4733 ut
1026 4677 1105 4748 plone
1119 4691 1241 4731 mererer
1255 4675 1399 4747 inspicere,
1415 4674 1442 4729 jn
1461 4673 1538 4743 cujus
1552 4670 1654 4726 lumine
1667 4677 1696 4725 ur
1719 4683 1782 4723 ma.

129 4753 236 4810 ⁰¹¹¹¹³⁵²i
251 4753 322 4807 enim
338 4750 366 4806 in
380 4759 404 4807 ¹⁰
431 4753 501 4807 “¹³¹³
518 4754 711 4810 “⁰⁵1ffl20150
740 4757 870 4826 Pfl⁵⁸l⁰1¹⁰
885 4764 929 4811 ¹¹¹⁸
984 4767 1083 4821 niseste
1095 4764 1377 4829 merererambulare,
1392 4771 1418 4818 et
1440 4763 1492 4817 frui
1513 4762 1574 4832 ejus
1596 4759 1710 4826 deliciis,
1727 4774 1782 4814 non

132 4842 278 4899 ⁰¹⁵0¹V⁸¹1³
293 4856 353 4912 ‘luae
368 4857 421 4896 ¹¹0ss
437 4842 562 4912 rapuistis
581 4844 684 4914 [tarasii
699 4844 725 4898 5¹¹
738 4845 843 4913 ι’ΰῦῑθῑθ
859 4847 929 4900 thm-
984 4870 1106 4911 curarem
1123 4853 1229 4924 penitus
1251 4852 1388 4925 quomodo
1404 4866 1454 4922 pro
1470 4852 1529 4920 ipso
1555 4846 1598 4904 vel
1620 4847 1647 4902 in
1668 4855 1782 4902 mortem

45 4986 48 4991 .
131 4956 196 4995 num
211 4945 296 5004 tuum,
309 4944 337 4991 ut
350 4935 593 5008 injustejudicatus
599 4939 675 5010 juste
687 4941 825 5011 judicatos
839 4940 928 4997 absol·
983 4945 1027 4999 vel
1041 4944 1069 4998 in
1086 4942 1168 4998 vitam
1184 4942 1277 4998 darem
1300 4942 1448 5011 meipsum.
1470 4941 1592 4994 llaeoest
1613 4936 1782 4992 conscientia

129 5033 526 5104 vesintuajustitia.lndieia
544 5047 681 5109 ergotua,
712 5038 829 5093 Domine
844 5038 926 5109 adju·
982 5047 1043 5087 mea
1065 5047 1158 5087 coram
1179 5040 1274 5087 vocata
1295 5040 1322 5087 et
1345 5031 1468 5087 discusse
1486 5030 1514 5083 in
1536 5026 1636 5082 lumino
1661 5023 1782 5081 veritatis

127 5136 297 5198 vabnntme,
328 5137 356 5186 et
372 5131 488 5202 aspicies
515 5133 542 5188 in
558 5150 601 5189 me
624 5135 772 5192 secundum
794 5135 926 5206 J'udicium
981 5140 1044 5197 tue,
1061 5130 1196 5201 intrepide
1220 5131 1283 5185 milii
1309 5130 1342 5185 de
1366 5144 1458 5184 amore
1486 5125 1586 5182 amoris
1611 5123 1650 5179 tui
1675 5123 1782 5178 videtur

128 5230 298 5304 diligentium
314 5243 414 5284 nomen
435 5238 519 5299 tuum,
537 5231 607 5288 sicut
633 5233 759 5302 judicasti
782 5234 926 5305 aliqnando
980 5234 1157 5305 respondere.
1172 5233 1213 5287 De
1236 5238 1264 5286 te
1287 5238 1388 5294 autern,
1405 5235 1494 5281 utrum
1516 5239 1624 5294 semper
1648 5229 1673 5276 te
1698 5228 1778 5284 amet,

127 5329 163 5385 de
176 5327 328 5400 peceatrice
345 5334 371 5382 ta
399 5336 518 5384 amante.
544 5330 739 5387 Dimittuntur
766 5332 926 5403 ciperente
980 5337 1007 5387 et
1029 5328 1095 5385 satis
1117 5337 1198 5394 aurel,
1213 5326 1383 5399 respondero
1405 5321 1520 5395 trepidat
1545 5321 1573 5375 in
1595 5318 1697 5390 judicio
1722 5324 1778 5372 tuo.

127 5428 231 5493 multo,
252 5427 385 5498 quoniam
407 5426 512 5484 dilexit
536 5431 661 5486 nrultum
678 5430 755 5501 (luc.
780 5430 840 5498 vu).
863 5429 925 5500 lpse
978 5429 1109 5485 Amorem
1139 5426 1239 5499 quippe
1266 5431 1342 5479 tuum
1370 5422 1525 5493 ubicunque
1563 5419 1590 5473 in
1617 5430 1780 5487 quocunque

128 5539 206 5580 arnor
221 5534 286 5580 teus
300 5524 333 5579 sit
347 5522 412 5579 mitri
428 5523 508 5581 bodie
532 5527 559 5582 in
583 5542 666 5584 causo
689 5542 748 5584 mea
768 5533 921 5597 patronus:
978 5523 1085 5595 videro,
1110 5531 1137 5581 et
1163 5523 1242 5595 signa
1269 5520 1327 5592 ojus
1354 5517 1501 5588 evidentia,
1526 5521 1600 5575 totus
1622 5514 1779 5576 hilaresco,
