3728 6000
141 274 193 334 tert
647 270 835 336 durttnttrt
855 270 1001 335 thuanis
1020 272 1049 334 S.
1069 272 1286 336 THEODODiCi
1737 278 1790 340 496

139 404 185 475 qui
210 409 272 457 sunt
293 402 352 471 ejus
377 402 415 473 (ff
437 400 507 459 Tim.
525 404 569 474 11).
597 424 607 451 n
636 401 664 459 Si
683 402 837 475 cognoscis,
862 406 932 461 scito
946 401 974 464 A
989 418 1120 460 reserare
1135 420 1142 459 :
1160 412 1185 460 et
1201 404 1226 458 ia
1242 419 1296 474 qno
1316 404 1461 476 plurimum
1477 421 1575 478 sapere
1594 406 1645 462 sibi
1668 406 1789 474 videtur,

42 484 45 489 ’
140 492 203 563 qnia
217 492 387 564 precognite
408 507 458 557 es;
482 490 505 545 si
525 491 613 562 eligis,
629 491 698 547 scito
713 492 779 562 quia
793 492 879 548 electa
893 509 934 559 es,
991 491 1133 562 amplioris
1156 508 1216 548 enm
1238 493 1376 566 redarguit
1399 494 1572 568 insipientie,
1589 496 1740 568 periculum
1765 497 1791 551 ei

138 579 162 634 si
173 579 272 646 credis,
288 579 314 633 in
332 580 383 635 hoc
398 595 428 634 es
448 587 561 649 erente;
578 580 601 635 si
619 595 702 647 nanas,
720 580 747 634 in
762 581 814 636 hec
831 595 861 636 es
878 580 935 637 for-
989 579 1051 636 vitae
1066 580 1230 637 denuntians
1248 591 1273 636 et
1288 583 1391 637 amaris
1414 583 1627 649 detrimentum
1644 584 1722 654 cnjus
1744 584 1790 640 di-

138 676 222 723 mnte.
239 668 360 738 Cumque
384 668 411 722 in
434 669 486 724 hoc
501 676 527 724 te
551 659 674 740 Sponsus
693 667 791 733 effecit,
808 668 887 725 cubat
908 669 937 724 in

49 816 53 823 ,
137 763 183 825 te;
199 772 260 811 cum
275 755 301 812 in
317 758 368 813 hoc
383 765 409 812 tc
430 755 523 826 efficit,
540 758 678 815 accumbis
692 774 754 814 cum
769 773 812 823 eo,
829 765 857 813 et
878 759 936 829 ipse

139 845 225 918 pascit
240 853 277 901 te.
301 845 396 918 Ibique
421 848 448 901 tc
470 845 549 903 docet
575 847 745 918 experientia
772 847 882 902 luminis
910 853 936 903 et

139 934 252 990 ferroris
274 934 429 1000 meridiani,
445 950 505 990 cnm
526 936 552 990 in
567 934 669 991 lumine
689 934 738 991 Dei
761 935 869 991 videtur
891 935 935 990 fu-

137 1038 219 1093 men,
235 1039 296 1079 cnm
310 1023 344 1078 da
361 1023 549 1097 magnitudine
565 1038 598 1080 ac
616 1023 729 1095 puritate
744 1025 843 1080 amoris
857 1024 935 1079 testi-

138 1113 259 1168 monium
275 1112 399 1183 perhibet
413 1113 591 1170 conscientiae
609 1113 729 1169 hominis
743 1113 860 1184 Spiritus
874 1128 936 1167 san·

136 1209 205 1267 ctus,
224 1200 295 1272 qnod
310 1201 344 1255 sit
358 1199 429 1255 filius
444 1202 505 1257 Dei.
520 1224 531 1252 a
543 1202 631 1258 Nemo
641 1203 715 1257 enim
728 1201 801 1257 novit
816 1203 934 1266 Patrem,

139 1289 192 1345 nisi
218 1289 310 1356 Filius,
332 1297 358 1345 et
384 1289 428 1346 cni
446 1289 504 1361 ipsc
531 1291 644 1347 voluerit
672 1290 795 1347 revelare
825 1291 933 1364 (haefth.

136 1380 214 1450 xil.»
240 1378 332 1433 Solum
355 1379 453 1434 etenim
473 1379 565 1434 lumen
580 1379 668 1435 vultus
691 1380 741 1436 Dei
762 1380 841 1436 docet
864 1380 933 1450 hoc;

138 1483 236 1524 sensns
255 1468 327 1535 vitm,
345 1468 379 1523 de
392 1467 668 1538 spirituritaeindicnt
683 1468 757 1538 hoc;
780 1470 867 1541 gretia
885 1485 934 1540 pro

136 1557 239 1631 gratia;
254 1572 355 1629 magne
366 1556 455 1611 fruitio
466 1555 564 1611 summi
578 1556 641 1612 boni
655 1573 703 1628 pro
713 1557 827 1628 praemio
841 1558 934 1629 magni

141 1645 277 1701 desiderii.
290 1646 347 1701 Nec
361 1660 480 1717 anquam
497 1645 587 1700 enimn
601 1661 631 1701 se
646 1645 871 1719 cognoscit,qnid
886 1647 932 1713 sit,

137 1733 203 1807 quid
218 1734 314 1807 possit,
324 1734 374 1789 nisi
387 1751 447 1790 eum
459 1735 485 1788 in
497 1735 538 1789 his
553 1751 583 1789 ss
594 1736 713 1805 ias’enit3
731 1751 780 1791 nec
794 1736 859 1790 libet
872 1751 931 1791 eam
946 1758 974 1820 Β

135 1823 227 1894 aliquo
251 1823 345 1895 egredi
370 1838 386 1878 a
410 1839 449 1888 se,
466 1823 584 1895 quandiu
608 1823 634 1877 in
657 1823 699 1878 his
721 1823 803 1879 datur
820 1823 872 1879 frui
889 1840 931 1879 se.

990 669 1068 724 vitiae
1096 669 1268 725 solummodo
1296 671 1419 742 rennuit,
1441 679 1467 728 et
1491 674 1592 746 refugit
1616 671 1789 730 exercitium.

990 757 1066 814 Solet
1078 758 1176 830 qnippe
1192 761 1250 814 baec
1265 760 1363 815 mentis
1376 760 1480 816 incuria
1495 769 1603 818 teneros
1617 770 1645 817 et
1666 763 1792 819 incantos

988 845 1176 916 incipientium
1197 846 1302 903 animos
1324 848 1476 916 involvere,
1493 858 1519 905 et
1537 866 1554 907 a
1569 849 1622 906 fano
1643 850 1791 921 perfectio·

990 936 1032 990 nis
1047 936 1216 1008 prarperlire;
1240 936 1301 1006 quie
1315 953 1376 992 erran
1392 939 1434 993 vel
1448 938 1547 994 inviter
1570 938 1717 1011 degustare
1731 953 1791 994 coe·

989 1023 1077 1094 pariat
1093 1038 1179 1079 nores
1192 1025 1426 1096 contemplationis
1442 1028 1597 1095 suavitates,
1613 1035 1639 1082 et
1653 1025 1791 1083 dulciores

989 1110 1184 1183 experientias,
1201 1113 1328 1169 continuo
1352 1114 1507 1170 decertandi
1526 1130 1590 1171 cum
1607 1114 1679 1171 vitiis
1700 1115 1791 1171 carnis

989 1207 1016 1256 ct
1030 1201 1128 1257 animas
1141 1216 1235 1256 omnes
1249 1217 1279 1257 se
1293 1202 1446 1258 existimant
1462 1203 1583 1259 euasisse
1603 1202 1787 1261 necessitates.

989 1288 1111 1359 Cumque
1128 1289 1260 1344 virtutum
1276 1291 1435 1346 naturaliter
1451 1307 1500 1363 per
1519 1291 1624 1363 scipsas
1647 1291 1789 1349 delectan-

990 1376 1052 1432 tium
1073 1378 1130 1433 seln
1147 1379 1285 1434 somniant
1300 1378 1505 1447 oblectamenta,
1521 1379 1624 1436 firmam
1639 1389 1666 1436 et
1686 1389 1788 1438 certam

988 1465 1131 1538 negligunt
1153 1482 1248 1522 earnm
1269 1468 1474 1538 possessionem,
1493 1469 1558 1524 dum
1583 1469 1720 1542 refugiunt
1736 1485 1789 1525 ne-

989 1554 1106 1610 cessaria
1121 1571 1214 1610 carram
1237 1555 1375 1625 exercitia,
1391 1564 1417 1612 et
1441 1555 1539 1613 halecia
1563 1556 1712 1631 degustatae
1726 1557 1790 1613 darl-

988 1643 1102 1711 cedinis,
1119 1659 1178 1714 quae
1192 1644 1348 1699 miserentis
1363 1647 1450 1716 potins
1466 1646 1515 1702 Dei
1531 1654 1571 1701 est
1595 1661 1677 1718 qnam
1692 1644 1789 1701 rolen-

988 1732 1024 1787 tis
1038 1741 1065 1787 et
1078 1733 1221 1798 currentis,
1239 1733 1380 1806 negligunt
1392 1734 1511 1805 pericula
1526 1734 1631 1807 gravia,
1647 1735 1791 1789 militantia

988 1824 1016 1877 iu
1031 1822 1135 1893 seipsos
1149 1822 1184 1877 de
1208 1822 1319 1892 seipas.
1336 1822 1400 1878 ideo
1422 1832 1480 1893 post
1505 1823 1704 1878 manifestatam
1719 1823 1791 1894 puri·

137 1912 334 1967 Beatusuiret
356 1911 492 1980 jucundus
514 1912 667 1984 homo,qui
686 1912 798 1984 gloriam
824 1914 934 1970 hanuet
988 1911 1049 1967 tntis
1077 1913 1161 1977 viam,
1182 1921 1242 1981 post
1272 1918 1396 1982 apertam
1426 1913 1538 1982 jannem
1571 1912 1792 1984 contemplativae

137 2000 244 2056 divitias
259 2001 340 2072 hujus
365 2001 460 2072 gratiae
479 2000 560 2056 babet
580 2001 607 2056 in
621 2003 702 2057 domo
725 2003 815 2058 cordis
839 2002 888 2066 sni,
906 2002 933 2057 ia
988 2000 1128 2064 libertatis,
1154 1998 1294 2071 subjungit
1318 2009 1343 2053 et
1367 1999 1455 2055 dicit:
1484 2023 1495 2049 a
1521 2000 1657 2074 Equitntui
1678 2015 1739 2055 mco
1764 2000 1792 2054 in

136 2089 932 2159 thesauroconscieatiaesuae.Confirmalumestcorejns,
988 2088 1113 2144 curribus
1137 2087 1282 2142 Pharaonis
1311 2088 1539 2152 assimilavite.o
1567 2091 1655 2145 amice
1684 2105 1789 2144 mea.-

136 2195 190 2233 non
206 2178 428 2242 commonebitur,
445 2177 499 2233 hoc
513 2185 553 2233 est
576 2194 630 2234 non
647 2178 846 2251 egredicturarl
869 2179 935 2234 alie·
987 2177 1042 2232 litai
1062 2179 1100 2231 sis
1122 2177 1220 2243 amica,
1238 2184 1264 2232 et
1291 2178 1464 2248 quantumvis
1489 2178 1584 2242 narica
1601 2185 1692 2233 tameo
1722 2177 1793 2232 scies

134 2266 420 2337 na,concupiscendo,
439 2282 487 2321 seu
503 2267 609 2322 curiosa
624 2269 742 2338 egendo,
758 2266 831 2322 domi
846 2267 932 2332 dices,
988 2267 1077 2321 adlruc
1103 2272 1129 2319 et
1151 2264 1327 2336 equitandum
1350 2266 1397 2320 tibi
1420 2275 1448 2321 et
1476 2267 1639 2322 currendum
1664 2282 1725 2322 esse
1748 2266 1792 2321 la-

136 2360 164 2410 et
182 2371 276 2426 paceni
306 2355 418 2421 habens,
448 2362 474 2409 et
494 2356 619 2423 pietatem
640 2372 700 2411 cum
725 2354 885 2410 sufficientia
906 2355 934 2408 in

135 2443 303 2499 couscientia
333 2442 416 2497 bons.
449 2441 556 2498 Divitiae
583 2442 643 2498 istae
667 2459 813 2514 pauperum
836 2444 934 2515 spiritu

136 2540 208 2597 sunt,
218 2534 246 2586 in
262 2532 433 2602 simplicitate
456 2532 544 2587 cordis
562 2533 651 2588 Deum
669 2534 858 2602 quaerentium,
870 2549 933 2590 con·

137 2629 240 2677 stanter
252 2620 404 2693 argentium
421 2621 493 2690 qnod
511 2621 676 2691 praecipitur,
693 2622 756 2677 forti
772 2622 824 2678 fiale
837 2638 935 2693 esspe-

138 2710 268 2768 ctantium
292 2709 364 2779 quod
388 2708 562 2780 promittitur,
589 2709 760 2776 certitudine,
787 2711 848 2782 spei
876 2711 935 2780 jam

137 2799 333 2872 praelibantium
354 2797 426 2869 quod
441 2805 621 2868 exspectetur,
637 2805 664 2852 et
682 2798 744 2853 ideo
763 2799 935 2855 sentientium

32 2878 39 2887 ’
139 2889 174 2944 de
189 2904 221 2944 eo
235 2888 261 2942 in
277 2886 405 2954 bonitate,
431 2901 483 2939 non
500 2885 554 2940 alta
569 2885 740 2957 sapientium,
757 2887 804 2942 sed
823 2889 935 2943 tremili-

989 2353 1199 2423 borandumque
1216 2370 1249 2409 ac
1265 2355 1458 2426 pugnandum
1483 2355 1545 2411 ideo
1560 2363 1650 2410 tamen
1665 2370 1718 2410 non
1734 2354 1791 2409 mi·

988 2458 1040 2498 nus
1055 2443 1153 2499 amica.
1175 2443 1335 2498 Cavendum
1352 2443 1461 2512 quidem
1477 2444 1522 2498 tibi
1538 2452 1566 2499 et
1589 2444 1682 2499 vitium
1697 2444 1791 2499 cnrio-

989 2532 1086 2598 sitatis,
1117 2541 1144 2587 et
1168 2547 1278 2601 semper
1300 2531 1453 2587 comitantis
1476 2548 1535 2588 enm
1564 2531 1792 2602 concupiscentiae

991 2619 1129 2676 smcrrlnris
1146 2620 1188 2676 rel
1204 2620 1334 2686 carnalis;
1350 2637 1404 2675 non
1415 2629 1504 2675 nmen
1520 2637 1568 2676 sen
1577 2635 1627 2693 pro
1639 2621 1788 2693 temetipsa,

989 2725 1038 2764 seu
1059 2725 1108 2780 pro
1126 2707 1255 2763 fratribus
1276 2717 1315 2763 est
1331 2710 1502 2765 recusandus
1517 2719 1593 2765 ectus
1613 2710 1789 2776 necessitatis,

989 2798 1032 2854 vei
1049 2798 1198 2854 necessitas
1214 2798 1363 2853 charitatis.
1382 2798 1517 2872 Sequitur.

1028 2908 1039 2933 α
1063 2886 1183 2941 Pulchrae
1204 2895 1265 2941 sunt
1284 2903 1363 2959 genae
1379 2895 1431 2943 tuae
1455 2887 1524 2944 sicut
1539 2887 1659 2943 turturis,
1677 2910 1688 2936 a
1706 2887 1792 2943 Gener

139 2975 538 3046 busconsentientinm,jugum
548 2974 655 3029 Domini
671 2991 723 3031 non
741 2980 933 3049 recusantium,
990 2974 1113 3046 Sponsae,
1129 2982 1156 3029 et
1170 2975 1204 3029 nd
1220 2975 1354 3046 Sponsum
1371 2992 1481 3046 semper
1500 2976 1570 3030 arida
1587 2975 1679 3041 facies,
1696 2983 1791 3032 sancte

141 3072 302 3121 neccontra
325 3063 462 3117 stimulum
486 3062 637 3134 disciplinae
656 3064 715 3135 ejas
728 3065 933 3122 calcitrantium.
989 3063 1152 3120 conscientie
1180 3071 1250 3133 est,
1281 3065 1444 3120 verecundis
1474 3064 1501 3118 in
1530 3064 1611 3132 facie,
1641 3063 1791 3120 elfectnosa

140 3154 237 3211 Procul
260 3153 322 3209 irinc
351 3153 460 3224 spiritus
486 3152 565 3221 hujus
590 3154 693 3220 mundi,
720 3162 745 3208 at
773 3155 937 3228 nugigerula
991 3152 1148 3224 paenitentia
1163 3160 1202 3206 est
1222 3160 1248 3207 et
1273 3152 1315 3222 pia
1336 3153 1489 3208 reverentia
1511 3154 1543 3209 nd
1562 3162 1728 3225 arguentem.
1745 3153 1792 3207 Fi·

20 3240 41 3289 ἰ
140 3244 200 3314 ejus
214 3242 355 3314 snpientia,
371 3257 469 3297 sensus
484 3258 599 3315 magnus
615 3244 796 3314 Assyriorum,
812 3246 938 3315 phalern-
991 3241 1062 3296 detis
1077 3240 1179 3313 qnippe
1193 3242 1292 3307 enimn,
1310 3243 1430 3313 qrrnadiu
1447 3243 1489 3298 vel
1504 3243 1532 3297 in
1547 3241 1739 3298 tentationibus
1753 3242 1792 3297 ln·

141 3345 169 3392 te
183 3334 351 3404 eloquentia.
991 3329 1079 3400 horat,
1094 3329 1159 3400 quid
1179 3329 1206 3384 in
1222 3330 1313 3402 seipsa
1326 3339 1431 3404 egetur,
1449 3332 1553 3404 ignoret
1566 3350 1573 3399 ;
1588 3348 1671 3403 saepe,
1687 3337 1791 3387 etcum

178 3423 234 3495 Ipsi
254 3431 316 3478 sunt
336 3420 469 3491 equitatus
484 3428 584 3487 tuus,o
608 3419 654 3492 qni
677 3420 750 3494 regis
771 3421 867 3491 lsrael,
884 3438 938 3479 non
992 3418 1086 3486 remit,
1115 3418 1247 3488 profecit:
1272 3428 1297 3474 et
1319 3420 1496 3491 approbatur,
1512 3436 1573 3475 cum
1599 3436 1629 3475 se
1651 3417 1792 3490 reprobari

142 3513 219 3586 equis
233 3510 368 3582 superbiae
383 3517 409 3565 et
423 3509 547 3565 curribus
568 3509 701 3576 vanitatis,
714 3510 762 3566 sed
777 3512 805 3566 ia
829 3512 938 3568 nomine
991 3506 1116 3563 aestimat.
1132 3505 1235 3562 htiiicta
1256 3508 1360 3563 atenim
1383 3509 1547 3574 humiliatur,
1565 3507 1705 3563 humiliata
1723 3522 1791 3578 pur·

144 3599 253 3657 Domini
279 3599 420 3655 velocitate
443 3597 572 3652 currentis
595 3596 712 3669 Spiritus
735 3607 761 3654 et
781 3599 938 3657 fortitudine
992 3602 1089 3668 gelum
1113 3603 1138 3650 el
1161 3594 1227 3650 dum
1248 3595 1320 3651 infra
1344 3597 1515 3668 semetipsum
1537 3596 1647 3668 deponit
1668 3611 1728 3651 enm
1743 3611 1792 3650 as·

144 3688 246 3745 amoris
261 3687 307 3741 tui.
325 3686 449 3741 Scientes
468 3686 541 3741 enim
562 3693 669 3756 ereptos
684 3695 816 3758 seperta
837 3689 872 3744 nb
887 3706 938 3744 ex·
993 3692 1097 3754 sumpta
1113 3683 1260 3751 humilitas,
1279 3685 1305 3738 in
1321 3684 1518 3755 multiplicitate
1539 3685 1672 3750 dolorum,
1689 3698 1742 3740 non
1757 3683 1793 3737 ab

144 3776 330 3840 terminatore,
340 3774 412 3845 qnod
427 3780 504 3828 sonat
520 3789 618 3828 nemea
630 3774 813 3843 Pharaonis,a
827 3778 939 3850 regione
992 3773 1062 3841 ipse,
1074 3772 1121 3829 sed
1137 3779 1226 3827 tamen
1241 3771 1267 3827 ia
1287 3772 1345 3844 ipsa
1360 3772 1494 3828 formatur
1508 3781 1599 3828 sancta
1622 3772 1668 3828 illa
1682 3771 1791 3842 simpli-

144 3864 326 3928 tenebrarum,
339 3862 412 3932 quod
427 3866 467 3916 est
481 3862 623 3933 AEgyptus,
641 3862 668 3916 in
684 3861 813 3920 effusione
829 3866 940 3939 sangui·
993 3863 1069 3930 cites,
1085 3861 1118 3917 de
1139 3878 1192 3933 qua
1206 3861 1334 3932 scriptum
1350 3869 1412 3916 est:
1439 3882 1450 3911 a
1467 3865 1497 3917 ln
1517 3861 1688 3932 simplicitate
1702 3861 1794 3916 cordis

145 3954 187 4008 nis
210 3959 237 4007 et
260 3958 432 4006 sacramento
453 3950 517 4020 agni
540 3950 687 4020 paschalis,
711 3951 832 4022 Hebraei,
854 3954 940 4011 idest
994 3950 1106 4023 quarite
1130 3949 1207 4006 iilum
1230 3952 1311 4024 (Sa-p.
1329 3953 1361 4022 ι).
1379 3972 1390 3999 a
1416 3951 1529 4007 Etcum
1555 3950 1731 4020 semetipsam
1746 3947 1792 4002 di·

149 4061 160 4094 a
179 4046 379 4105 transeuntes»
396 4037 573 4109 phese,quod
584 4046 625 4093 est
637 4061 648 4086 a
661 4039 938 4113 transitnsDomini,·
994 4054 1076 4112 gnam
1101 4040 1192 4108 habet,
1213 4056 1273 4110 qaae
1288 4039 1367 4113 argui
1391 4039 1524 4095 meruerit
1542 4046 1569 4094 et
1589 4036 1674 4109 affligi
1695 4036 1729 4092 nd
1744 4051 1793 4092 nr-

145 4135 281 4203 pernguat
302 4126 466 4192 festinantes,
490 4134 660 4182 transeuntes
686 4143 703 4182 n
726 4129 797 4183 vitiis
820 4131 854 4186 nd
883 4132 940 4187 sir·
995 4136 1124 4201 guentam
1140 4144 1169 4184 se
1184 4127 1270 4182 induit
1284 4125 1793 4198 piaconscientiasanctamquemdam

144 4227 224 4284 tutes,
240 4233 254 4271 n
273 4213 468 4286 temporalibus
481 4213 513 4268 ad
529 4221 639 4284 aeterna,
656 4230 673 4270 n
690 4225 759 4272 terra
772 4217 808 4273 ed
830 4219 939 4287 careium,
995 4223 1020 4272 et
1035 4216 1257 4286 beneplacentem
1273 4215 1369 4272 faciem
1385 4215 1562 4282 verecundiae,
1579 4231 1629 4287 per
1643 4230 1725 4285 quem
1739 4229 1790 4269 ve·

145 4324 162 4365 a
177 4303 330 4376 semetipsis
345 4303 379 4358 ad
400 4303 496 4371 Deum,
513 4302 539 4356 in
559 4303 638 4373 equis
651 4304 808 4361 rubentibus
826 4307 860 4364 de
875 4325 941 4364 san·
995 4306 1061 4362 teris
1076 4304 1183 4361 fiduciae
1196 4305 1360 4377 procacitate
1379 4305 1521 4360 emendata
1535 4304 1629 4360 audire
1649 4310 1768 4359 meretur
1784 4322 1790 4358 :

144 4397 231 4470 guina
255 4392 325 4465 agni
345 4391 500 4457 submersis,
522 4392 749 4464 persequentibus
770 4396 889 4466 peccatis
907 4413 940 4455 ec
997 4418 1008 4444 a
1030 4394 1154 4451 Pulchrae
1171 4400 1233 4449 sunt
1246 4410 1325 4466 geaae
1346 4400 1397 4449 tuae
1422 4393 1490 4449 sicut
1513 4393 1660 4448 turturis.»
1683 4392 1715 4446 Et
1729 4390 1793 4448 ride

144 4485 234 4550 vitiis,
249 4482 278 4538 in
297 4479 419 4536 eltnensis
432 4479 511 4551 quasi
530 4479 557 4533 in
581 4479 679 4536 timore
701 4488 831 4540 nocturno
848 4484 938 4542 lumen
954 4461 981 4522 D
996 4483 1132 4557 quomodo
1151 4483 1179 4537 in
1193 4482 1261 4554 ipse,
1276 4481 1353 4556 quasi
1375 4481 1468 4538 critica
1487 4480 1644 4537 accessione
1664 4480 1793 4535 notatio·

142 4574 285 4636 habentes,
311 4569 401 4640 ignem
434 4576 460 4624 et
490 4568 675 4625 fortitudinem
710 4571 824 4643 Spiritus
853 4575 939 4632 sancti

144 4662 222 4735 quasi
240 4659 392 4717 columnam
413 4656 502 4730 ignis;
524 4656 552 4712 in
566 4659 709 4730 prosperis
724 4677 788 4716 vero
813 4668 938 4735 tanquam

143 4751 171 4806 in
186 4750 246 4805 luce
262 4747 326 4816 diei,
341 4746 547 4801 obumbrantem
570 4762 619 4802 eos
643 4749 721 4819 quasi
736 4749 836 4805 nubem
850 4751 938 4808 virtu-

142 4846 197 4894 tem
223 4835 364 4901 ditissimi,
381 4835 441 4890 ideo
464 4834 584 4906 sequitur
607 4851 638 4890 ac
664 4836 746 4892 dicit:
771 4838 938 4912 aEqnitatui

142 4942 204 4983 meo
221 4925 246 4980 in
269 4924 394 4980 curribus
418 4922 567 4979 Pharaonis
589 4924 735 4980 assimilavi
762 4934 827 4991 te‚o
850 4929 937 4986 amica

139 5031 241 5072 mee.»
268 5015 325 5068 Nec
347 5011 562 5082 pier-reundum
584 5013 655 5084 quod
681 5013 770 5085 primo
797 5016 936 5087 pulchram

140 5111 219 5160 vocat
228 5105 297 5156 inter
311 5100 447 5164 mulieres,
456 5099 626 5170 postmodnm
640 5117 706 5157 uero
720 5103 836 5160 amicam
848 5122 935 5173 suem,

136 5191 166 5248 in
190 5192 243 5248 hoe
267 5189 393 5245 videlieet
413 5186 505 5243 omnia
525 5187 700 5259 concludens,
720 5199 749 5246 ut
771 5191 937 5263 intelligatur

137 5288 286 5346 secundnm
306 5284 514 5357 pulchritudinis
535 5288 712 5355 quantitatem
738 5289 856 5346 futurum
872 5310 934 5351 esse

137 5384 263 5442 amicitiae
278 5383 401 5438 modum.
413 5382 442 5436 in
458 5397 490 5437 eo
505 5383 586 5437 etiam
602 5385 675 5455 qnod
689 5385 785 5454 dicit·
802 5389 938 5460 equitatui.

135 5497 198 5539 meo
218 5478 365 5537 assimilari
389 5485 425 5544 te,
438 5492 455 5534 o
468 5479 556 5534 amica
571 5495 640 5551 men,
660 5505 671 5530 a
688 5481 762 5538 addit
784 5485 874 5543 adbuc
886 5487 933 5558 pir

994 4573 1047 4642 nis,
1064 4579 1176 4644 repente
1190 4571 1266 4627 adest
1289 4570 1440 4627 remedium
1458 4570 1556 4625 divinae
1579 4567 1791 4635 consolationis;

992 4670 1019 4718 ct
1041 4660 1189 4718 secandum
1213 4659 1411 4715 multitudinem
1432 4658 1556 4715 dolornm
1572 4657 1599 4712 in
1621 4657 1706 4714 corde
1720 4658 1792 4727 ejus,

992 4749 1092 4808 adeant
1113 4748 1313 4808 consolationes
1341 4747 1450 4804 Domini
1478 4745 1643 4802 laetificantes
1670 4747 1792 4801 animem

991 4843 1089 4915 ipsius.
1115 4845 1187 4900 Siout
1206 4843 1278 4900 enim
1298 4843 1462 4915 intempore
1481 4841 1629 4897 avenionis
1650 4857 1729 4898 meas
1747 4840 1793 4897 af-

990 4932 1063 4990 fecta
1088 4934 1174 4998 cerni,
1190 4949 1254 4989 caro
1270 4940 1392 5005 peccato,
1407 4930 1503 4987 facicm
1519 4930 1545 4986 in
1561 4946 1594 4986 ea
1608 4930 1793 4991 formaverunt

989 5023 1112 5089 vrrlturis,
1129 5020 1169 5078 sic
1191 5021 1220 5076 in
1244 5023 1308 5077 hora
1334 5020 1463 5078 visitantis
1484 5020 1579 5093 gretiae
1601 5035 1679 5076 mens
1694 5018 1792 5076 edecta

990 5110 1059 5179 Deo,
1074 5126 1138 5169 cero
1154 5109 1247 5180 menti,
1264 5109 1365 5165 faciem
1382 5110 1408 5163 in
1423 5124 1454 5165 en
1471 5109 1661 5164 formaverunt
1679 5107 1792 5164 turturis

987 5202 1179 5272 preferentem
1193 5198 1382 5264 humilitatem,
1398 5197 1559 5263 castitatem,
1576 5204 1601 5252 et
1617 5204 1716 5253 sanctae
1730 5210 1792 5269 grn-

988 5297 1056 5353 tiem
1079 5295 1269 5370 simplicitatis.
1284 5296 1353 5351 Nam
1376 5294 1605 5367 quemadmodum
1626 5293 1790 5350 conscientia

986 5392 1046 5464 ipse
1068 5394 1119 5449 sibi
1133 5394 1273 5450 verissima
1295 5393 1430 5465 interpres
1448 5399 1491 5447 est
1510 5390 1655 5447 afficientis
1680 5391 1789 5463 gratiae,

986 5488 1026 5547 sic
1042 5489 1124 5547 facies
1137 5490 1254 5547 exterior
1268 5488 1342 5546 testis
1354 5505 1416 5546 esse
1435 5488 1506 5545 solet
1525 5487 1560 5543 ad
1581 5486 1705 5544 homines
1719 5487 1790 5544 bens

133 5579 232 5658 ⁵P⁰¹¹⁸i
246 5576 378 5654 f*filiium
396 5574 613 5650 ‘Sifflifflfmfl
637 5594 668 5638 ⁸⁰
693 5578 828 5658 sillibatam
851 5584 886 5644 ed
901 5601 933 5648 so
984 5585 1088 5649 eante
1102 5587 1286 5659 munientia,
1302 5584 1368 5666 quin
1382 5584 1461 5644 etiam
1475 5583 1566 5662 pudor
1578 5582 1606 5640 ia
1617 5582 1687 5642 faeie
1700 5598 1790 5661 eppe-
