3728 6000
72 249 124 306 52⁹
613 249 803 309 uxvos1v10
822 253 960 310 tauhun
979 254 1016 311 IN
1036 250 1173 312 canuto.
1663 254 1716 312 58⁰

65 371 191 429 hinnulus
210 376 304 440 (Pron.
328 376 367 445 v),
391 398 403 424 a
420 375 455 433 de
468 377 626 449 gratissima
644 385 729 433 matre
749 375 863 450 Virgine
877 379 905 440 Α
919 380 1110 451 cupiscentiam
1145 378 1238 436 carnis
1259 387 1286 436 et
1319 379 1459 437 oculorum
1484 385 1510 435 et
1534 376 1710 434 ambitionem

64 460 241 534 gratissimus
254 463 381 535 apparuit
398 464 479 532 filius,
495 473 593 522 unctus
614 465 675 522 oleo
690 466 790 521 laetitiae
808 482 864 536 prae
917 469 978 523 vitre
993 469 1173 525 exterioribus
1186 468 1286 525 infecta
1302 484 1309 537 ;
1326 486 1386 541 que
1402 468 1522 542 quandiu
1537 467 1575 523 sic
1589 474 1642 533 est,
1658 482 1713 523 non

63 550 243 622 participibus
255 552 321 606 suis.
333 553 395 623 lpse
409 553 492 609 etiam
509 554 629 626 quotidie
642 554 717 610 venit
732 554 765 610 ad
777 555 864 626 Spon·
918 565 1079 628 potestesse
1093 558 1150 613 beo
1164 555 1259 613 affecta
1273 558 1288 612 l
1302 559 1373 613 ilinc
1387 556 1510 627 estquod
1527 555 1665 627 propheta
1679 553 1715 611 de

63 654 123 694 sam
146 654 236 705 auam,
269 640 376 696 fidelem
402 643 531 710 animam,
569 644 637 699 sicut
660 658 757 714 caprea
792 643 864 699 visus
918 646 1072 717 hujusmodi
1088 645 1171 702 dicit:
1187 668 1199 695 ι
1215 647 1361 718 Usquequo
1380 651 1532 719 aggravant
1560 651 1654 701 eontra
1681 658 1713 699 se

63 728 144 795 acuti,
175 736 203 783 et
221 727 324 785 velocis
346 745 450 797 cursus,
465 748 526 788 cum
550 731 631 788 efficit
655 736 683 787 et
701 731 812 786 mundat
835 731 864 786 in
917 734 1030 789 densum
1047 733 1156 788 lutum?
1172 757 1183 783 ι
1201 735 1312 803 (deboc.
1340 736 1382 803 ιι.)
1409 735 1444 789 Et
1464 732 1549 788 alibi:
1568 755 1579 782 a
1598 733 1714 789 Peccata

63 832 94 872 ea
108 815 220 872 oculum
236 817 484 889 contemplationis.
501 824 528 876 et
549 818 657 877 veloces
670 820 774 891 perlicit
794 818 863 875 effe·
917 831 1007 879 vestra
1030 830 1158 893 separant
1179 823 1249 878 inter
1265 839 1313 878 vos
1327 832 1354 879 et
1369 825 1465 879 Deum.
1486 845 1497 870 a
1515 821 1569 878 Sed
1586 835 1648 878 cum
1662 835 1715 894 per

63 912 121 959 rtos
148 903 177 959 in
209 904 360 962 ministerio
384 907 463 963 bona
491 907 617 965 actionis.
647 907 765 963 hfirabili
791 908 863 964 enim
916 910 1313 982 denaumhuncparietemluti
1341 910 1590 983 nultaSponsead
1621 908 1713 980 Spon-

63 993 294 1050 condesceusione
309 995 406 1066 gratiae
427 997 564 1068 sapientia
579 997 628 1052 Dei
643 996 802 1062 adveniens,
818 996 863 1050 in·
915 1016 974 1054 snm
989 1007 1080 1070 puteat
1100 1001 1142 1054 via
1161 999 1413 1072 contemplationis,
1429 1007 1457 1055 tu
1486 1007 1586 1061 tamen,
1603 995 1713 1053 odesi-

63 1081 203 1137 tellectum
232 1083 350 1139 bominis
374 1084 427 1139 sibi
451 1085 590 1156 subjungit
619 1093 645 1139 et
672 1085 825 1141 conformat
853 1103 861 1152 ;
915 1088 1020 1143 derium
1048 1088 1147 1143 animae
1167 1087 1237 1157 ejus,
1255 1096 1283 1143 tu
1308 1087 1355 1143 tibi
1381 1088 1450 1143 facis
1478 1088 1506 1141 in
1530 1084 1713 1142 eofanestras

62 1168 156 1240 sieque
174 1184 209 1225 ex
233 1170 402 1227 illuminante
423 1175 512 1245 qratia
537 1182 563 1229 ot
585 1173 736 1228 illuminata
763 1173 863 1228 intelli·
914 1184 1014 1247 rectas,
1038 1191 1088 1248 per
1109 1190 1178 1245 quas
1199 1177 1227 1230 in
1241 1175 1446 1232 directumeam
1462 1175 1588 1243 aspicias,
1604 1180 1630 1231 et
1643 1188 1711 1230 con-

61 1257 157 1329 gentia
185 1258 268 1315 ruodo
294 1260 411 1331 quodam
440 1259 570 1315 ineffabili
586 1260 614 1317 fit
634 1261 708 1331 quasi
736 1260 862 1334 quaedam
914 1264 999 1320 cellos
1013 1262 1150 1336 obliquos,
1166 1278 1216 1334 per
1230 1279 1299 1336 quos
1313 1264 1388 1334 qnasi
1399 1280 1431 1319 ex
1442 1263 1553 1336 obliqua
1566 1261 1590 1319 ei
1607 1259 1713 1332 prospi-

62 1345 217 1416 composita
240 1347 370 1418 sapientia
391 1348 576 1420 complectens
600 1365 696 1405 omnes
720 1350 862 1419 virtutes;
915 1355 981 1408 cias.
1001 1353 1137 1409 Fenestrae
1150 1360 1240 1408 autem
1253 1360 1334 1408 rectae
1352 1351 1420 1423 ipsae
1446 1358 1509 1406 suot
1519 1349 1631 1420 institia
1659 1357 1712 1405 tuae

61 1441 89 1487 ut
116 1443 143 1488 et
167 1432 272 1489 feratur
294 1435 324 1489 in
341 1436 426 1491 Deum
445 1437 528 1493 homo
543 1438 593 1492 Dei
608 1453 657 1508 por
684 1436 863 1492 illuminatum
915 1449 1004 1505 reetae,
1034 1449 1109 1496 aeota
1132 1441 1217 1496 corda
1248 1438 1432 1507 letificantes3
1452 1437 1569 1496 cancelli
1596 1436 1710 1506 obliqui,

63 1520 248 1586 intellectum,
275 1538 326 1578 nec
353 1529 444 1580 tamen
473 1525 581 1579 animus
605 1525 863 1581 virtutuminexte·
915 1528 1127 1584 adinventiones
1163 1527 1291 1584 bonitatis
1318 1535 1344 1584 et
1366 1526 1556 1583 misericordie
1584 1533 1647 1592 tuae,
1676 1540 1712 1580 ex

61 1608 135 1666 riora
148 1617 179 1666 et
192 1608 324 1667 inferiora
339 1613 490 1667 sanctitatis
514 1629 571 1669 suae
598 1613 718 1686 deneget
741 1613 863 1669 effectus.
916 1616 1054 1673 immerito
1069 1615 1244 1687 etinsperato
1258 1616 1335 1689 quasi
1358 1632 1391 1672 ex
1418 1614 1530 1684 obliquo
1552 1614 1707 1669 venientes.

62 1698 102 1752 lbi
116 1713 187 1771 ergo
214 1699 299 1764 videt,
324 1701 369 1757 hic
384 1702 482 1766 currit,
497 1718 559 1759 cum
574 1717 746 1773 nequaqnam
770 1709 904 1784 possetB
919 1706 971 1761 Per
985 1704 1121 1760 fenestras
1134 1704 1206 1761 bona
1216 1702 1514 1776 Sponsaeapprobaodo
1533 1701 1635 1773 aspicis
1645 1718 1654 1768 ;
1665 1715 1714 1772 per

62 1785 173 1858 impleri
187 1788 215 1842 io
231 1803 287 1843 uno
300 1789 410 1845 bomine
426 1790 597 1846 uniformitas
611 1795 667 1845 tarn
678 1791 796 1857 diversa,
813 1790 865 1845 nisi
918 1793 1054 1850 cancellos
1065 1793 1101 1862 ei,
1111 1794 1139 1847 in
1150 1793 1249 1863 quibus
1271 1791 1456 1849 misericordia
1484 1791 1598 1864 indiget,
1627 1789 1712 1847 inise-

61 1872 141 1931 lieret
168 1891 203 1931 ex
232 1877 314 1933 Verbi
343 1878 393 1933 Dei
420 1888 447 1935 ει
474 1878 668 1951 intelligentie
682 1880 816 1944 humanae,
832 1894 865 1934 ea
919 1883 1004 1936 rando
1019 1882 1164 1953 prospicis.
1179 1881 1277 1951 Sicque
1296 1889 1324 1936 tu
1343 1880 1417 1951 prior
1443 1879 1540 1934 videns
1569 1893 1631 1935 εειιι
1646 1876 1714 1935 facis

60 1964 161 2036 gratie
188 1965 239 2020 Dei
266 1974 294 2021 et
320 1966 578 2038 humanmpietatis,
603 1966 689 2022 amica
705 1967 824 2038 quadam
839 1974 866 2022 et
919 1969 1055 2027 videntem
1074 1978 1110 2038 te,
1126 1976 1154 2025 et
1167 1975 1241 2025 stans
1266 1968 1304 2025 illi
1321 1967 1446 2024 stabilem
1462 1967 1528 2022 facis
1541 1966 1601 2033 tibi,
1626 1965 1716 2022 donec

61 2052 169 2109 efficaci
194 2051 395 2110 conformitate.
429 2056 508 2111 Venit
536 2055 618 2111 etiam
648 2055 682 2110 ad
712 2070 773 2109 eam
790 2054 866 2127 qnasi
919 2058 1074 2114 miserantis
1101 2065 1126 2112 et
1142 2055 1257 2111 amantis
1271 2064 1363 2112 mutua
1377 2053 1601 2127 appropinquatio
1629 2053 1716 2109 solvat

62 2139 195 2196 hinnulus
210 2157 363 2210 cervorum,
373 2144 474 2198 licceat
488 2142 650 2199 sicutfilius
664 2143 792 2210 hominis,
804 2159 866 2198 enm
919 2147 1030 2202 omnino
1045 2144 1201 2201 inimicitias
1212 2145 1325 2216 peccati,
1345 2144 1466 2199 medium
1482 2142 1612 2199 macerie
1639 2140 1715 2197 divi·

61 2229 137 2284 sicut
148 2229 294 2300 aliquando
313 2231 427 2301 Sponsae
448 2231 590 2297 Ecclesiae,
606 2231 717 2288 veniens
738 2230 766 2286 in
781 2247 866 2287 mun·
919 2235 1019 2303 dentis,
1041 2242 1068 2289 et
1088 2233 1133 2288 fiat
1148 2239 1241 2288 mutue
1264 2233 1343 2298 visio,
1360 2242 1468 2287 mutuus
1480 2230 1634 2302 amplexus,
1650 2245 1715 2284 mu·

61 2317 139 2386 dum,
152 2326 355 2374 sacamentum
374 2328 508 2389 suscepte
537 2319 714 2375 humanitatis
728 2320 817 2376 attulit
838 2319 866 2374 in
920 2330 994 2377 tuum
1021 2321 1161 2394 gaudium,
1190 2337 1259 2376 unus
1273 2320 1395 2392 spiritus.
1414 2319 1527 2375 Interim
1555 2317 1635 2374 etiarn
1663 2315 1717 2373 sli-

61 2405 483 2476 pignussmoria,sicejusdem
499 2409 594 2480 gratim
621 2407 729 2463 fidelem
758 2423 865 2463 memo·
920 2409 1140 2482 quandononin
1156 2424 1196 2478 se,
1214 2409 1263 2465 sed
1278 2409 1305 2463 in
1320 2407 1473 2464 teDomino
1488 2407 1546 2462 Deo
1561 2421 1611 2461 suo
1626 2410 1718 2460 trans-

61 2493 132 2547 riam
145 2491 219 2549 fideli
233 2495 332 2551 animae
346 2495 483 2551 efficacius
498 2496 612 2566 inspirat
630 2495 657 2550 in
673 2495 866 2566 provocatione
919 2499 1049 2569 grediens
1077 2507 1195 2564 murum,
1223 2496 1373 2552 admittitur
1400 2494 1436 2550 ad
1468 2493 1585 2550 lucidius
1613 2491 1717 2564 aliquid

60 2580 212 2636 rhamnus.
243 2583 288 2638 Sic
315 2598 384 2655 ergo
399 2584 522 2655 Sponsus
552 2583 586 2639 ad
614 2583 747 2655 Sponsam
769 2583 867 2638 similis
920 2586 1136 2658 intelligendum.
1174 2585 1208 2641 ad
1243 2584 1391 2656 perfectius
1415 2581 1647 2656 cognoscendum,
1682 2581 1719 2637 ad
1785 2641 1788 2645 ,

61 2666 184 2723 babetur
202 2682 310 2739 capreae
323 2670 491 2741 hinnuloque
507 2685 660 2735 cervorum,
684 2687 746 2726 cum
761 2671 865 2726 debu·
920 2674 1026 2730 dulcius
1041 2673 1198 2738 amandum,
1214 2689 1268 2729 non
1284 2673 1372 2728 solum
1386 2679 1416 2726 ut
1429 2671 1590 2742 experiatur
1604 2668 1677 2741 apud
1693 2676 1719 2726 tc

58 2755 181 2824 juonodi
205 2758 368 2829 quibusdam
387 2759 499 2814 theoriis
519 2758 577 2814 sive
599 2757 773 2828 theophaniis
799 2774 865 2813 esu·
921 2761 1021 2817 fontem
1037 2763 1111 2829 vitae,
1128 2767 1155 2817 et
1169 2761 1197 2815 in
1212 2760 1368 2816 luminetuo
1384 2760 1486 2827 lumen,
1511 2756 1558 2814 sed
1588 2764 1616 2811 ut
1635 2756 1719 2811 etiam

61 2843 179 2899 rientem
203 2846 296 2916 pascit,
313 2845 399 2904 reiicit
413 2846 641 2919 afflictamque
656 2846 775 2901 nonnisi
804 2862 866 2902 cum
920 2853 1092 2921 permittatur
1105 2849 1305 2921 aliquantisper
1325 2855 1395 2902 stare
1415 2847 1450 2902 ad
1474 2845 1629 2906 fruendum,
1662 2852 1718 2899 tam

60 2932 140 2987 vultu
154 2933 214 3001 eius
228 2933 321 2991 lotitia
335 2935 507 3006 adimpletur.
524 2937 557 2990 Et
571 2935 682 2990 veniens
696 2950 748 2991 non
759 2950 868 3004 semper
920 2938 1026 2996 efficaci
1047 2954 1138 3007 sensu,
1164 2942 1219 2992 tam
1244 2936 1335 2991 valido
1363 2932 1469 3000 affectu,
1491 2942 1545 2990 tam
1572 2932 1720 2988 manifesto

64 3020 131 3075 salit
144 3029 191 3077 aut
205 3022 329 3089 transilit,
356 3024 405 3078 sed
434 3023 580 3095 aliquando
606 3024 686 3078 etiam
714 3023 865 3093 appropio-
920 3027 1120 3094 intellectuut,
1137 3025 1273 3093 sicutjam
1288 3023 1484 3095 supradictum
1499 3029 1549 3083 est.
1578 3020 1720 3092 aperfeo-

61 3116 130 3179 quat
145 3113 174 3164 et
187 3118 251 3178 stat,
267 3125 328 3166 cum
345 3112 469 3182 plusculo
482 3112 602 3184 quodam
616 3112 719 3184 gaudio
734 3111 866 3182 semetip·
881 3073 906 3137 C
924 3117 996 3171 tione
1010 3116 1099 3184 plenae
1119 3113 1244 3181 visionis,
1269 3112 1328 3168 solo
1341 3111 1394 3166 sibi
1407 3110 1511 3166 distare
1527 3109 1651 3165 videatur
1675 3108 1720 3164 in-

59 3213 123 3253 sum
139 3196 166 3253 ei
180 3197 338 3271 indulgens,
356 3200 468 3256 leodium
484 3200 679 3268 desiderantis,
696 3208 722 3256 et
736 3199 871 3255 lassitudi·
924 3203 1036 3259 terstitio
1051 3201 1179 3258 humane
1200 3199 1380 3256 mortalitatis.
1396 3199 1454 3255 Hoc
1481 3197 1609 3268 estquod
1634 3195 1719 3253 dicit:

60 3300 128 3341 nem
153 3286 292 3342 tendentis
317 3296 343 3344 et
370 3289 488 3343 amantis
510 3288 639 3359 pietatem
665 3287 870 3343 abundantiore
926 3293 995 3347 «Eo
1011 3292 1131 3361 ipsestat
1145 3297 1205 3361 post
1217 3288 1350 3360 parietem
1363 3294 1496 3342 nostrum.
1516 3286 1610 3356 »lpse
1622 3283 1718 3355 inquit,

60 3376 156 3446 gratia
169 3375 339 3430 consolatur.
359 3378 436 3433 Unde
452 3386 477 3432 et
492 3376 639 3431 subditur:
659 3398 670 3425 a
688 3377 728 3431 Eo
743 3375 803 3447 ipse
818 3382 870 3430 stat
924 3380 983 3451 ipse
1011 3387 1062 3445 est,
1091 3377 1134 3433 cui
1161 3378 1270 3448 Moyses
1284 3373 1390 3430 dicebat
1407 3392 1414 3429 ε
1432 3396 1443 3422 ε
1461 3372 1581 3428 Ostende
1596 3371 1661 3426 mihi
1676 3379 1719 3426 te·

62 3469 127 3531 post
141 3461 274 3533 parietem
291 3469 424 3519 nostrum.
444 3488 455 3512 a
473 3464 524 3520 Ubi
541 3464 689 3519 notandum
706 3463 868 3535 quodcum
925 3470 1013 3540 ipsum
1028 3467 1127 3537 (deod.
1152 3465 1263 3534 xxxnr).
1278 3485 1289 3511 a
1306 3460 1494 3518 litf‘salmista
1509 3475 1516 3514 :
1533 3483 1544 3508 a
1562 3461 1602 3514 Tu
1626 3466 1720 3514 autem

61 3549 343 3618 videretronientem,
363 3552 543 3623 cacainquit,
561 3555 624 3618 iste,
653 3560 680 3607 et
708 3567 770 3606 cnm
798 3551 871 3607 videt
923 3557 996 3612 idem
1007 3555 1066 3625 ipse
1076 3570 1106 3610 εε
1118 3553 1204 3624 (Pani.
1221 3551 1271 3621 ει).
1293 3549 1412 3606 »Primo
1427 3564 1524 3620 nempe
1537 3548 1613 3604 visus
1626 3554 1669 3602 0⁸²
1682 3545 1718 3615 05»

62 3638 338 3711 appropinquantem,
364 3657 410 3705 en,
439 3640 535 3712 inquit,
565 3643 649 3712 ipre,·
674 3641 727 3695 hoc
755 3647 798 3694 est
819 3639 869 3695 iste
923 3658 978 3698 non
993 3641 1122 3713 ipse,sed
1141 3639 1306 3696 iatesaliens
1332 3638 1360 3694 in
1389 3637 1536 3702 montibus,
1565 3633 1719 3691 transiliens

61 3725 203 3798 ipseest;
235 3726 418 3800 quiaestqui
434 3737 484 3792 εει,
500 3743 555 3784 non
573 3729 599 3782 in
615 3727 758 3800 propbeta,
774 3727 872 3783 nonin
922 3731 1006 3787 colles
1023 3747 1030 3795 ;
1047 3745 1119 3786 nunc
1141 3733 1230 3784 autem
1260 3726 1321 3798 ipse
1343 3734 1429 3781 stans.
1454 3726 1550 3797 lingna
1590 3721 1720 3778 distantia

62 3815 174 3887 maen,
206 3831 261 3871 ¹1⁰ss
274 3816 301 3871 in
329 3816 454 3885 apostolo
479 3831 486 3885 ;
516 3815 822 3888 sedaupraspeculnm
844 3823 870 3871 et
922 3819 1086 3875 invariatum
1101 3816 1235 3887 etipsum.
1250 3817 1304 3872 Isto
1319 3815 1440 3870 exterius
1459 3814 1536 3885 quasi
1564 3810 1717 3884 digitode-

63 3903 182 3976 enigma
197 3918 229 3958 ae
243 3902 309 3958 mihi
319 3904 454 3959 exbibens
469 3903 640 3975 aliquatenus
654 3903 681 3957 in
709 3903 867 3974 semetipso.
922 3913 1088 3962 monstratur
1104 3921 1112 3967 ;
1127 3904 1187 3975 ipso
1206 3902 1233 3958 in
1248 3901 1394 3973 semetipsa
1409 3900 1518 3972 Sponsa
1536 3898 1718 3972 gloriaturos

62 3990 152 4061 Quem
167 3991 243 4047 enim
259 3991 328 4048 dicit
340 3993 421 4046 istum
436 3992 537 4061 ipsum,
557 3993 788 4063 appropinquasse
815 3991 867 4046 sibi
922 3996 1029 4052 fruitur.
1046 3994 1109 4059 lste,
1131 3993 1159 4048 in
1187 3991 1304 4047 saltuum
1327 3991 1386 4046 sive
1417 3988 1609 4044 transsaltuum
1625 3994 1715 4052 nutu:

63 4079 175 4148 fatetur,
203 4094 257 4135 nou
286 4080 372 4135 solum
397 4096 480 4135 sensu
508 4081 612 4153 gratiae,
628 4080 677 4135 sed
689 4088 715 4134 et
734 4079 868 4136 suavitate
921 4085 984 4156 ipse
1012 4083 1038 4138 in
1068 4083 1147 4137 bouae
1170 4079 1268 4135 meotis
1296 4086 1376 4134 statu.
1394 4080 1436 4134 lin
1458 4078 1541 4132 etiarn
1564 4074 1717 4145 conjunctio

64 4169 256 4239 experientiae,
270 4169 298 4223 in
310 4175 413 4223 tanturn
429 4179 459 4224 ιιι
476 4169 503 4223 in
520 4170 586 4224 bora
610 4169 665 4234 illa,
688 4184 737 4223 seu
751 4168 779 4223 in
792 4176 866 4223 tam·
920 4171 1099 4244 propinquius
1109 4167 1212 4239 aliquid
1230 4167 1358 4239 designat
1373 4181 1453 4237 quum
1468 4180 1543 4222 ecce.
1558 4165 1629 4221 Ecce
1643 4164 1716 4220 euim

64 4271 128 4326 pore
143 4255 302 4312 illodivinte
322 4256 494 4319 visitationis,
511 4272 526 4311 a
543 4257 623 4328 pleno
645 4257 739 4312 osculo
767 4261 866 4312 mntuae
919 4260 1085 4316 demonstrat
1107 4254 1237 4328 quidquid
1265 4254 1388 4310 sensibus
1417 4262 1518 4325 praesto
1545 4261 1597 4320 est,
1626 4267 1716 4325 quan-

63 4343 276 4416 oonjunctiouis,
297 4359 313 4398 a
338 4344 418 4415 pleno
447 4347 573 4415 amplexu
593 4353 694 4400 mutuae
718 4344 864 4412 fruitionis,
919 4349 1021 4403 tornois
1047 4346 1129 4417 longe
1152 4344 1187 4399 sit
1202 4359 1257 4410 3en
1286 4337 1361 4408 vero,
1396 4342 1469 4414 qood
1494 4358 1550 4413 prae
1578 4339 1714 4404 manibus,

64 4433 204 4503 bonnam
225 4441 253 4488 et
280 4432 413 4504 Sponsam
441 4433 514 4488 solus
541 4433 647 4488 dividat
674 4434 763 4505 paries
784 4434 863 4499 hujus
880 4418 980 4491 Dsive
994 4436 1021 4490 in
1035 4433 1162 4489 manibus
1176 4431 1298 4488 habetur.
1318 4453 1329 4479 ι
1347 4431 1409 4485 Post
1423 4431 1553 4500 parietem
1561 4435 1713 4483 nostrum.»

65 4525 250 4583 mortalitatis.
275 4526 309 4581 lit
336 4526 567 4598 lsteipseestcui
596 4526 706 4582 dicebat
733 4527 861 4596 fdoyses:
916 4525 1003 4591 Mnus,
1027 4523 1065 4577 ait
1088 4522 1202 4592 Sponsa,
1219 4518 1308 4575 fuerat
1336 4519 1426 4589 paries
1454 4517 1506 4572 iste
1530 4514 1713 4580 mortalitatis,

67 4614 300 4671 ·0stendemihi
317 4615 544 4685 teipsnmOEeod.
575 4616 695 4683 xxxrn);
715 4636 725 4663 s
744 4620 771 4669 et
798 4617 862 4668 item
916 4612 1070 4670 communis
1096 4607 1252 4664 conditione
1278 4605 1393 4677 peccati,
1422 4610 1451 4658 et
1487 4603 1662 4675 cormptione
1687 4609 1716 4659 et

67 4703 201 4760 Dominus
215 4702 249 4758 ad
264 4703 375 4774 lloysen
387 4721 394 4757 :
406 4724 417 4754 ι
427 4704 488 4758 Νοιι
504 4703 575 4758 ειιίιιι
587 4702 688 4758 videbit
711 4718 755 4758 me
782 4703 863 4758 homo
916 4700 1043 4771 passione
1058 4704 1172 4770 naturae,
1197 4694 1245 4749 sed
1259 4693 1481 4765 appropinquans
1501 4690 1569 4746 mihi
1593 4692 1715 4760 Sponsus

67 4799 91 4847 et
109 4791 186 4847 viret
205 4792 307 4861 (bid).
327 4815 338 4837 a
355 4790 521 4847 invisibilem
550 4805 617 4862 ergo
645 4798 707 4861 post
733 4789 864 4860 parietem
917 4804 996 4844 suum
1012 4786 1094 4842 etiarn
1107 4799 1169 4840 eum
1185 4780 1275 4838 effecit
1293 4781 1454 4853 dignatione
1471 4779 1570 4853 grana
1598 4786 1625 4834 ει
1637 4793 1715 4834 com-

66 4879 326 4937 ridereesttantum
340 4896 402 4934 eum
417 4878 520 4947 videre,
535 4887 665 4952 quantum
693 4894 756 4933 cnm
772 4877 865 4933 videre
917 4876 1045 4947 passione
1058 4870 1187 4929 bonitatis
1197 4870 1401 4926 suasNostrum
1411 4882 1489 4940 ergo,
1508 4869 1556 4935 sit,
1572 4865 1713 4940 parietem,

67 4968 93 5023 in
106 4968 166 5025 rita
178 4965 234 5022 ista
247 4966 376 5038 possibile
385 4975 434 5023 est.
451 4989 463 5015 ι
480 4968 532 5036 En,
548 4966 647 5038 inquit,
661 4965 718 5036 ipse
738 4972 790 5021 stat
804 4979 865 5036 posi
918 4965 944 5019 in
968 4977 1024 5036 quo
1053 4957 1241 5016 misericordia
1266 4964 1296 5014 et
1323 4955 1426 5016 veritas
1448 4955 1627 5013 obriavamnt
1651 4954 1714 5024 sibi,

65 5058 347 5128 ponetemnostmn.
365 5078 377 5104 ι
393 5085 429 5096 -
443 5056 495 5123 fia,
511 5070 619 5111 sensum
644 5057 725 5110 sonat
738 5068 864 5126 praesen·
918 5067 981 5107 cum
995 5057 1057 5121 post
1067 5047 1150 5120 primi
1164 5045 1281 5103 hominis
1294 5052 1435 5118 peccatum
1455 5044 1560 5101 veritas
1587 5051 1614 5099 et
1640 5042 1716 5099 reri·

66 5152 132 5221 tira3
147 5151 347 5226 {pragaodium
375 5151 550 5224 experientiae
565 5169 573 5219 ;
589 5151 674 5207 statio
701 5150 865 5204 suavitatem
918 5146 982 5201 tatis
996 5144 1129 5201 severitas
1151 5143 1284 5214 parietem
1302 5142 1390 5214 ipsum
1412 5138 1565 5198 communia
1591 5137 1716 5195 mortali·

65 5248 215 5305 fruitionis.
251 5246 299 5304 tat
325 5247 417 5319 paries
448 5254 491 5303 est
518 5247 651 5303 dirimens
681 5246 815 5316 Sponsum
839 5250 867 5300 et
919 5243 982 5297 tatis
1006 5241 1177 5298 contexuerit
1202 5239 1268 5296 mibi
1283 5257 1291 5306 ;
1307 5246 1430 5308 tempore
1451 5243 1542 5292 ειιιειιι
1566 5234 1717 5292 miserandi

65 5343 272 5418 Sponsam3de
285 5358 340 5414 quo
354 5345 488 5415 Propheta
501 5343 565 5399 dicit
581 5360 589 5399 :
608 5365 620 5392 ι
637 5344 671 5398 Et
686 5342 712 5396 in
728 5343 787 5397 Deo
802 5355 865 5397 meo
918 5336 1106 5395 misericordis
1120 5337 1209 5409 ipsum
1222 5334 1391 5392 contexuerit
1413 5332 1476 5390 sibi.
1506 5334 1537 5389 ln
1559 5347 1623 5406 quo,
1648 5331 1719 5390 sicut

65 5443 253 5517 ueoqredior
267 5456 372 5497 murum
383 5442 471 5513 (Psoi.
487 5444 568 5511 xvu).
591 5462 602 5489 ι
617 5438 697 5510 Quod
714 5437 779 5510 qnid
792 5436 865 5494 eliud
918 5434 1120 5506 supradictum
1143 5441 1192 5501 est,
1222 5431 1351 5489 fenestrae
1376 5438 1439 5486 sunt
1463 5437 1491 5488 et
1517 5428 1633 5487 cancelli
1651 5446 1659 5493 ς
1674 5427 1718 5485 fe·

68 5548 202 5614 ecquam
216 5554 296 5597 mans
310 5544 338 5596 et
351 5537 483 5596 memoria
496 5535 701 5595 stconseieotio
726 5551 776 5608 per
795 5550 866 5592 con·
919 5538 1017 5589 nostre
1029 5530 1143 5589 uecta
1154 5528 1220 5601 justi
1233 5528 1343 5588 Domini
1369 5536 1395 5587 ει
1406 5527 1525 5599 justitias
1551 5527 1714 5602 domenum
