3728 6000
98 220 152 275 tas
481 217 605 276 Tentat
625 212 829 273 CllllONlCON
849 215 1149 277 ulhutntacnusta.
1166 248 1203 259 —
1217 219 1285 273 Llli.
1306 219 1341 275 ll.
1689 213 1743 273 lhss

96 341 246 399 Pissiacum
262 341 331 397 inter
346 344 493 398 monachos
504 353 529 399 et
544 345 691 400 canonicos
706 341 733 396 iu
745 344 888 412 presentia
903 347 932 405 Α
946 351 1004 399 stes
1019 344 1045 399 in
1070 344 1179 399 abbatia
1194 343 1369 398 Colnmhensi
1385 342 1539 399 clarissima
1562 343 1667 415 lampas
1681 358 1744 400 mo-

95 432 169 504 rcgis
193 433 251 485 dies
277 430 367 500 placiti
391 433 525 488 statuitur.
547 435 598 488 iles
618 434 677 489 haec
702 442 758 485 tum
781 441 895 502 propter
949 437 1061 490 nasticae
1087 434 1228 505 religionis
1251 434 1359 494 enituit,
1385 432 1446 502 plue
1474 433 1565 488 minus
1592 448 1631 488 xx
1658 448 1746 489 annos

97 521 151 576 loci
175 523 257 583 butus
277 519 408 589 inopiam,
425 531 480 576 tum
498 532 608 593 propter
630 521 766 576 infamiam
791 537 879 591 tntpor
948 532 1027 578 natus
1051 522 1213 577 tal-faciens
1243 524 1327 576 rebus
1355 522 1493 582 huutanis,
1520 531 1619 579 nostrae
1642 522 1747 578 militiae

97 610 187 665 tabilis
208 609 304 663 abbati
328 611 492 682 caeterisque
514 611 643 666 iratribus
668 609 820 664 videbatur.
841 609 895 664 Sed
948 612 1065 683 sumpsit
1091 624 1270 667 armaturam.
1301 612 1431 677 Thomas,
1453 611 1535 666 ueluti
1564 611 1677 666 meliore
1703 610 1746 665 sui

97 698 279 754 medicusille
303 699 348 772 qui
364 700 404 754 sic
418 708 459 754 est
478 709 574 771 potens
598 708 626 754 ut
654 700 687 753 sit
714 698 894 766 omnipotens,
949 702 1298 772 partetruttcatns‚vivet·c
1319 703 1419 756 saeculo
1442 717 1499 754 non
1523 701 1666 770 potuisset,
1683 714 1745 755 cum

7 843 11 851 ,
98 787 144 860 qui
166 787 321 843 devenero
343 788 520 844 facerenovtt
541 788 798 851 antidotttm,etiam
819 786 896 841 malis
949 790 995 844 diu
1019 790 1198 860 vagabundus
1218 789 1308 844 anitno
1332 790 1409 845 vario
1425 789 1515 845 anxiae
1536 790 1638 844 mentis
1665 797 1747 845 astus

99 876 171 932 hene
187 887 272 939 utens,
291 878 496 946 comprehensis
511 878 552 931 his
571 877 738 947 sapientibus
752 877 779 930 in
801 877 896 929 astutia
950 878 1020 934 ferro
1036 895 1088 935 non
1109 887 1208 948 posset,
1225 879 1332 933 Warini
1346 879 1470 949 sequitur
1485 879 1608 951 vestigia,
1624 877 1748 951 gaudena

98 980 148 1021 sua
163 966 330 1034 (oeciderunt
347 967 447 1037 qnippe
463 967 488 1020 in
500 966 606 1021 foueam
622 982 701 1036 quam
717 965 770 1035 ipsi
786 981 896 1036 parave-
950 967 978 1021 itt
1003 966 1212 1023 ordtnenostro
1241 967 1350 1024 homine
1378 968 1519 1038 praevium,
1536 983 1616 1039 quem
1643 966 1747 1023 socium

99 1057 182 1119 runt),
196 1062 221 1108 et
236 1069 284 1109 eos
300 1056 378 1109 vanis
389 1058 489 1125 spebus
505 1058 616 1125 pertitus
627 1054 833 1125 exspoliavit,et
847 1070 897 1108 nos
950 1072 1060 1126 semper
1074 1056 1213 1111 habuerat.
1239 1056 1305 1111 Cum
1321 1056 1404 1129 igitur
1424 1057 1559 1119 Albertus,
1574 1055 1625 1111 hac
1639 1054 1748 1110 abbatia

99 1142 197 1198 talibus
227 1144 444 1198 tribulationibus
467 1144 638 1216 expurgavit.
661 1144 752 1199 Ahbas
780 1159 897 1214 namquo
951 1145 1062 1199 dimissa
1082 1145 1221 1200 columbis
1246 1153 1472 1206 remeas-aeteus
1494 1160 1584 1200 secum
1609 1144 1748 1199 abducens

98 1241 191 1287 noster
203 1233 364 1300 jampridem
388 1234 478 1287 multis
501 1234 639 1287 hertetieiis
659 1231 896 1303 archiepiscopum
951 1251 983 1289 ex
1000 1235 1106 1290 licentia
1125 1234 1236 1305 capituli
1250 1235 1329 1299 hujus
1350 1235 1415 1289 tnibi
1432 1233 1627 1305 professionem
1645 1232 1746 1305 religa-

97 1321 177 1376 nohis
206 1322 374 1393 alligaverat,
401 1322 439 1376 ita
463 1331 491 1376 nt
515 1324 594 1378 etiam
620 1323 683 1375 dum
711 1338 759 1392 per
789 1322 897 1376 Veteres
952 1325 998 1379 vit.
1015 1324 1132 1378 Thomas
1156 1325 1334 1394 promotusin
1360 1324 1485 1378 abbatem
1501 1330 1676 1385 nostramet
1698 1337 1747 1377 re·

99 1409 226 1480 Stampas
245 1411 384 1464 transitum
407 1411 520 1476 faceret,
546 1411 657 1466 furentis
682 1410 754 1482 vulgi
778 1412 896 1465 detesta-
951 1428 1043 1467 means
1058 1413 1093 1467 ad
1109 1412 1339 1475 nos,illttmsuttm
1351 1413 1505 1467 unanimem
1520 1413 1554 1467 ad
1565 1427 1615 1467 nos
1629 1410 1745 1467 reduxit.

99 1506 175 1553 retur
192 1515 298 1553 errores
318 1508 399 1570 atque
413 1501 558 1567 clamores,
574 1510 600 1554 et
618 1517 686 1569 pene
707 1499 896 1570 inpresentia-
952 1502 1015 1556 Erat
1030 1517 1096 1556 sane
1113 1503 1243 1557 Wartnns
1258 1502 1366 1570 opttmis
1380 1502 1514 1564 moribus,
1536 1511 1616 1571 atque
1632 1500 1745 1555 mitissi-

97 1604 157 1643 rum
173 1588 207 1643 ab
223 1604 315 1643 eurum
329 1591 479 1644 abstineret
492 1589 783 1644 excommunicatione.
793 1588 896 1656 Regem
951 1607 1020 1653 mus,
1036 1599 1062 1646 ot
1082 1590 1117 1646 tle
1132 1591 1233 1645 mundo
1249 1595 1330 1646 totius
1345 1606 1415 1661 pene
1437 1590 1554 1645 libidinis
1569 1606 1665 1659 expers
1679 1604 1745 1644 etta·

98 1692 163 1733 vero
178 1677 285 1732 clericis
299 1679 418 1732 reddidit
431 1679 554 1734 infestum
571 1688 704 1733 eteorum
721 1677 894 1748 perversitas,
910 1703 936 1763 Β
952 1690 1035 1734 serat.
1053 1680 1177 1734 llonttchi
1197 1688 1309 1734 semitas
1326 1680 1473 1752 ingressus,
1489 1678 1644 1735 sobrietatis
1663 1677 1746 1732 fervi-

99 1774 126 1820 et
140 1765 246 1821 abhati=
268 1767 446 1822 familiaritas.
471 1769 633 1823 Convocatis
657 1783 724 1838 crgo
740 1766 774 1820 ah
798 1766 896 1821 obhato
952 1768 1003 1823 dus
1017 1777 1122 1824 amator
1138 1769 1194 1833 luit,
1209 1770 1245 1823 ita
1270 1770 1332 1824 cibo
1348 1777 1465 1841 potuque
1480 1784 1586 1839 parcus,
1602 1775 1631 1822 ut
1645 1765 1748 1823 cunctis

98 1855 170 1925 apud
191 1855 337 1912 Pissiacum
360 1866 421 1911 tunc
443 1858 573 1921 temporis
597 1855 794 1911 honestissimis
818 1863 897 1923 atque
952 1858 1037 1911 nostri
1047 1859 1177 1926 temporis
1192 1859 1332 1912 monarhts
1349 1856 1571 1927 incomparabilis
1585 1856 1744 1911 haberetur.

98 1942 291 1999 famosissimis
312 1946 442 2014 personis,
459 1945 573 2018 Sugerio
597 1944 697 1999 abbate
718 1944 746 1999 S.
765 1943 895 2015 lliottysii,
952 1941 1040 2011 Super·
1061 1943 1112 1996 boc
1138 1943 1341 1996 fundamentum
1362 1950 1519 1997 caeterarum
1533 1942 1660 1995 virtutum
1681 1954 1747 2010 per·

99 2027 143 2098 qni
159 2037 226 2083 tuuc
240 2030 320 2083 etiam
337 2030 363 2084 itt
380 2031 442 2085 aula
466 2030 540 2101 regin
556 2029 704 2099 pra-clarus
729 2042 755 2082 et
780 2029 898 2097 optimus

98 2117 251 2173 causidicus
275 2118 436 2182 habebatur,
453 2118 551 2174 Orlone
566 2117 594 2173 S.
616 2116 733 2189 Remigii
757 2116 899 2172 ltetnensis

98 2206 207 2271 abbate,
235 2207 280 2278 qni
300 2216 393 2262 noster
417 2207 564 2278 professus
589 2216 656 2267 erat.
674 2214 701 2261 et
725 2206 759 2260 de
783 2205 898 2261 ecc'csia

98 2293 241 2349 beatorum
266 2304 411 2366 martyrum
434 2295 550 2363 Crispini
574 2303 600 2350 et
620 2293 792 2365 crispiniani,
817 2309 897 2363 quam

101 2382 206 2452 optime
230 2393 346 2447 rexerat,
364 2385 397 2439 nd
426 2385 498 2438 illam
522 2383 662 2438 celsiorem
683 2382 826 2439 ecclesiam
850 2399 900 2452 per

954 2031 1099 2085 lectionem
1121 2030 1315 2085 aedificaverat.
1336 2031 1471 2086 Praeclara
1490 2030 1626 2101 pudicitiae
1647 2027 1747 2083 vexilla

953 2119 993 2174 sic
1011 2121 1100 2174 erexit
1126 2128 1153 2174 ut
1175 2119 1341 2175 conscientia
1358 2119 1425 2187 lieo,
1439 2117 1512 2175 lama
1532 2118 1659 2190 pmximo
1678 2131 1746 2172 ron-

952 2217 1068 2275 servnta,
1087 2208 1199 2272 nemini,
1218 2209 1259 2263 rel
1285 2208 1395 2263 inimico
1415 2216 1506 2279 posset
1520 2224 1581 2263 esse
1598 2213 1747 2277 suspectus.

952 2296 1058 2351 Statura
1086 2312 1227 2368 procerus,
1254 2297 1329 2352 vultu
1359 2297 1483 2368 facieque
1510 2297 1635 2359 decoros,
1666 2294 1749 2351 verbo

952 2385 1109 2440 moderatus
1132 2394 1159 2440 et
1179 2386 1297 2455 incessu,
1321 2386 1392 2455 quod
1414 2385 1525 2441 interius
1549 2399 1607 2441 erat
1628 2382 1749 2441 extetius

100 2469 238 2527 Cononem
254 2473 373 2544 legatum
389 2476 518 2528 llomanae
530 2473 659 2528 Ecclesiae
674 2474 820 2527 translatus
837 2473 896 2527 fue·
951 2476 1009 2529 sine
1029 2483 1093 2546 typo
1117 2476 1290 2546 quodamque
1313 2474 1428 2530 naturali
1447 2475 1528 2530 modo
1543 2474 1747 2541 demonstraus,

99 2568 160 2632 rat;
191 2562 307 2634 llugoue
318 2563 599 2632 ottoque·S.Getmani
616 2562 774 2616 Parisiensis
789 2561 896 2629 abbate,
952 2565 1072 2635 seipsum
1098 2565 1181 2619 duhat
1203 2565 1329 2620 omnihus
1352 2565 1492 2635 exemplar
1520 2562 1639 2619 vivendi.
1666 2564 1749 2621 llulta

99 2650 184 2707 multa
207 2655 278 2707 circa
299 2668 393 2724 regem
417 2667 560 2722 procerum
583 2661 663 2722 atque
687 2652 802 2705 militum
828 2651 898 2705 resi·
951 2654 1092 2709 uerissima
1107 2655 1141 2707 de
1156 2669 1189 2709 eo
1209 2655 1371 2718 dicerentur,
1387 2653 1439 2707 uisi
1453 2653 1515 2722 quia
1533 2652 1596 2707 dnm
1611 2651 1749 2708 scribere·

99 2740 181 2797 deute
201 2748 321 2799 caterva.
348 2751 490 2812 postquam
517 2740 551 2796 ad
578 2742 665 2795 lut-em
687 2740 781 2811 judicii
811 2740 896 2804 venit,
952 2760 1011 2797 mus
1025 2744 1093 2807 haec,
1109 2760 1162 2798 sna
1185 2758 1233 2797 nos
1247 2744 1335 2798 adltuc
1350 2742 1503 2798 illustrabat
1517 2743 1673 2812 praescotia.
1687 2742 1747 2797 llu-

99 2831 182 2897 coepit
204 2829 345 2901 expallere
369 2830 529 2899 proditionis
552 2830 699 2900 impietas:
717 2837 743 2883 et
765 2845 896 2901 corpora·
950 2834 993 2899 jus
1015 2832 1082 2887 tanti
1099 2832 1147 2886 viri
1172 2829 1293 2886 fidelitati
1316 2841 1396 2903 atque
1418 2831 1546 2886 familiari
1570 2829 1695 2886 amicitiae
1718 2846 1750 2888 se

100 2920 153 2976 lem
178 2920 260 2975 etiam
284 2919 440 2975 incurrisset
462 2935 579 2987 poenam,
597 2919 641 2973 ubi
670 2927 826 2974 sanctorum
848 2934 895 2973 ca-
953 2924 1036 2971 tntum
1066 2916 1235 2972 commiserat
1260 2917 1354 2971 abbas.
1384 2917 1443 2973 Nec
1466 2916 1580 2971 mirum.
1599 2915 1747 2973 tamenim

2 3046 4 3057 ,
100 3025 200 3064 nonum
234 3009 373 3063 restitisset
407 3011 567 3065 auctoritas.
606 3007 647 3062 llli
683 3018 770 3062 tamen
805 3007 896 3063 clerici
954 3000 1102 3055 tricesimus
1126 3001 1285 3056 volt-ebatur
1312 3016 1411 3068 annus,
1442 3015 1479 3055 ett
1503 3015 1558 3071 quo
1584 3000 1748 3056 monachum

100 3098 161 3154 dico
184 3098 338 3153 carceribus
363 3099 508 3168 mancipati
522 3096 682 3167 suppliciter
707 3097 813 3151 abbatis
840 3096 894 3149 im·
910 3060 935 3124 C
949 3074 1067 3156 professi
1085 3084 1201 3150 fuerant,
1219 3094 1245 3140 et
1260 3086 1333 3139 nulla
1355 3101 1474 3155 unquam
1496 3086 1568 3140 lotor
1581 3099 1630 3141 eos
1654 3083 1696 3140 rel
1712 3083 1748 3140 ad

100 3187 208 3258 plorant
234 3187 375 3253 auxiium,
396 3187 439 3240 etti
464 3203 548 3257 nuper
577 3195 630 3241 tam
660 3201 756 3240 secure
785 3185 895 3239 utinita-
948 3185 1114 3229 momentum
1138 3176 1329 3230 intercesserat
1342 3174 1424 3229 animi
1440 3173 1584 3229 dissensio.
1597 3173 1657 3238 lllo,
1673 3173 1744 3230 sicut

22 3334 31 3351 Ι
100 3274 198 3330 bantur
222 3275 345 3330 exitium.
380 3276 535 3347 Burgenses
558 3291 654 3329 omnes
681 3282 822 3343 totumque
842 3289 893 3342 po·
948 3262 1748 3333 ineaeterisomnibustribulationibusapusillanimitate

98 3364 192 3438 pulum
215 3365 340 3419 Veterum
374 3365 545 3434 stamparum
578 3380 624 3419 rer
660 3363 745 3417 iratus
776 3361 897 3416 Parisios
949 3354 1076 3409 abbatem
1097 3360 1251 3416 reuocante,
1268 3352 1747 3425 rursustugil’arisiussepraesett-

99 3454 245 3510 submonet
268 3456 302 3508 ad
322 3454 464 3522 justitiam,
488 3470 601 3524 sperans
629 3453 692 3508 hino
716 3468 745 3506 se
765 3450 897 3507 maximas
950 3443 1026 3509 tavit,
1042 3452 1067 3497 et
1083 3443 1204 3513 pericula
1223 3442 1322 3513 quihus
1337 3441 1486 3510 laborabat,
1498 3440 1630 3512 vulgique
1645 3440 1747 3511 praeei-

98 3543 229 3614 peounias
247 3543 421 3611 adepturum.
440 3542 611 3612 Quapropter
632 3543 730 3607 ingens
752 3552 781 3595 et
796 3539 895 3594 imole-
951 3531 1013 3602 pitis
1037 3531 1158 3586 insanias
1180 3545 1243 3587 enm
1259 3531 1386 3602 lacrymis
1405 3529 1553 3586 enarravit.
1572 3533 1606 3584 At
1630 3527 1749 3598 propitia

99 3630 187 3686 rabile
204 3648 326 3684 murmur
336 3633 467 3693 exoritur,
478 3633 626 3686 monachos
640 3629 801 3685 maledicere
816 3638 897 3698 atque
950 3621 1081 3692 sapientia
1105 3620 1150 3675 illa
1165 3635 1226 3688 onte
1251 3642 1262 3669 r
1281 3620 1388 3690 attingit
1403 3636 1419 3675 a
1434 3617 1486 3674 fine
1509 3617 1642 3688 usquead
1665 3616 1748 3674 finem

99 3724 238 3791 detestari,
254 3742 302 3797 per
317 3727 444 3780 abbatem
460 3727 504 3795 qui
526 3734 648 3780 versutus
662 3733 730 3784 (apat⁸
747 3736 771 3779 el
788 3734 899 3796 proptep
951 3711 1102 3771 follium&
1117 3709 1239 3778 disponit
1254 3708 1345 3764 omnia
1361 3708 1635 3780 suaviterfshp.vltt,
1647 3710 1684 3776 f),
1698 3705 1748 3761 uiti

100 3830 149 3871 eos
163 3816 235 3871 hunc
250 3813 370 3869 laborem
385 3815 448 3883 pati.
466 3831 514 3869 eos
528 3830 634 3876 omnes,
651 3830 712 3870 cum
728 3823 890 3870 reverterer·
951 3799 1029 3870 futu-⁴
1045 3814 1124 3853 manu
1146 3797 1230 3853 (³⁰¹'da
1245 3813 1339 3867 regum
1356 3800 1428 3861 ⁵⁰⁰¹·
1442 3803 1467 3850 0¹
1489 3811 1549 3869 quae
1564 3795 1628 3851 dicii
1644 3812 1651 3850 :
1669 3818 1681 3843 ⁸
1697 3796 1749 3851 Per

100 3911 154 3973 rur,
169 3903 345 3961 conatuum
360 3904 406 3957 tet.
424 3904 454 3958 nt
480 3903 523 3958 nis
538 3904 680 3960 uon-enus
695 3911 722 3959 er
743 3903 899 3960 roetttsstmts
952 3904 995 3942 me
1010 3903 1091 3957 vrttes
1106 3894 1222 3959 reseret
1235 3888 1328 3956 tt'rrv·
1345 3900 1405 3952 rut,
1423 3886 1506 3955 t⁵),r
1533 3883 1684 3940 turonens
1699 3899 1750 3939 rex

101 3992 316 4063 tempestatibus,
342 3991 487 4064 Vulgrinus
520 4004 613 4047 noster
645 4002 795 4047 extremum
825 3993 898 4046 diem
952 3978 1077 4046 Pstfifffi
1102 3974 1174 4029 illius
1199 3973 1233 4028 fd
1258 3975 1384 4044 Piefalssffl
1409 3980 1510 4039 11¹⁰¹1¹³s
1531 3972 1751 4044 01⁰¹¹¹⁰i⁸ll¹²ae

100 4081 177 4148 obiit,
199 4088 226 4136 et
245 4081 322 4150 juxta
348 4092 458 4136 rttntrem
489 4097 564 4136 auam
591 4081 617 4135 itt
647 4082 766 4137 claustro
796 4090 897 4147 nostro,
953 4065 1099 4137 Vulgi-inus
1122 4063 1402 4134 lenslllffilbffl'fssfle
1430 4061 1585 4128 diffiiiiht'l
1610 4062 1751 4154 ΡΟΡΠῙΨ,

101 4172 173 4242 quod
195 4171 254 4241 ipse
272 4170 439 4241 jampridem
463 4168 653 4232 certificamur,
671 4171 818 4225 tumulatus
846 4177 898 4225 esp,
953 4166 1032 4221 quem
1047 4157 1131 4203 tratns
1146 4156 1319 4212 errtcaverat‚
1332 4144 1490 4218 pacificatus
1505 4146 1580 4201 laetos
1595 4147 1628 4200 ad
1645 4159 1753 4218 proptia

101 4259 160 4315 Rex
181 4266 270 4315 autem
291 4260 361 4314 illius
375 4261 467 4315 omnia
490 4267 518 4314 et
535 4275 565 4314 en
591 4260 672 4314 etiam
693 4274 753 4328 outa
776 4258 857 4312 uobis
872 4257 898 4312 iu
954 4237 1070 4292 remisit.
1091 4236 1201 4306 Sic-que.
1216 4236 1290 4308 <l¹¹⁰d
1305 4235 1433 4291 ⁰¹¹¹¹¹ib¹¹⁵
1449 4235 1621 4303 iml³0⁸⁵lbfl0
1637 4233 1752 4293 videba-

102 4349 301 4420 eleemosynam
330 4348 455 4416 dederat,
485 4349 614 4419 qnoniam
641 4348 676 4402 de
708 4347 810 4401 familia
839 4347 900 4416 eju³
954 4326 1187 4391 tur,tlatttal)eo,
1210 4324 1673 4397 cuiomniapossibiliasunt,post
1691 4325 1752 4387 hor·

102 4446 229 4500 0r1uffi2r
253 4438 312 4492 sine
332 4438 440 4492 lfflede
463 4444 584 4491 mortuus
609 4436 707 4498 fuerat·
724 4435 750 4488 j„
775 4434 899 4489 manibus
914 4420 939 4479 D
955 4417 1014 4470 ritla
1030 4416 1120 4469 nubila
1136 4415 1307 4484 tempestatis
1328 4414 1416 4483 hujus,
1433 4412 1500 4468 felix
1515 4413 1595 4468 nohis
1617 4411 1751 4467 serenitas

2 4568 4 4573 .
101 4527 159 4582 suis
181 4527 338 4596 assumpsit.
355 4527 409 4580 llas
438 4525 508 4580 inter
534 4534 622 4578 tantas
650 4523 899 4593 impenetrabilium

102 4615 185 4672 veluti
210 4615 452 4686 Thermopylarum
473 4614 613 4685 angustias
628 4612 713 4667 abhas
737 4620 898 4668 tetamento

103 4703 245 4767 deficiens,
265 4704 400 4772 disposuit
414 4701 551 4757 abbatiam
567 4700 715 4765 dimittere,
731 4701 804 4756 etad
820 4699 898 4769 quie-

104 4793 200 4849 tiorem
217 4800 297 4848 tutum
317 4792 448 4846 transire.
468 4791 522 4847 Sed
540 4790 635 4862 optimi
656 4800 681 4846 et
698 4788 900 4851 religiosissimi

105 4881 174 4938 socii
188 4888 216 4936 et
229 4880 375 4936 consiliarii
391 4881 432 4935 sni
447 4880 541 4937 Garini
557 4881 655 4951 prioris
671 4878 835 4934 refocillatus
859 4885 901 4932 est

105 4979 132 5027 et
142 4969 258 5027 consilio
271 4978 298 5023 et
312 4970 422 5025 auxilio.
430 4969 480 5026 llic
494 4968 644 5037 Sparnonis
656 4967 777 5023 bottastia
787 4976 814 5022 et
826 4967 902 5022 nubt-

107 5067 179 5124 lihus
191 5065 347 5136 parentthns
363 5066 412 5120 fnit
426 5065 578 5133 oriundus;
593 5081 704 5121 crevere
719 5064 798 5120 simul
815 5065 902 5119 abbas

106 5173 134 5223 ct
148 5166 193 5221 ille
207 5183 222 5219 a
238 5164 352 5235 pueritia
366 5163 480 5219 comites
495 5163 640 5228 individui,
655 5171 681 5217 et
695 5161 903 5233 effectijuttenes

105 5262 232 5319 studendi
246 5261 336 5334 gratia
349 5261 474 5322 Stampas
484 5259 634 5316 devenere.
650 5259 781 5315 Warinus
795 5259 903 5316 ilberto

105 5368 162 5419 tttm
178 5369 309 5431 temports
332 5359 423 5422 abbati
438 5359 523 5425 butus
542 5358 595 5416 loci
620 5367 699 5417 notus
713 5366 739 5413 et
763 5357 905 5414 familiaris

108 5455 319 5529 saeuusquem
334 5457 417 5512 etiam
428 5456 667 5526 consanguinitate
681 5453 906 5528 tangebatinsti·

106 5560 189 5629 amre
203 5553 321 5627 amdam
335 5568 389 5613 suo
403 5552 643 5629 provehemur
657 5552 777 5622 nomios,
792 5551 839 5627 qui
849 5567 904 5625 pn-

954 4499 1141 4572 prospcritatis
1159 4499 1259 4553 arrisit.
1278 4499 1354 4555 Unde
1377 4497 1579 4570 gratulantibus
1602 4495 1702 4553 animis
1722 4496 1751 4552 in

952 4591 997 4646 die
1022 4588 1148 4647 solemni.
1164 4589 1211 4658 qui
1234 4598 1296 4659 post
1311 4587 1374 4641 talia
1396 4587 1512 4658 propriae
1535 4583 1649 4659 contigit
1669 4585 1749 4641 festi·

953 4678 1043 4733 vitatis
1058 4676 1139 4746 ltujtts
1164 4677 1305 4742 Ecclesiae,
1330 4678 1383 4732 boc
1406 4683 1449 4733 eat
1472 4676 1500 4731 in
1523 4676 1627 4732 octavis
1649 4675 1750 4730 l‘ente-

954 4775 1056 4831 costes,
1073 4782 1089 4818 a
1105 4766 1206 4819 domno
1229 4764 1336 4820 Tltoma
1360 4773 1425 4820 tunc
1445 4764 1575 4836 temporis
1599 4762 1650 4819 loci
1670 4761 1750 4818 istius

954 4864 1061 4930 abbate,
1079 4878 1190 4917 assensn
1207 4862 1325 4917 omnium
1342 4860 1464 4925 fratrum,
1476 4860 1502 4915 iu
1518 4860 1659 4917 communi
1672 4858 1751 4931 capi-

956 4961 1011 5017 tulo
1028 4961 1069 5015 he
1080 4958 1263 5014 institutiones
1279 4958 1361 5014 facta
1375 4966 1402 5013 et
1416 4956 1581 5015 confirmatae
1596 4962 1668 5013 sunt.
1685 4957 1751 5013 lns·

955 5060 1061 5114 titutum
1083 5066 1126 5112 est
1144 5067 1172 5112 ut
1187 5058 1403 5115 anniversarium
1424 5057 1497 5129 regis
1516 5054 1633 5128 Philippi
1646 5056 1751 5113 solem·
1812 5077 1817 5086 ·

958 5158 1030 5213 niter
1055 5157 1192 5213 annuatim
1207 5156 1365 5223 celebretur,
1386 5164 1413 5211 et
1434 5155 1508 5228 prior
1527 5154 1696 5226 Stampensis
1718 5153 1754 5210 ad

958 5253 1132 5311 refectionem
1163 5254 1283 5321 fratrum,
1309 5253 1343 5309 ad
1363 5253 1451 5322 pisces
1479 5252 1584 5308 scilicet
1609 5251 1753 5321 emendos,

958 5369 998 5409 xtt
1009 5350 1165 5409 solidosillo
1181 5351 1226 5408 die
1240 5352 1299 5407 sine
1308 5350 1436 5407 dilatione
1446 5349 1646 5424 largiaturllic
1654 5349 1755 5406 etenim

959 5466 1008 5509 reat
1023 5450 1149 5507 ecclesie
1170 5449 1242 5515 huic,
1258 5465 1319 5522 quae
1348 5463 1397 5506 suo
1423 5457 1545 5520 tempore
1566 5448 1678 5505 fundata
1692 5445 1754 5519 fuit,

957 5549 1101 5609 munificus
1114 5550 1230 5609 exatidt.
1244 5550 1311 5609 liam
1325 5564 1441 5624 nunqua
1455 5549 1492 5607 ttb
1506 5547 1631 5613 librardo
1647 5543 1756 5613 Ruteeli
