3728 6000
48 228 132 286 40„
686 215 869 274 sitarciis
884 212 928 268 er
949 213 1157 272 serviesunt
1705 224 1780 283 resa

49 354 141 411 letrni
169 350 286 409 comitis
309 347 349 406 ad
370 347 505 404 Disisam.
525 344 682 401 cretarum
701 355 885 399 veromoua-
901 338 926 394 A
943 338 1067 395 liornino
1093 338 1156 406 lilii,
1184 341 1362 399 venerabilis
1394 342 1491 400 fratris
1520 346 1611 403 nostri
1637 351 1771 420 lingonis

51 443 182 500 sterium
195 440 232 496 de
252 438 400 496 Firmitale
421 435 478 491 sub
503 433 650 505 regimine
669 437 697 488 et
716 428 885 487 obedientia
940 428 1495 505 Autissiodorensiseplscopiprecibus
1507 435 1650 507 inclinati,
1663 440 1772 497 vestris

56 536 159 590 vestra
173 543 292 602 semper
305 526 458 584 consistat.
937 515 1027 586 iustis
1040 517 1289 589 postulationibus
1300 521 1460 579 clementer
1470 526 1641 591 annuimus,
1655 532 1683 583 et
1693 544 1770 600 prac-

93 607 887 687 llecernimusergoutnulliomninobominumliceat
939 603 1036 661 iatum
1051 605 1160 673 locum,
1178 609 1280 682 inquo
1296 608 1399 667 divino
1420 614 1580 686 mancipati
1598 617 1669 672 estis
1683 618 1770 676 obse-

52 709 311 783 praenominatum
326 703 426 761 locum
442 707 552 758 temere
566 699 749 774 perturbare,
760 702 811 755 aut
821 694 887 768 ejus
940 694 1022 765 quio,
1037 694 1094 751 sub
1110 696 1369 756 B.Petrietnostra
1381 704 1561 772 protectione
1575 706 1768 778 suscipimus,

51 789 447 872 possessionesaulerre,vel
459 789 577 847 ablatas
586 788 723 852 retinere,
739 785 884 848 minuere,
940 787 969 838 et
984 784 1139 854 praeseutis
1153 786 1254 858 scripti
1274 787 1428 859 privilegio
1448 793 1685 863 communimus,
1707 802 1770 855 sta-

55 902 112 943 esu
129 882 312 958 quibuslibet
327 878 533 937 vexationibus
551 877 673 947 fatigare
689 893 696 944 ;
716 875 768 931 sed
784 873 888 931 omnis
941 875 1056 928 tuentes
1076 877 1108 928 ut
1126 889 1324 949 quascunque
1344 880 1558 953 possessiones,
1580 898 1769 960 quacunque

49 973 176 1045 integra
186 975 399 1029 conserventur
407 984 522 1033 corum,
532 983 587 1041 pro
598 981 730 1039 qnorum
739 963 888 1035 guberna·
942 959 1021 1014 bona
1034 961 1293 1032 inpraesentiarum
1305 966 1384 1036 juste
1399 972 1429 1023 et
1441 970 1586 1027 canonice
1599 974 1769 1047 possidetis,

56 1064 140 1121 hone
154 1068 183 1118 et
197 1059 411 1117 sustentatione
424 1073 568 1114 concessa
581 1059 661 1120 sunt,
676 1053 781 1109 usibus
791 1050 887 1108 omni·
941 1054 993 1104 aut
1004 1050 1032 1105 in
1044 1050 1177 1107 futurum
1186 1055 1379 1110 concessione
1391 1058 1578 1128 pontificum,
1592 1059 1768 1122 liberalitate

51 1142 885 1224 modisprolutura‚salvasedisapostolicaeauctoritate,
941 1153 1057 1208 regum,
1073 1140 1206 1209 largitate
1235 1143 1415 1215 principum,
1443 1146 1594 1205 oblatione
1621 1151 1768 1222 fidelium,

48 1240 263 1299 etdioecesani
293 1235 428 1309 episcopi
456 1232 604 1290 canonica
627 1230 754 1302 iustitia.
772 1230 801 1286 Si
826 1245 887 1302 qua
941 1242 993 1282 seu
1013 1227 1079 1283 aliis
1091 1229 1180 1299 justis
1206 1231 1305 1287 modis
1320 1240 1478 1305 praestante
1493 1239 1618 1295 Domino
1634 1242 1768 1312 poteritis

56 1327 326 1404 igiturinluturum
338 1319 886 1390 ecclesiasticasecularisvepersoua,
941 1315 1078 1388 adipisci,
1091 1318 1178 1374 lirma
1198 1320 1283 1376 vohis
1298 1324 1465 1396 vestrisque
1480 1330 1706 1387 successoribus
1717 1332 1770 1390 illi·

49 1419 151 1490 -linjus
161 1421 269 1474 nostras
280 1411 500 1471 constitutionis
510 1410 651 1483 paginam
663 1407 771 1471 sciens,
783 1410 888 1462 contra
940 1403 1072 1476 betaque
1088 1413 1294 1477 permaneant.
1304 1411 1335 1465 ln
1349 1411 1529 1482 quihushaee
1544 1419 1672 1489 propriis
1684 1419 1771 1477 duxi·

51 1524 128 1566 cam
144 1513 253 1564 temera
279 1503 379 1560 venire
406 1502 573 1566 tentaverit,
601 1497 736 1554 secundo
764 1495 887 1552 tertiove
942 1508 1009 1549 mus
1020 1496 1217 1567 exprimenda
1228 1498 1559 1560 vocabulis:Ecclesias
1573 1507 1702 1564 Sllarhe
1715 1513 1770 1567 lto·

56 1595 255 1660 commonita,
268 1593 292 1649 si
314 1606 375 1648 non
388 1594 502 1646 reatum
520 1603 610 1643 suum
625 1601 757 1657 congrua
770 1583 887 1641 salisia-
941 1582 1041 1639 lunda
1057 1588 1085 1638 et
1100 1586 1128 1641 S.
1145 1585 1266 1642 Mariani
1287 1587 1317 1643 in
1343 1589 1487 1648 suburbio
1516 1594 1770 1656 antissiodorensi

47 1688 156 1744 ctione
166 1683 334 1747 correxerit,
355 1678 523 1754 postestatis
537 1678 720 1748 honorisque
733 1675 779 1730 sui
791 1675 887 1744 digni-
903 1691 925 1748 g
942 1672 1013 1727 sitas
1041 1689 1108 1728 cnm
1130 1675 1272 1732 omnibus
1287 1677 1327 1733 ad
1343 1695 1375 1734 se
1395 1681 1623 1751 pcrtinentibus,
1640 1690 1770 1760 exceptis

58 1780 117 1833 tate
130 1777 240 1838 careat,
256 1785 400 1843 reamque
415 1785 446 1824 se
464 1767 566 1823 divino
577 1764 692 1839 judicio
708 1763 834 1819 existere
849 1762 886 1820 de
941 1760 997 1816 illis
1022 1778 1090 1835 quse
1112 1763 1152 1820 ad
1168 1766 1378 1838 proprietatem
1394 1774 1421 1825 et
1437 1770 1607 1829 dominium
1636 1777 1769 1852 episcopi

57 1866 231 1939 perpetrata
243 1860 398 1933 iniquitate
410 1860 582 1927 cognoscat,
610 1860 667 1910 eta
683 1851 886 1909 sacratissimo
942 1850 1087 1921 pertinere
1101 1852 1247 1910 ridentur.
1263 1855 1660 1927 GrangiamdeOisellacum
1673 1869 1769 1925 omni·

48 1968 183 2026 corpore
194 1945 593 2019 etsanguinelieictllomlui
605 1941 809 2014 Redemptoris
820 1956 887 1998 nos·
940 1938 997 1995 bus
1013 1941 1097 1996 terris
1113 1957 1179 2014 quse
1195 1942 1295 2015 adjus
1309 1946 1440 2003 ecclesie
1456 1950 1487 2004 B.
1504 1950 1600 2008 llariae
1617 1956 1771 2025 pertinent

55 2042 94 2099 tri
104 2042 175 2098 lesu
185 2041 291 2096 Christi
302 2037 400 2095 aliena
416 2035 478 2099 fiat,
491 2039 580 2106 atque
591 2033 621 2088 iu
631 2036 765 2088 extremo
779 2030 886 2086 exami-
940 2027 970 2086 in
984 2029 1050 2085 loco
1061 2029 1111 2086 illo
1133 2036 1161 2088 et
1174 2032 1205 2087 in
1216 2034 1367 2105 parochiis
1392 2037 1589 2109 circapositis.
1606 2045 1767 2116 Grangiam

57 2130 247 2189 nedistrictae
259 2126 362 2184 ultioni
373 2125 537 2196 subjaceat.
551 2121 670 2178 Cunctis
681 2119 885 2176 autemeldem
942 2119 979 2175 de
996 2119 1122 2175 Bosculo
1135 2135 1204 2175 cum
1221 2122 1304 2176 terris
1325 2124 1396 2189 suis,
1414 2128 1572 2198 grangiam
1596 2130 1633 2188 de
1650 2131 1770 2207 Capella

53 2221 127 2278 qoco
143 2220 223 2291 justa
238 2215 424 2273 servantibus
441 2214 478 2270 sit
493 2228 553 2285 pax
568 2210 684 2268 Domini
703 2207 796 2266 nostri
817 2208 887 2264 lesu
943 2224 1011 2263 cum
1023 2208 1108 2263 terris
1121 2208 1193 2274 suis,
1205 2210 1413 2268 molendinum
1427 2214 1464 2271 de
1475 2217 1769 2293 Scoquo,graugiam

49 2308 174 2374 Christi,
188 2310 333 2380 quatenus
348 2303 395 2360 bic
408 2302 535 2358 fructum
549 2300 637 2356 bonae
649 2299 777 2355 actionis
796 2296 889 2369 perci·
943 2296 980 2353 de
997 2298 1107 2353 Bnnost
1122 2314 1189 2354 cum
1207 2300 1352 2357 territorio
1379 2319 1435 2358 suo
1452 2321 1459 2369 ;
1491 2307 1683 2377 praebendam
1695 2312 1769 2370 inte·

52 2396 190 2470 piant,et
201 2397 231 2451 in
247 2395 347 2451 futuro
358 2392 482 2466 praemia
496 2396 614 2447 ateruae
629 2387 712 2461 pacis
725 2386 887 2443 inveniant.
944 2399 1029 2455 gram
1044 2386 1075 2441 in
1088 2386 1214 2444 ecclesia
1229 2389 1328 2445 Sancti
1342 2391 1496 2463 Stephani,
1514 2395 1554 2452 ita
1568 2401 1667 2454 tamen
1684 2402 1767 2472 quod

58 2486 166 2542 Amen·
944 2474 974 2528 in
989 2474 1186 2533 celebratione
1205 2478 1386 2549 quotidianae
1415 2481 1514 2538 missae
1537 2499 1592 2556 pro
1618 2487 1767 2548 defunctis

93 2569 484 2646 Egollugeniuscathclieae
502 2566 639 2624 Ecclesia
662 2565 823 2638 episcopus
845 2580 886 2619 ss.
943 2564 1106 2632 canonicis,
1135 2571 1163 2622 et
1191 2566 1269 2623 illius
1285 2569 1382 2626 missse
1398 2571 1488 2627 etiam
1510 2588 1603 2645 quam
1630 2579 1768 2635 canonici

94 2666 157 2734 Ego
171 2661 329 2733 Gregorius
343 2659 496 2732 presbyter
518 2655 679 2714 cardinalis
701 2653 772 2710 tituli
785 2653 888 2710 Sancti
944 2653 1106 2726 presbyteri
1120 2670 1173 2726 per
1187 2655 1323 2713 ordinem
1346 2661 1463 2716 statutis
1478 2660 1678 2721 hebdomadis
1696 2667 1770 2724 cele-

52 2751 158 2811 Calisfi
176 2769 215 2808 ,δ’
942 2742 1041 2811 brant,
1057 2743 1193 2801 debitum
1218 2744 1314 2803 eidem
1339 2750 1468 2806 ecclesia
1488 2752 1640 2811 servitium
1655 2755 1771 2829 impen-

95 2843 157 2914 Ego
172 2840 267 2897 fluido
287 2836 443 2912 presbyter
466 2834 625 2893 cardinalis
641 2831 716 2889 tituli
734 2836 762 2889 S.
779 2833 888 2905 Grysc-
942 2833 1030 2888 datis.
1042 2833 1120 2889 Sane
1130 2833 1269 2892 laborum
1284 2841 1461 2903 vestrorum,
1474 2856 1552 2913 quos
1566 2846 1695 2917 propriis
1706 2862 1771 2904 ma·

55 2931 182 3004 noum·
942 2921 1032 2978 nibus
1059 2928 1111 2979 aut
1135 2926 1306 2997 sumptibus
1321 2928 1429 2999 colitis,
1446 2931 1507 2986 sive
1523 2931 1560 2988 da
1584 2934 1770 2994 nutrimentis

96 3015 474 3090 Egolordanuspresbyter
481 3011 642 3070 cardinalis
652 3010 765 3068 tituliS.
777 3011 887 3066 Susan·
906 3047 926 3102 C
942 3015 1110 3068 vestrorum
1127 3014 1303 3071 animalium
1316 3017 1416 3074 nullus
1431 3035 1449 3075 a
1463 3019 1547 3076 vobis
1562 3022 1694 3080 decimas
1708 3027 1769 3082 exi·

53 3124 106 3166 ,ΠΒ
121 3125 160 3164 8,·
941 3115 1009 3172 gere
1026 3107 1197 3172 prasumat.

97 3195 323 3268 weomadus
334 3192 511 3250 gabinensis
526 3190 687 3263 episcopus
703 3205 742 3244 ss.
977 3190 1247 3261 Decernimusergo
1263 3197 1294 3248 ut
1304 3194 1508 3253 nulliomnino
1520 3198 1771 3260 hominumliceat

96 3288 159 3357 Ego
172 3284 324 3342 hibericus
337 3281 481 3340 Ostiensis
508 3279 668 3353 episcopus
685 3296 724 3334 ss·
941 3279 1192 3352 praenominatum
1205 3279 1305 3337 locum
1319 3287 1428 3340 temere
1439 3286 1623 3356 perturbare,
1640 3296 1692 3346 aut
1706 3291 1771 3362 ejus

96 3378 159 3445 Ego
178 3375 294 3430 (ΜΠ,
307 3371 495 3429 Tusculanus
512 3369 670 3442 episcopus
686 3384 724 3422 ss.
942 3369 1148 3440 possessiones
1161 3368 1287 3435 auferre,
1302 3371 1471 3429 velablatas
1481 3375 1768 3446 retinereminuere,

95 3465 158 3536 ligo
170 3461 261 3520 Wido
274 3461 421 3519 diaconus
433 3458 596 3516 cardinalis
607 3458 779 3514 SSCosmas
792 3455 887 3512 etDa·
942 3471 995 3514 seu
1007 3456 1186 3529 quibuslibet
1198 3458 1405 3516 vexationibus
1416 3464 1658 3534 perturbare,sed
1668 3467 1771 3527 omnia

54 3553 154 3612 ,miani
170 3569 210 3608 ss.
942 3547 1057 3617 integra
1066 3551 1278 3603 conserventur
1290 3563 1404 3614 corum,
1417 3566 1472 3621 pro
1482 3567 1612 3624 quorum
1624 3555 1772 3625 guberna·

97 3639 347 3712 ugooetsvtanus
358 3637 504 3694 diaconus
519 3634 678 3693 cardinalis
694 3636 722 3692 S.
734 3632 887 3691 Nicolaiiu
944 3635 1023 3693 tione
1042 3640 1071 3692 et
1094 3636 1308 3693 sustentatione
1322 3653 1464 3696 concessa
1489 3649 1568 3708 sunt,
1586 3644 1692 3700 usibus
1708 3649 1771 3702 tan-

51 3732 184 3789 cmer„
198 3727 333 3785 Tulliano
346 3744 385 3782 33,
941 3723 1099 3780 tummcdo
1109 3724 1364 3796 profuturasalva
1375 3727 1632 3801 sedisapostolicae
1645 3734 1771 3790 auctori-

97 3821 159 3890 Ego
173 3816 299 3875 Astallus
314 3817 460 3872 diaconus
474 3811 634 3870 cardinalis
651 3811 832 3869 Slinstachii
843 3827 884 3868 ss.
941 3816 1009 3878 tate,
1028 3817 1057 3868 et
1068 3812 1226 3872 dioecessni
1240 3815 1367 3890 episcopi
1379 3819 1643 3890 canonicajustitia
1669 3822 1771 3895 Siqua

96 3911 204 3966 Datum
212 3905 344 3964 Laterani
353 3921 406 3978 per
418 3919 543 3959 manum
568 3901 683 3959 Roberti
707 3902 735 3957 S.
744 3903 886 3958 Romanae
940 3901 1029 3974 igitur
1042 3902 1071 3957 in
1083 3901 1216 3960 futurum
1227 3903 1427 3963 ecclesiastica
1439 3907 1772 3982 saecularisvepersona,

56 3997 195 4054 Ecclesiae
207 3991 570 4068 presbytericardinaliset
580 3989 884 4058 cancellariixrvllal.
940 3989 1030 4062 hujus
1041 3996 1148 4047 nostra
1161 3993 1381 4049 constitutionis
1397 3996 1540 4066 paginam
1557 3998 1773 4065 sciens,contra

58 4082 224 4151 Februarii,
239 4083 400 4141 indictione
416 4097 474 4146 viu,
492 4080 706 4136 incarnationis
725 4079 887 4136 [lominica
941 4093 1007 4135 eam
1042 4085 1151 4136 temere
1178 4081 1279 4139 venire
1296 4084 1460 4150 tentaverit,
1488 4086 1620 4143 secundo
1647 4089 1772 4145 tertiove

55 4190 142 4232 anno
167 4176 245 4238 1115,
267 4171 458 4246 pontificatus
478 4168 667 4226 verodomni
696 4167 821 4238 Eugenii
851 4168 886 4223 lll
942 4169 1773 4245 commonita,nisireatumsuumcongruasatisiactione

59 4278 150 4337 papie
166 4277 246 4319 auno
259 4261 369 4335 primo.
943 4258 1111 4324 correxerit,
1128 4260 1280 4329 potestatis
1291 4261 1475 4334 honorisque
1492 4263 1539 4318 sui
1559 4262 1706 4333 dignitate
1725 4281 1773 4323 ca-

383 4347 495 4406 Lqfflv,
881 4355 884 4358 ·
905 4403 928 4458 D
944 4350 1016 4412 reat,
1031 4361 1175 4420 reamque
1191 4364 1222 4404 se
1235 4349 1337 4405 divino
1349 4349 1463 4420 judicio
1478 4352 1603 4407 existere
1618 4352 1655 4407 de
1670 4368 1776 4425 perpe·

98 4457 185 4515 Runa
198 4458 232 4514 in
244 4457 375 4528 qratiam
388 4453 562 4511 mononem·
575 4452 680 4509 Sanc„-
698 4451 839 4510 Mariani,
945 4434 1391 4508 tratainiquitalecognoscat,et
1402 4455 1419 4494 a
1430 4439 1634 4496 sacratissimo
1648 4455 1773 4512 corpore

256 4545 354 4619 (Anno
376 4544 454 4610 ΗΜ,
479 4543 545 4598 Jan·
564 4543 620 4607 19.)
943 4527 973 4580 et
993 4524 1139 4594 sanguine
1170 4526 1219 4582 [lei
1246 4532 1275 4583 et
1303 4526 1420 4583 Domini
1449 4527 1653 4601 Redemptoris
1680 4529 1774 4586 nostri

142 4634 265 4711 [partia
283 4633 394 4692 certet.
411 4648 497 4700 nova,
517 4632 568 4697 llll,
588 4634 673 4688 lnstr.
689 4632 752 4689 118.
769 4631 780 4705 J
942 4611 1013 4668 lesu
1027 4613 1133 4669 Christi
1148 4613 1246 4671 aliena
1258 4615 1318 4679 fiat,
1333 4622 1423 4690 atque
1438 4617 1465 4672 in
1480 4621 1612 4673 extremo
1635 4618 1773 4675 examine

95 4727 217 4782 mulus
250 4723 422 4796 episcopus,
449 4737 551 4777 servus
578 4735 734 4776 servorum
759 4720 821 4786 Dei,
846 4719 889 4776 dp,
942 4701 1081 4757 districtae
1097 4701 1201 4759 ultioni
1217 4703 1616 4776 subiaceatdunctisautem
1629 4706 1776 4764 eidemlc·

55 4812 223 4872 recreares
238 4809 490 4869 cerimonem
504 4811 534 4866 s.
549 4809 644 4866 uarie
659 4808 802 4865 aoranae
816 4808 889 4864 roris
943 4803 979 4845 00
1001 4789 1085 4860 jusu
1108 4791 1298 4848 servantibus
1318 4791 1356 4849 sit
1373 4809 1432 4865 pax
1453 4794 1570 4850 Domini
1592 4797 1684 4851 nostri
1705 4796 1774 4852 lesu

61 4901 300 4960 muroscivitatis
314 4898 593 4965 antissiodorensis,
607 4899 730 4970 ejusque
746 4896 888 4955 iratribus
943 4876 1057 4945 (ΜΨ,
1073 4888 1222 4953 (lualflfflls
1237 4881 1776 4957 ei1¹5⁰fffl‘ilumbOssaeflefiOssispel'·

59 4997 123 5050 tam
138 4989 334 5065 presentibus
359 5003 450 5060 quam
467 4987 584 5055 luturis,
612 4988 706 5044 vitam
721 4985 888 5058 regularem
944 4965 1068 5039 Gillium,
1083 4974 1111 5026 0¹
1124 4971 1205 5042 almd
1219 4971 1477 5028 dissiricilssifflum
1493 4973 1628 5044 iud‘fflem
1649 4975 1777 5047 proemia

59 5079 212 5154 protessis,
224 5080 254 5136 in
269 5082 460 5153 perpetuum.
943 5061 1060 5112 eternas
1076 5060 1159 5130 pacis
1175 5060 1337 5119 inveniant.
1355 5063 1460 5128 Amen,
1479 5078 1579 5129 arncn,
1602 5078 1701 5118 amen.

94 5169 243 5236 Quoniam
269 5168 335 5224 sine
358 5182 436 5223 vcra
463 5164 614 5235 religionis
629 5165 710 5221 cultu
734 5163 888 5221 charitatis
984 5150 1046 5221 ΕΚΘ
1061 5150 1211 5221 Εὓδθΰῖῦδ
1225 5150 1383 5208 081110ῑί083
1396 5151 1533 5208 Ecclesioe
1547 5151 1719 5224 episcopus·

56 5258 161 5315 unitas
173 5273 235 5314 non
247 5259 345 5330 potest
356 5254 518 5311 subsistere
532 5269 588 5310 nec
602 5256 661 5311 lieo
672 5257 792 5323 gratum
805 5251 888 5308 exhi·
986 5244 1045 5312 1380
1060 5242 1215 5300 Conradus
1235 5240 1407 5298 Sabincnsis
1423 5240 1594 5313 episcopus.

55 5344 121 5404 beri
136 5344 299 5411 servitium,
315 5342 433 5416 expedit
448 5341 620 5415 apostolica
635 5339 802 5399 auctoritati
821 5339 889 5396 reli·
985 5336 1047 5402 Ego
1062 5332 1126 5391 0do
1140 5331 1287 5388 diaconus
1299 5327 1461 5387 cardinalis
1473 5328 1504 5384 S.
1521 5328 1647 5398 Georgii.

56 5428 889 5508 giossspersonasdiligere‚eteurumquieti,auxiliante
979 5428 1040 5496 Ego
1055 5422 1151 5480 (tuido
1166 5420 1312 5478 diaconus
1344 5417 1507 5476 cardinalis
1537 5419 1584 5475 SS.
1614 5414 1729 5474 Cosmae
1744 5421 1782 5476 et

59 5524 201 5594 Domino,
214 5522 373 5582 salubriter
382 5521 549 5593 providere.
562 5522 734 5594 Eapropter,
747 5516 886 5575 dilectiin
943 5513 1090 5573 Damiani.

171 5638 291 5696 Perseos.
307 5636 439 5696 CLXXX.
1600 5622 1640 5677 35
