3728 6000
127 161 202 220 mli

128 292 272 345 coronata
283 284 467 358 gaudiospe
481 289 510 342 et
520 284 671 342 aboritste
681 288 742 341 tam
758 281 909 340 unanimis
923 282 953 339 in
969 282 992 338 ll
1007 297 1082 351 rem,
1096 287 1211 355 quanta
1227 282 1375 341 debemus
1400 280 1568 354 diligentia.
1591 298 1724 357 semper
1741 285 1833 343 srinu
1863 345 1864 350 ,

125 383 189 436 tam
204 375 396 434 excellente-
409 389 571 447 personam
580 374 779 442 electionis,et
790 379 893 430 nostro
907 387 953 429 ce-
1007 370 1192 444 parati.lnde
1206 372 1349 447 est,quod
1365 387 1422 429 nos
1434 371 1624 443 generalem,
1632 373 1760 431 curiam
1774 380 1835 448 aput

125 464 441 524 lerisdesmdamrsm
451 460 953 530 confirmandamadrentu,cuege
1007 459 1189 532 llerbipolim
1199 461 1299 519 medio
1315 477 1417 519 mense
1429 461 1600 535 Septembri
1610 462 1835 531 celebravimus

122 559 196 613 runt
206 569 263 610 nos
277 552 419 609 electores
428 550 567 622 religiosa
581 550 714 624 quadarn
730 555 759 608 et
771 549 877 608 humili
891 549 952 607 vic
1006 548 1836 626 ibiqueexpeditionemltaliosm,receptisaprincipibna

121 643 216 701 tentia
229 641 381 716 atemplo,
395 641 424 698 in
434 657 496 714 quo
507 640 638 714 suscepti
651 656 848 706 eramus,nou
859 639 951 697 disce-
1005 638 1058 710 qui
1069 639 1349 705 convenerant‚tide
1360 644 1389 697 et
1401 640 1614 708 sacramentis,
1623 640 1797 701 emender
1805 658 1837 701 cr-

125 733 207 798 dere,
217 732 315 790 donec
325 730 499 788 electionem
516 730 659 786 canonice
671 735 700 786 cl
709 729 896 786 concorditer
910 728 950 786 ia·
1005 726 1168 784 dinasimus
1183 744 1191 784 ε
1208 728 1237 785 in
1252 744 1316 803 qua
1329 729 1383 786 rite
1397 730 1583 802 peragenda,
1598 733 1761 804 quoniam
1778 748 1839 806 pra·

125 827 216 887 ctam,
230 820 312 891 regio
333 835 415 877 more
438 819 697 884 confirmaremus,
713 821 743 874 et
764 817 892 875 electum
912 817 950 874 ad
1006 815 1103 874 sentia
1121 822 1151 874 et
1170 817 1294 875 consido
1317 817 1416 875 dilecti
1438 821 1532 877 nostri
1556 822 1644 892 liar,
1669 821 1838 879 uenerabilis

124 906 795 979 reiormandampscemetiustitisssaculares
802 905 951 964 iaciendas
1007 905 1172 965 cremensis
1186 907 1404 983 archiepiscopi
1419 924 1521 966 carere
1540 926 1603 968 nec
1621 909 1838 969 debemusne

123 998 360 1074 prorsbsrsmus
377 1003 408 1054 el
426 996 652 1068 adjuvaremus.
667 997 774 1052 Verum
788 995 849 1065 iile,
864 995 951 1052 solito
1006 994 1155 1062 volumus,
1170 997 1358 1068 paternitatis
1369 998 1557 1056 sanctitatem
1574 1004 1701 1057 attenta
1720 1000 1839 1059 Moero»

125 1087 224 1145 studio
235 1086 438 1144 contradicere
449 1084 637 1159 persistebat,
648 1099 786 1141 asserens
796 1100 827 1142 se
839 1098 952 1159 nequa·
1005 1083 1097 1141 tentia
1108 1100 1261 1156 rogamus,
1278 1090 1311 1142 ut
1323 1085 1404 1143 diem
1418 1090 1448 1144 et
1467 1089 1639 1147 terminum
1653 1105 1716 1164 pro
1732 1105 1838 1149 conssr-

124 1192 218 1249 quam
238 1174 373 1233 sufficere
393 1173 432 1232 ad
448 1175 601 1231 sanandas
616 1173 806 1230 contritiones
828 1189 946 1231 eorum.
1005 1171 1836 1246 reudabremensisEcclesiaedignitatesilriconstitutum

125 1268 200 1324 (lum
210 1262 398 1338 lacrymabili
412 1263 584 1336 spectaculo
595 1262 845 1319 totaColoniensis
856 1262 952 1319 Eccle·
1004 1260 1134 1333 benigne
1149 1261 1190 1319 illi
1205 1264 1371 1332 remittatis,
1384 1272 1413 1321 et
1424 1280 1550 1323 causam
1566 1266 1672 1341 ipsius
1698 1285 1795 1342 usque
1806 1270 1836 1327 ad

125 1355 169 1413 sia
184 1352 223 1411 ad
233 1353 327 1426 pedes
342 1353 407 1424 ejus
419 1357 568 1426 prostrata
578 1350 785 1423 iaceretllens
795 1356 824 1408 et
837 1351 950 1425 suppli·
1004 1360 1143 1407 nostrum
1166 1351 1327 1410 adveutum
1349 1352 1501 1423 differatis,
1517 1355 1579 1413 bac
1594 1356 1781 1430 interposita
1792 1358 1835 1415 cir-

124 1458 198 1502 cans
220 1447 254 1500 ut
276 1441 389 1498 labenti
408 1444 438 1497 et
458 1440 605 1498 corruenti
622 1442 710 1497 matri
727 1456 788 1497 sum
805 1444 950 1514 tanquam
1005 1439 1195 1507 cumstantia,
1212 1444 1245 1498 ut
1266 1441 1414 1499 innostro
1431 1442 1566 1502 adventu
1581 1445 1700 1503 eadem
1712 1448 1833 1503 carnin

123 1530 194 1607 pius
205 1529 743 1588 illiusmauumaccommodaret.Nos
752 1528 843 1600 igitur
854 1530 891 1586 de
901 1545 950 1587 re·
1005 1533 1102 1586 vestra
1127 1529 1286 1602 presentia
1304 1531 1473 1589 secundum
1490 1536 1632 1591 tentum
1661 1535 1833 1594 veritatiset

124 1619 332 1686 strabonitate,
341 1634 432 1695 quam
442 1619 775 1693 plurimuminllomiuo
784 1618 948 1690 diligimus,
962 1632 986 1691 g
1002 1616 1125 1689 justitiae
1138 1619 1320 1677 terminetur.
1335 1619 1444 1677 contisi
1457 1622 1538 1679 enim
1550 1622 1593 1680 de
1608 1629 1716 1682 vestra
1727 1625 1832 1682 sinceri

123 1711 239 1781 conlisi,
249 1707 445 1784 promisimus
458 1715 517 1765 tam
530 1708 664 1765 Ecclesia
675 1708 843 1765 Coloniensi
855 1724 949 1783 quam
1005 1711 1064 1764 tate
1085 1705 1211 1779 iratique
1234 1706 1360 1765 consilio
1379 1708 1477 1766 dilecti
1497 1711 1597 1769 nostri
1624 1713 1663 1770 0.
1681 1712 1830 1771 maninus

124 1800 194 1872 albi,
202 1798 284 1875 quod
292 1798 374 1872 apud
385 1796 598 1856 sublimitatem
608 1802 738 1855 vestram
750 1797 846 1854 modis
854 1797 950 1855 omui·
1004 1796 1102 1863 vestri,
1126 1795 1178 1870 qui
1205 1802 1273 1854 tunc
1297 1812 1429 1870 praesens
1451 1803 1526 1865 erat,
1552 1800 1722 1874 praelatum
1750 1802 1828 1860 arebl-

122 1886 183 1946 bus
196 1887 565 1960 obtineremus,quatenus
579 1887 645 1959 ipsa
658 1885 843 1943 Coloniensis
853 1886 949 1944 Eccle-
1003 1885 1188 1957 episcopum,
1196 1901 1264 1942 cum
1276 1888 1342 1958 iam
1355 1886 1394 1944 ad
1406 1887 1462 1944 iter
1473 1887 1657 1947 iaciendum
1673 1891 1828 1948 succinctus

124 1976 168 2035 sia
176 1975 277 2033 lumin
291 1974 450 2049 privilegiis
463 1976 524 2032 suis
539 1975 681 2048 antiquis,
689 1976 740 2033 sed
754 1973 907 2046 neglectis,
919 1981 950 2034 at
1002 1979 1092 2040 essct,
1108 1974 1191 2047 apud
1206 1990 1261 2031 nos
1276 1974 1463 2045 retinuimus,
1476 1983 1509 2034 ut
1523 1978 1554 2035 in
1570 1983 1662 2037 tanta
1674 1983 1705 2036 et
1719 1984 1778 2038 tam
1791 1997 1827 2037 ce·

122 2078 205 2123 nunc
226 2078 280 2138 per
302 2069 407 2123 vestre
430 2063 644 2123 benedictionis
667 2063 834 2135 largitatem
857 2079 947 2122 reuo·
1002 2061 1826 2139 leriexpeditioueeumpromptioremhabereraleamus

122 2154 232 2213 randis
244 2158 273 2212 et
291 2153 508 2211 confirmandis
522 2154 723 2221 roboraretur,
739 2156 803 2210 tum
818 2169 948 2227 persona
1002 2152 1154 2210 sanctitati
1168 2159 1272 2211 restrre
1291 2158 1401 2211 attente
1419 2156 1684 2215 commendamus
1704 2150 1828 2216 cbarissi-

33 2274 36 2279 ·
122 2243 219 2319 ipsius
231 2243 355 2319 pristina
368 2243 602 2315 dignitatejasta
612 2243 866 2316 praedecessorum
879 2257 947 2299 suo·
1001 2241 1541 2302 munsnoblsCorbeieusemabbatem
1547 2244 1826 2314 Wrbaldum,rirum

121 2346 189 2393 rum
199 2330 330 2391 lormam
340 2333 598 2390 honestaretur&
607 2331 811 2390 adiuildivina
821 2331 947 2389 clemen·
1002 2329 1104 2403 utique
1115 2330 1303 2403 prudentem,
1311 2335 1340 2388 el
1352 2338 1412 2389 tam
1424 2332 1511 2390 vobis
1520 2350 1622 2407 quam
1634 2342 1826 2395 sacrosancte

120 2422 162 2481 tla
184 2423 274 2481 bonis
295 2422 451 2497 principiis
477 2421 615 2479 meliores
642 2436 757 2493 augens
778 2436 945 2492 successus,
1000 2420 1086 2476 matri
1102 2425 1211 2478 nostra
1226 2423 1368 2479 Romanae
1384 2420 1521 2479 Ecclesiae
1537 2438 1593 2496 per
1609 2424 1826 2483 omniatiddis

120 2513 265 2586 quoniam
276 2511 316 2570 ad
324 2512 492 2584 ingressum
502 2513 577 2583 eius,
585 2514 690 2569 nostra
702 2517 881 2584 cooperante
890 2511 946 2568 cle·
999 2506 1120 2580 simum,
1136 2513 1170 2566 ut
1182 2526 1252 2567 eum
1265 2527 1320 2583 pro
1333 2516 1441 2569 nostre
1454 2510 1629 2571 dilectionis
1641 2519 1674 2573 et
1689 2513 1825 2588 petitionis

115 2601 237 2667 mentia,
245 2600 426 2658 etbellorum
438 2601 511 2658 tuba
520 2601 708 2668 conticuit,et
717 2600 944 2673 latronumgrex
996 2595 1445 2673 intuituclementerexcipiatis,
1460 2603 1523 2658 tam
1538 2601 1570 2658 iu
1585 2603 1755 2676 privilegiis
1767 2603 1820 2658 suis

115 2691 197 2749 tante
210 2687 393 2746 tortitudinis
405 2703 498 2746 manu
513 2690 684 2762 perterritus
699 2690 729 2747 in
744 2705 806 2747 sure
822 2689 942 2748 malitia
997 2686 1820 2764 confirmandisqueminsilissuispetitionibusbenigne

113 2777 268 2838 absconso
291 2776 416 2835 delituit.
434 2777 561 2836 Proinde
584 2779 785 2837 sinceritatem
808 2785 941 2838 vestram
996 2774 1173 2843 exaudiatis,
1189 2781 1217 2834 et
1232 2777 1334 2851 aliqua
1343 2777 1683 2838 vestrssbeuedictionis
1693 2786 1724 2838 et
1731 2779 1819 2855 grstia

114 2870 226 2927 attente
237 2866 710 2942 monendorogamus,quatenus
720 2868 941 2941 pronostrredi-
995 2864 1195 2939 prerogativa
1208 2865 1395 2939 insignitum,
1410 2868 1450 2924 ad
1461 2882 1518 2925 nos
1532 2882 1607 2926 oum
1624 2870 1744 2943 gaudio
1755 2869 1818 2928 cele·

112 2954 250 3014 lectionis
262 2970 298 3013 ac
310 2956 460 3029 petitionis
475 2956 581 3014 intuitu
594 2956 735 3015 eumdem
748 2957 884 3024 eiectum,
900 2958 940 3014 ad
953 2986 976 3048 c
995 2954 1056 3011 rius
1067 2953 1233 3013 remittatis.

110 3048 218 3103 vestre
233 3044 472 3106 mensuetudinis
487 3045 679 3119 presentiam
691 3048 861 3104 venientem
876 3061 941 3117 gra·
1361 3044 1452 3103 llxlll.

112 3134 940 3208 tautersuscipiatis,etapostollcrabenedictionisgralia
992 3141 1818 3215 Metiri[imperatorisodllcgentum.—Deeteeticse

111 3228 328 3291 consecratum,
344 3238 414 3280 cum
430 3223 591 3298 privilegiis
605 3224 669 3280 suis
682 3224 831 3282 renovatis
846 3230 875 3283 et
887 3240 939 3282 eu·
1029 3217 1055 3271 el
1069 3215 1262 3272 00r⁰²t⁰ii⁰t¹0
1275 3229 1331 3272 ³²¹⁰
1344 3216 1514 3285 Militem
1526 3215 1693 3277 mliorem
1705 3219 1789 3290 [⁰⁶5⁸-

111 3313 166 3370 ctis
177 3311 311 3370 celeriter
325 3311 364 3370 ad
377 3327 433 3368 nos
445 3312 691 3371 remittatiscum
702 3313 783 3370 enim
794 3330 829 3370 ex
840 3312 938 3371 oiflcio
1254 3313 1352 3383 (Anno
1366 3314 1447 3380 tiit,
1462 3312 1557 3384 llari.)

111 3401 294 3460 Coloniensis
314 3401 450 3459 Ecclesia
465 3402 495 3458 in
516 3402 617 3459 italico
631 3417 724 3474 regno
743 3403 938 3460 cancellarius
993 3408 1108 3484 [Paean
1123 3410 1255 3467 Menum.
1273 3409 1372 3469 Germ.
1389 3410 1469 3477 bist,
1486 3412 1522 3468 le
1543 3427 1574 3483 g.
1592 3418 1612 3468 t.
1629 3412 1668 3479 ll,
1710 3418 1775 3487 .tt,
1787 3430 1818 3471 es

110 3490 226 3560 existat,
239 3496 267 3549 et
281 3490 368 3549 nobis
383 3491 413 3548 in
429 3491 584 3564 Cisalpiuis
599 3491 732 3566 partibus
747 3497 807 3549 tarn
820 3508 855 3549 ex
873 3508 937 3549 ma·
1130 3481 1234 3539 0⁰d500
1248 3482 1374 3538 Wlbflldi
1387 3425 1708 3560 Μωῦὓὲῧῐῗθῦδηρ

110 3579 266 3657 gultndine
279 3582 324 3637 sui
336 3580 529 3655 principatus,
537 3596 629 3654 quam
643 3597 677 3638 ex
689 3581 805 3638 diutina
813 3581 938 3639 familia·
1028 3588 1219 3645 Dilectissimo
1234 3589 1264 3645 in
1280 3589 1394 3646 Christo
1409 3589 1484 3646 Patri
1500 3605 1557 3646 suo
1576 3590 1707 3649 Eunmro
1721 3598 1817 3650 sancte

109 3668 437 3743 ritate,opportuuuset
446 3668 690 3741 prolaturusesse
700 3682 761 3727 non
771 3670 934 3738 dubitetur,
990 3680 1134 3735 nomanae
1148 3677 1285 3734 Ecclesiae
1296 3694 1416 3735 summo
1429 3678 1574 3751 pontiflci,
1590 3680 1765 3741 [immun.
1775 3679 1817 3737 nsi

109 3763 174 3816 tum
188 3763 390 3817 sacrosancte
406 3760 491 3815 matri
507 3765 615 3817 nostrae
631 3761 773 3816 Romane
788 3759 934 3827 Ecclesia,
989 3768 1085 3838 gratia
1100 3769 1305 3824 Romanorum
1323 3782 1373 3824 m
1388 3773 1417 3824 er
1435 3782 1554 3841 smper
1568 3770 1744 3840 rugum,
1758 3770 1817 3827 gip.

108 3850 173 3906 tum
185 3846 311 3922 imperio
324 3852 427 3905 nostro
440 3847 604 3905 favorabile
614 3851 644 3905 et
655 3848 841 3907 fructuosum
855 3849 935 3907 ride·
989 3855 1048 3912 lem
1064 3872 1116 3928 per
1131 3857 1233 3912 omnia
1243 3854 1433 3914 dilectionem
1452 3861 1480 3914 et
1494 3855 1632 3915 debitam
1650 3859 1685 3917 in
1700 3860 1817 3918 Domino

108 3940 168 4004 tur,
187 3936 214 3994 si
236 3952 367 4012 persona
386 3937 495 3995 idonea
515 3938 680 4010 majoribus
703 3939 892 3997 incrementis
907 3943 935 3996 et
988 3946 1198 4002 reverentiam.

646 154 842 216 remonuit
860 154 911 213 eu
927 152 1114 212 Euandrum
1137 153 1177 211 ΙΙΙ
1195 154 1318 212 Pareat
1783 158 1850 253 iffi·

107 4022 216 4096 melori
233 4027 432 4098 prerogativa
441 4039 494 4099 per
510 4040 562 4083 vos
577 4032 799 4099 promoveatur.

483 4131 559 4189 xxti.

106 4214 933 4295 Eiusdemudeumders.—dxpeditioncm1tcticcmprolic-

145 4290 935 4368 clericutilitatempernreripnittccr,commendctqse

142 4362 325 4423 Brammsem
331 4361 613 4436 arehiepiscopumet
625 4363 931 4425 Wlboldumclbotera.

417 4453 517 4527 (Anno
534 4455 625 4526 litt.)

210 4542 357 4616 marren,
371 4542 470 4614 Ampl.
485 4541 612 4610 Collect,
628 4543 662 4611 il,
678 4543 735 4601 coi.
753 4543 828 4618 lte]

141 4648 304 4707 Carissimo
325 4649 355 4705 in
375 4649 488 4707 cbristo
508 4649 587 4707 Patri
605 4666 661 4708 suo
679 4652 801 4708 Eucesro
821 4655 932 4709 sanctse

104 4736 249 4797 Romanae
266 4737 402 4795 Ecclesiae
422 4754 542 4795 summo
556 4738 700 4812 pontiflci,
717 4739 863 4797 Consanus
883 4740 932 4796 ilci

105 4827 201 4901 gralia
215 4826 421 4885 Romanorum
434 4843 495 4895 rex,
508 4833 536 4884 et
551 4843 671 4900 semper
684 4829 847 4900 Augustus,
860 4828 933 4885 illia·

104 4914 164 4975 lem
178 4931 232 4991 per
244 4915 348 4973 omnia
363 4916 552 4974 dilectionem
566 4920 595 4975 et
612 4917 744 4975 debitam
760 4919 790 4975 in
806 4918 931 4976 [lumino

104 5004 313 5065 reverentiam.

141 5092 221 5154 Sicut
232 5094 418 5169 paternitatis
428 5099 531 5151 vestrm
541 5095 781 5153 benevolentiam
791 5097 820 5153 in
835 5098 930 5154 omni·

103 5184 163 5242 bus
172 5185 520 5257 nostrisnostrorumque
528 5187 653 5257 negotiis
662 5201 743 5259 crepe
751 5190 778 5244 et
789 5201 869 5243 nunc
879 5202 931 5244 ex·

103 5274 179 5347 perti
194 5286 311 5344 sumus,
326 5272 364 5330 sit
378 5270 478 5330 adhuc
496 5274 526 5330 in
539 5275 655 5331 cunctis
671 5275 779 5331 sentire
801 5289 861 5332 uon
874 5276 930 5332 du·

1025 4036 1140 4091 Patrem
1155 4033 1257 4106 patrie
1269 4034 1355 4091 decet
1368 4033 1541 4091 veneranda
1553 4033 1732 4107 priscorum
1746 4035 1815 4093 insti·

988 4125 1053 4180 tuta
1075 4138 1180 4194 regum
1196 4121 1351 4194 vigilanter
1364 4122 1533 4193 observare,
1548 4128 1580 4180 et
1602 4125 1703 4183 sacris
1721 4140 1815 4183 eorum

987 4211 1150 4285 disciplinis
1169 4213 1264 4269 moaci
1289 4212 1389 4270 studio
1410 4210 1563 4279 inhaerere,
1588 4216 1622 4270 ut
1640 4215 1764 4271 noverit
1779 4228 1815 4271 re·

949 4314 1081 4403 ”gnum
1096 4298 1152 4356 sibi
1165 4315 1184 4356 a
1198 4302 1255 4357 Deo
1269 4298 1411 4357 collatum
1423 4299 1540 4371 legibus
1551 4315 1590 4357 ac
1604 4303 1749 4359 moribus
1762 4316 1814 4359 non

988 4404 1088 4445 minus
1099 4387 1257 4455 adornare,
1273 4404 1366 4461 quarn
1386 4391 1479 4445 armis
1494 4395 1522 4446 el
1540 4388 1624 4447 bello
1642 4390 1811 4449 defensare.

988 4477 1157 4535 Soiemnem
1166 4477 1390 4551 itaqueimperii
1401 4477 1527 4535 ltomaul
1538 4493 1659 4536 morem
1667 4496 1688 4537 a
1699 4480 1812 4553 proavis

986 4565 1341 4640 nostris,imperatoribus
1355 4565 1492 4623 videlicet
1505 4571 1534 4624 et
1550 4566 1691 4638 regibus,
1708 4569 1748 4627 ad
1764 4584 1811 4626 nos

987 4655 1196 4714 transmissum
1212 4659 1382 4729 sequentes,
1400 4654 1531 4726 legatum
1549 4663 1705 4725 nostrum,
1721 4660 1811 4716 virum

987 4747 1016 4800 el
1028 4743 1191 4800 discretum
1212 4750 1240 4800 et
1256 4743 1416 4801 honestum
1437 4742 1467 4799 li.
1485 4744 1693 4804 venerabilem
1711 4750 1812 4805 tiaran·

986 4832 1164 4903 bergensem
1174 4832 1361 4905 episcopum,
1373 4831 1522 4905 adjunctis
1532 4832 1590 4889 sibi
1604 4836 1638 4890 lt,
1648 4834 1811 4893 trevirensi

986 4920 1124 4985 electo,et
1133 4926 1166 4977 Α.
1181 4921 1357 4978 Ereraceusi
1370 4920 1480 4979 abbate
1493 4921 1533 4979 ad
1552 4928 1661 4981 vestras
1678 4926 1810 4982 sanctita·

986 5010 1023 5067 tis
1042 5009 1228 5082 presentiam
1240 5015 1270 5066 et
1282 5011 1320 5067 ad
1336 5010 1446 5068 Urbem
1461 5010 1613 5070 destinare
1627 5014 1809 5076 curarimus.

985 5104 1017 5155 ut
1029 5102 1092 5155 tam
1107 5114 1143 5155 ex
1157 5102 1312 5172 presentis
1321 5099 1439 5172 paginae
1449 5099 1559 5158 indicio
1573 5116 1673 5174 quam
1688 5117 1726 5159 er
1739 5102 1811 5177 ipso·

984 5202 1052 5245 rum
1066 5187 1135 5245 viva
1148 5204 1222 5246 voce
1235 5189 1274 5246 de
1288 5190 1398 5246 nostris
1411 5189 1604 5264 provectibus
1615 5195 1647 5250 et
1659 5192 1754 5250 lotium
1767 5194 1811 5248 Ec·

985 5275 1081 5332 clesire
1096 5293 1131 5334 ac
1146 5278 1229 5348 regni
1245 5282 1324 5336 statu
1338 5280 1476 5336 certiores
1485 5292 1550 5335 esse
1563 5279 1810 5355 possetisluqnc

102 5360 930 5439 biamus,eelsitudiniresrraehocrepromittentssquod
984 5366 1108 5440 quando
1127 5366 1239 5439 placuit
1254 5367 1387 5437 terribili,
1407 5373 1436 5425 et
1449 5367 1475 5425 ei
1490 5368 1542 5443 qui
1557 5366 1658 5428 aulert
1676 5371 1811 5444 spiritum

104 5447 145 5506 ad
167 5451 406 5519 promovendum
424 5449 559 5510 sceleste
578 5452 629 5511 llei
641 5457 673 5511 et
690 5456 822 5511 restrum
834 5453 930 5513 bono
981 5455 1810 5534 praemonuerubttiapudregsslsrrmineujnsmsnu
