3728 6000
63 201 119 257 265
663 197 888 255 llEutTttTtvAE
907 197 1118 255 obtrtorttrs.
1667 199 1720 258 Μ

64 331 120 379 tuae
138 336 205 379 roro
232 321 360 378 bonitatis
383 319 427 377 rel
456 319 584 392 potentiae
610 319 786 391 praesentiam
803 336 865 376 cum
882 323 911 385 A
927 323 1097 381 Voluntatem
1114 323 1150 380 tui
1164 323 1208 383 rel
1221 325 1256 381 ad
1271 332 1298 381 te
1321 325 1417 394 habeo,
1434 340 1487 397 qua
1514 324 1648 395 majorem
1674 324 1721 380 lta·

64 427 179 483 semper
193 412 286 467 omnia
305 411 371 467 milti
385 411 508 482 undique
531 415 674 485 testentur,
690 410 736 465 rix
764 410 792 465 in
819 412 870 466 ltoc
924 411 989 468 bere
1004 429 1058 469 non
1072 429 1203 484 possum;
1225 422 1251 470 et
1267 416 1376 470 mallem
1391 429 1445 469 non
1459 429 1531 478 esse,
1554 429 1634 486 quam
1659 429 1721 469 eunt

63 500 215 571 aliquando
230 516 353 557 moveor.
923 518 977 557 non
993 502 1103 559 habere.
1121 505 1201 572 Cujus
1215 503 1284 559 scuti
1300 504 1433 575 protectio
1448 503 1471 557 si
1499 518 1555 557 non
1581 502 1646 557 olim
1676 517 1720 557 me

100 589 181 644 Unde
196 589 218 643 si
233 605 339 661 quaeras
354 589 435 644 bodie
450 605 466 643 a
481 604 524 642 me
539 587 611 658 quod
626 587 689 642 olim
705 601 722 641 a
741 589 772 642 B.
799 603 868 657 apo-
923 598 1089 657 coronasset,
1105 609 1166 648 eum
1186 601 1361 664 exsurgerent
1385 591 1515 647 homines
1529 592 1557 645 in
1583 607 1644 655 nos,
1662 590 1720 645 fur-

63 678 136 733 stolo
150 687 198 733 tuo
212 678 364 750 quaerebas,
380 680 464 734 Amos
478 681 545 732 met
566 676 733 746 respondere
754 676 869 748 trepido,
923 681 992 734 sitan
1002 681 1081 735 rivos
1096 681 1300 736 absorbuissent
1314 696 1377 735 uos.
1398 680 1497 736 Gratiae
1524 695 1592 735 vero
1617 679 1721 733 illumi-

62 769 120 822 τοίς
134 767 203 837 quia
217 783 281 824 orno
298 774 324 822 to
339 768 434 833 (loon.
461 770 529 833 stt),
547 766 596 820 sed
611 765 694 819 alacri
719 773 746 819 et
773 780 870 820 secura
924 769 1014 822 nantis
1027 768 1201 824 etalftcientis
1215 769 1355 825 charitatis
1370 767 1515 841 aliquando
1535 768 1627 836 aliqua
1646 769 1721 822 sensi

63 856 235 911 conscientia
248 855 412 926 respondeo.
429 856 468 909 Tu
483 854 537 909 scis
552 855 613 924 quia
626 853 689 908 volo
711 867 803 908 amaro
824 858 864 908 te.
923 857 1012 912 dulcia
1025 857 1206 917 irritamenta:
1223 859 1270 913 sed
1281 857 1362 929 longe
1379 856 1474 912 fiunta
1498 873 1542 910 me
1570 856 1722 925 plenitudi-

63 943 174 1009 Revela,
199 944 324 1010 Domine,
345 944 439 999 oeulos
466 958 550 1008 meos,
576 950 603 996 et
626 941 806 997 considerabo
822 941 871 994 mi·
924 946 965 1000 nis
979 962 1073 1001 eorum
1088 947 1286 1016 experimenta.
1308 948 1418 1001 Etcum
1444 960 1504 999 raro
1519 953 1545 999 et
1559 959 1657 1015 parum
1676 960 1723 1000 vu·

64 1032 161 1087 rabilia
173 1033 232 1090 baec
246 1032 281 1088 de
295 1033 356 1104 lege
372 1040 427 1097 tna,
442 1031 477 1085 da
492 1031 552 1103 lege
568 1030 669 1085 atnoris
696 1030 747 1085 tui.
774 1030 869 1085 Forsi-
924 1035 1023 1100 luntas,
1052 1043 1179 1104 quantam
1217 1051 1276 1089 eam
1304 1034 1370 1089 milti
1409 1034 1519 1101 dedisti,
1557 1034 1726 1089 illuminetur

65 1127 111 1175 tan
135 1121 201 1177 ideo
227 1120 321 1176 rideor
349 1120 413 1175 mibi
442 1134 536 1174 umere
560 1133 682 1173 amorem
707 1126 792 1185 tuum,
809 1117 870 1187 quia
924 1121 1098 1194 (incientibus
1112 1124 1229 1194 peccatis
1243 1123 1324 1193 meis)
1340 1131 1366 1178 et
1381 1121 1468 1177 rarius
1480 1120 1614 1177 alliciatur
1628 1122 1725 1177 misero

62 1209 209 1281 aliquoties
221 1210 344 1281 cogitans
359 1209 393 1263 dc
409 1217 434 1264 te
449 1208 538 1263 uelde
553 1223 595 1273 eo,
612 1208 785 1279 aliquatenus
811 1222 870 1261 scu·
924 1212 952 1266 in
967 1212 1019 1268 hoc
1033 1213 1256 1267 concurrentibus
1269 1211 1365 1266 studiis
1378 1219 1404 1266 et
1419 1211 1523 1265 meritis
1539 1210 1620 1277 meis,
1630 1209 1723 1266 nescio

65 1298 115 1364 tiu,
132 1297 411 1368 video,sapiooum;
438 1304 542 1352 lovem
562 1312 617 1351 uon
640 1294 797 1363 senli0‚vel
826 1295 872 1351 vix
924 1301 1333 1356 utrumnmurrocaritlebeat.
1354 1298 1542 1368 Solaquidetn
1571 1300 1722 1354 vehemens

64 1388 172 1456 sentio;
189 1402 244 1441 nou
262 1387 344 1442 video
364 1387 406 1440 vel
423 1385 576 1449 virtututum
598 1384 736 1439 latissime
762 1392 789 1438 el
813 1400 872 1454 par·
925 1390 1049 1444 voluntas
1073 1407 1089 1444 a
1110 1389 1303 1445 diffinientibus
1324 1403 1402 1443 amor
1431 1386 1540 1442 diffiniri
1569 1386 1726 1451 solet;sed

64 1474 178 1530 cissime
201 1475 289 1547 sapio.
311 1473 425 1530 Difficile
447 1490 514 1530 vero
538 1490 581 1529 res
602 1482 719 1537 amatur,
741 1488 802 1542 quae
823 1486 872 1542 per
925 1479 970 1550 qui
993 1478 1044 1534 boc
1069 1477 1216 1547 diffiniunt,
1237 1479 1271 1533 de
1294 1477 1394 1532 linibus
1418 1476 1518 1531 amoris
1542 1477 1580 1530 tui
1602 1475 1727 1544 judicare

64 1565 248 1633 semetipsam
263 1578 317 1618 non
332 1563 474 1618 innotescit
487 1562 602 1617 amatori
618 1578 680 1617 suo.
691 1561 760 1616 Nam
775 1560 872 1616 crebra
925 1583 979 1623 non
1006 1575 1151 1622 noverunt,
1176 1567 1204 1622 si
1228 1567 1394 1623 desiderium
1416 1572 1535 1632 uocetur,
1559 1578 1613 1619 non
1628 1579 1723 1619 renue.

64 1661 92 1707 et
106 1667 210 1725 magua
228 1651 358 1708 beneficia
388 1660 445 1716 tua,
462 1659 490 1705 ot
515 1652 574 1723 ipse
601 1665 677 1705 amur
701 1658 762 1703 tuus
786 1664 868 1720 quern
883 1683 909 1742 B
924 1657 993 1711 Nam
1009 1672 1106 1712 turem
1121 1656 1244 1712 desidero
1259 1665 1294 1711 te.
1312 1656 1367 1712 sed
1384 1654 1504 1725 quandiu
1517 1668 1609 1709 coram
1625 1661 1650 1708 te
1670 1657 1726 1707 tatu

66 1740 220 1796 cerliffiiffle
232 1757 304 1807 ⁸¹110.
321 1740 430 1795 millum
446 1755 491 1795 ¹1¹⁰
506 1739 541 1794 all
556 1743 599 1800 te;
620 1739 669 1793 sed
681 1753 744 1793 cum
764 1744 792 1793 lt
815 1752 868 1792 ⁰011
925 1761 1036 1816 pauper,
1053 1752 1108 1798 tom
1123 1745 1222 1800 misera
1231 1743 1373 1815 apparebit
1386 1742 1523 1814 professio
1536 1757 1607 1810 mea,
1618 1757 1672 1797 nou
1679 1755 1729 1812 po·

65 1829 190 1897 imtenio,
206 1829 299 1885 recido
318 1829 345 1884 in
365 1845 439 1897 eum,
457 1836 483 1883 et
496 1828 525 1882 in
539 1843 572 1883 eo
587 1842 641 1882 non
665 1827 724 1882 sine
747 1842 795 1896 spe
823 1841 870 1881 re·
924 1840 977 1888 test
992 1833 1121 1905 gaudium
1137 1833 1240 1888 ltabore
1255 1832 1421 1889 conscientia
1431 1845 1503 1887 mea.
1518 1829 1614 1886 Rideat
1625 1846 1668 1885 me
1684 1829 1729 1887 vel

64 1919 268 1990 quiescoNam
282 1934 344 1973 cum
358 1933 482 1973 amorem
493 1923 570 1972 tuum
585 1915 708 1970 suaviter
723 1914 809 1970 sentio
825 1914 871 1969 af·
925 1922 1035 1977 irrideat
1050 1922 1095 1993 qui
1110 1921 1176 1987 uult,
1192 1935 1244 1992 ego
1260 1921 1316 1977 scio
1329 1920 1393 1991 quid
1402 1921 1429 1974 in
1439 1921 1491 1975 boc
1501 1920 1599 1990 patior.
1614 1917 1648 1972 Et
1658 1918 1726 1989 scio,

66 2009 152 2074 fectu,
182 2016 210 2062 te
237 2014 328 2062 autem
353 2022 454 2078 quaero
483 2004 685 2076 ipsiusamoris
722 2003 871 2072 intellectu,
926 2010 1089 2081 quianullus
1100 2009 1263 2065 iultocmibi
1273 2007 1505 2080 compatitur,qui
1520 2009 1573 2063 hoa
1587 2005 1727 2077 ipsumrel

67 2111 132 2151 ⁸⁸¹0
150 2096 226 2165 (llwd
241 2097 340 2162 δθῡῑίθ,
356 2095 485 2150 (¹⁰Sidef0
501 2095 574 2166 q⁰0d
596 2109 699 2164 (ΝΜΟ,
717 2100 743 2148 et
768 2093 794 2146 in
820 2091 872 2147 de·
927 2115 981 2154 uon
996 2116 1093 2170 passus
1107 2100 1151 2165 sit,
1167 2098 1273 2154 velnon
1287 2098 1412 2168 patiatur.
1428 2096 1494 2151 llilti
1509 2110 1577 2150 vero
1598 2094 1726 2164 lacrymae

67 2183 217 2239 sideraudo
245 2184 379 2255 languens
397 2183 508 2239 delicio.
531 2184 613 2249 Nam,
645 2182 696 2237 etsi
727 2179 872 2253 aliquando
927 2205 995 2244 meae
1019 2205 1103 2259 panes
1130 2191 1208 2243 erunt
1233 2188 1277 2242 die
1300 2201 1332 2242 ac
1358 2194 1448 2253 nocte,
1473 2182 1593 2257 quaudiu
1621 2183 1727 2239 dicotur

67 2274 146 2329 douo
166 2278 214 2328 tuo
229 2273 310 2327 modo
326 2288 388 2328 meo
409 2272 522 2329 afficitur
552 2273 609 2342 ipse
634 2271 797 2335 intellectus,
818 2285 872 2325 non
927 2279 992 2332 mibi
1010 2294 1015 2330 :
1032 2277 1083 2334 Ubi
1097 2283 1138 2331 est
1162 2277 1235 2331 bans
1263 2275 1348 2329 tuus?
1363 2273 1390 2328 id
1408 2286 1456 2340 est,
1479 2271 1601 2345 quandiu
1623 2270 1675 2327 erit
1698 2270 1726 2325 iu

67 2361 236 2433 permittitur
248 2359 349 2431 glutire
365 2369 448 2416 totam
475 2359 589 2415 salivam
608 2369 705 2432 gustus
727 2359 800 2426 boni,
824 2357 873 2414 sed
929 2368 1019 2421 anima
1035 2381 1096 2421 mea
1110 2363 1342 2436 aliquisaffoctns,
1354 2362 1382 2416 in
1396 2377 1450 2434 quo
1464 2376 1514 2416 suo
1527 2360 1610 2416 modo
1626 2359 1727 2415 nonsit

68 2449 202 2522 qnaside
223 2465 270 2504 ore
298 2449 322 2503 ei
356 2448 484 2514 aufertur,
502 2457 531 2504 et
555 2448 649 2504 recidit
674 2448 819 2503 infamem
846 2454 872 2502 et
927 2456 1113 2520 Deusmeus3
1131 2449 1612 2523 maximeamor,qnipropriaejns
1646 2447 1727 2502 sedes

68 2538 256 2610 ignorantiam
270 2552 364 2605 suam,
384 2553 435 2592 uec
449 2537 612 2608 permittitur
626 2547 698 2591 sture
722 2536 750 2590 iu
767 2535 873 2591 lumine
927 2559 990 2598 esse
1005 2543 1085 2597 dubet
1100 2543 1127 2595 in
1141 2558 1194 2597 me.
1211 2541 1340 2595 notorem
1356 2540 1427 2593 bunc
1441 2536 1570 2593 acumini
1582 2535 1726 2603 relevabit,

66 2626 223 2693 rultustui,
240 2625 365 2681 doneciu
381 2641 413 2680 eo
437 2627 574 2681 discernat
600 2633 627 2679 et
655 2623 730 2678 finiat
761 2624 872 2680 hesita-
927 2632 1014 2687 donec
1038 2631 1160 2702 seipsum
1176 2629 1243 2683 mitti
1271 2628 1418 2696 revelabit3
1436 2641 1498 2682 cum
1527 2624 1626 2680 ridebo
1654 2622 1727 2694 quod

68 2716 152 2771 nonis
168 2715 252 2784 hujus
265 2714 430 2769 molestiam·
927 2720 1038 2787 amabo,
1055 2727 1081 2774 et
1095 2726 1168 2774 certo
1183 2722 1283 2772 mentis
1299 2716 1400 2788 gaudio
1410 2714 1508 2770 amabo
1523 2711 1595 2783 quod
1610 2710 1725 2778 uideb03

103 2804 231 2874 Cumque
270 2803 298 2856 in
320 2802 497 2858 meditatione
520 2817 581 2856 mea
609 2801 762 2857 exardescit
789 2801 871 2873 ignis,
928 2817 1018 2864 tamen
1042 2808 1150 2862 interim
1179 2806 1252 2878 quod
1280 2821 1313 2861 ex
1342 2812 1417 2875 parte
1453 2802 1551 2867 sentio,
1580 2816 1616 2855 ex
1651 2806 1727 2870 parte

66 2900 95 2948 el
110 2892 184 2947 scite
199 2890 306 2958 ¹⁸b0l02
323 2891 387 2962 ‘fuid
402 2891 437 2946 Sil
461 2891 539 2958 mihi,
556 2899 583 2946 ⁰²
610 2891 675 2961 ‘fuid
702 2890 773 2945 desii
797 2890 873 2956 milti,
927 2914 1013 2953 amo:
1039 2894 1184 2968 quodnisi
1212 2894 1380 2964 aliquatenus
1406 2890 1548 2956 sentirem,
1565 2888 1725 2943 nullatenus

64 2980 163 3037 ordior
176 2980 243 3034 mibi
258 2980 328 3034 viam
343 2979 498 3035 ascendenti
507 2978 542 3034 ad
557 2988 594 3048 te,
617 2977 756 3049 postulans
771 2979 800 3032 in
817 2980 871 3033 hoo
929 3001 1060 3042 amarem.

64 3068 317 3124 auxiliumabste.
336 3067 681 3138 Disponoct·goincorde
697 3066 871 3122 miltiascen·
961 3073 1312 3129 Namcuminmensatua
1331 3069 1401 3124 filios
1428 3076 1490 3124 tuos
1518 3066 1660 3138 epulantes
1684 3065 1726 3120 vi.

63 3158 160 3213 aiones
178 3156 259 3211 istas.
282 3157 401 3210 Primum
423 3157 582 3211 necessaria
611 3156 718 3210 videtur
742 3155 871 3210 voluntas
924 3162 1130 3218 deoindeticiis
1153 3161 1253 3216 amoris
1273 3159 1321 3227 tui,
1345 3158 1457 3228 Jejunus
1499 3171 1622 3212 amorem
1650 3162 1727 3210 tuum

65 3261 182 3318 magna.
198 3244 473 3313 deindeillufltissttltb
489 3245 580 3300 deinte
606 3244 717 3301 affecit·
748 3244 811 3298 Haeu
841 3245 870 3298 in
925 3253 1029 3308 amoin
1046 3252 1279 3315 eisvebementer,
1297 3247 1451 3318 etipsoste
1470 3253 1592 3300 amantes
1609 3245 1638 3298 in
1666 3259 1727 3298 me-

67 3334 146 3389 ⁰⁰²¹1i
179 3332 488 3403 ⁸⁸⁰011desslepfiffl⁰m
516 3341 558 3388 ⁶⁵2
586 3349 696 3405 magna,
721 3333 871 3387 mundum
925 3342 972 3396 dio
987 3341 1077 3396 cordis
1104 3339 1158 3394 mei
1186 3338 1337 3408 amplector
1361 3336 1489 3390 dulciter.
1510 3335 1542 3388 Et
1569 3332 1650 3389 rideo
1679 3347 1728 3388 eos

66 3438 151 3494 posse
180 3436 275 3484 suom;
305 3421 466 3487 illuminata,
488 3422 636 3478 secundum
660 3422 761 3476 dmum
777 3428 870 3490 [uum
926 3429 1126 3500 congaudentes
1153 3425 1254 3498 gaudio
1285 3440 1355 3492 meo,
1373 3423 1444 3494 quod
1467 3420 1554 3476 babeo
1578 3421 1614 3476 de
1628 3420 1729 3493 gaudio

67 3510 181 3575 ΕΜ,
200 3509 340 3565 secundun
358 3511 469 3565 m⁰tl¹1¹¹t
492 3518 580 3564 illum·
605 3512 714 3580 Magna,
744 3518 872 3579 ‘tutulum
927 3534 1031 3585 eorum,
1047 3523 1076 3573 et
1090 3516 1213 3571 volentes
1232 3529 1282 3570 nec
1298 3514 1420 3569 valentes
1437 3510 1588 3581 exprimere
1616 3508 1728 3563 modum

66 3616 129 3654 eam
144 3598 259 3677 creasti;
279 3597 440 3665 illuminata,
469 3609 600 3671 quantum
629 3598 740 3669 dignun
769 3598 871 3666 fecisti;
927 3606 1018 3680 gaudii
1030 3605 1085 3660 sui.
1105 3603 1223 3659 Affectus
1238 3603 1320 3671 enim,
1337 3616 1390 3674 quo
1416 3598 1572 3654 teatnendo
1592 3597 1727 3662 fruuntur,

68 3687 180 3754 affecta,
196 3687 267 3742 sicut
284 3702 344 3741 eum
377 3687 511 3743 formasti.
538 3687 669 3742 Formasti
694 3695 786 3742 autem
811 3688 873 3741 sine
926 3695 1046 3750 sensibili
1062 3693 1171 3765 quidem
1191 3691 1327 3747 suavitate
1354 3688 1496 3760 cujusdam
1529 3685 1623 3758 gaudii
1647 3685 1728 3756 spiri.

66 3778 174 3839 stum&
191 3777 264 3848 quia·
280 3784 451 3833 Gumlssssess
467 3776 618 3845 s0t¹¹1⁸⁸i⁵‚
648 3791 699 3833 ¹180
727 3775 873 3831 formatum
927 3781 1263 3852 tualisreldiviniputest
1278 3778 1392 3848 sentiri;
1410 3776 1459 3833 sed
1476 3774 1545 3831 sicut
1567 3790 1651 3845 sapor
1673 3773 1731 3831 cibi
1818 3828 1821 3839 ,

64 3866 196 3937 quirnea
210 3866 292 3920 etiem
306 3866 457 3920 emoriatur
472 3865 562 3935 aliqua
584 3865 750 3920 formaene
768 3872 871 3936 potest,
927 3871 1068 3941 cujustibet
1082 3870 1149 3925 nulli
1172 3869 1305 3924 insinuari
1334 3874 1434 3939 potest,
1457 3864 1509 3919 nisi
1537 3863 1668 3935 gustanti,
1692 3861 1731 3918 sic

66 3961 97 4010 ut
111 3954 246 4010 formetur
260 3955 331 4008 circa
347 3953 448 4024 aliquid
461 3954 539 4026 quasi
558 3952 716 4009 formatum.
738 3955 800 4024 lpse
828 3961 870 4007 est
927 3975 1007 4031 sapor
1022 3959 1069 4014 itte
1084 3974 1135 4014 aee
1157 3958 1264 4013 ratione
1292 3956 1401 4022 discuti,
1419 3969 1472 4009 nec
1501 3952 1601 4022 exponi
1629 3949 1729 4018 verbis,

69 4043 146 4098 enim
160 4041 306 4114 snpientia,
322 4042 357 4098 de
370 4058 423 4112 qua
437 4043 534 4098 dicitur
549 4061 556 4096 :
572 4044 658 4114 Vupor
686 4047 729 4097 eat
755 4042 874 4098 virtutis
927 4064 978 4104 nee
992 4047 1117 4102 sensibus
1132 4055 1220 4118 potest
1235 4044 1356 4115 concipi.
1378 4043 1509 4098 Divinum
1530 4037 1663 4109 quiddam
1677 4044 1729 4105 est,

69 4130 875 4203 ficietemunctioquedortrclutllutisomnipotentiallci
928 4136 1049 4192 atari-ita
1065 4136 1108 4190 rel
1124 4137 1227 4206 pignus
1243 4133 1373 4204 Spiritus,
1392 4144 1445 4201 quo
1469 4129 1498 4182 in
1517 4127 1569 4183 hac
1592 4126 1647 4182 rita
1662 4141 1731 4196 pau.

67 4222 184 4276 Sincera
198 4220 277 4290 (δαν.
295 4226 343 4283 vn)
360 4239 366 4274 ἰ
383 4227 409 4274 el
424 4219 485 4275 ideo
501 4219 566 4273 nihil
583 4219 754 4290 inquinatum
770 4219 797 4272 iu
813 4233 873 4273 eam
927 4240 1019 4295 perem
1036 4231 1115 4278 tuum
1131 4224 1202 4278 Deus
1218 4220 1339 4277 laetificas
1356 4227 1382 4275 et
1396 4218 1498 4290 pascis,
1523 4230 1558 4270 ne
1583 4213 1690 4270 deficiat
1704 4213 1732 4268 in

70 4308 196 4363 incurrit.
214 4306 322 4362 Candor
336 4315 377 4362 est
390 4309 461 4362 euim
487 4306 556 4363 lucis
582 4315 702 4374 aeterna,
720 4315 747 4362 et
774 4322 874 4378 specu·
928 4313 985 4376 ritu
1003 4320 1029 4367 ct
1043 4313 1077 4367 du
1092 4311 1197 4384 gaudio
1214 4311 1275 4367 vitae
1283 4317 1390 4364 aterne
1405 4305 1565 4374 annuntias,
1582 4304 1652 4360 sicut
1667 4303 1733 4359 dicit

71 4396 128 4452 lum
142 4397 203 4451 sine
218 4395 323 4450 macula
338 4395 387 4450 Dei
402 4395 563 4466 maiestatis,
579 4403 606 4450 et
624 4395 718 4468 imago
746 4394 874 4449 bonitatis
887 4392 913 4453 D
928 4400 989 4470 lob,
1002 4401 1091 4456 amico
1106 4409 1162 4468 tuo,
1178 4399 1249 4472 quod
1263 4398 1403 4469 possessio
1418 4395 1477 4464 ejus
1493 4395 1538 4459 sit,
1564 4399 1592 4448 et
1619 4392 1654 4447 ad
1668 4406 1731 4446 eam

74 4485 150 4540 illius
167 4499 174 4539 ι
189 4493 332 4555 propterea
344 4499 400 4539 non
414 4499 477 4538 eum
492 4485 721 4556 apprehendimus
747 4499 807 4539 cum
823 4498 874 4538 vo-

69 4583 177 4644 lumns;
193 4581 356 4652 etnisiipse
383 4583 459 4652 prior
491 4582 525 4635 ad
553 4597 604 4637 uos
636 4583 737 4648 veniat,
770 4589 797 4636 et
824 4579 873 4635 nisi

70 4682 160 4754 graba
189 4680 250 4751 ejus
277 4696 327 4735 nos
344 4680 502 4753 praeveniat,
531 4695 625 4751 purum
651 4688 698 4735 aut
725 4679 794 4733 nihil
822 4693 875 4734 nos

71 4786 217 4848 promovet
232 4783 343 4832 conatus
357 4776 469 4847 quilibet
496 4775 581 4831 nostri
610 4776 773 4830 intellectus.
805 4775 874 4829 Num

71 4874 144 4946 quod
159 4874 227 4929 dicit
241 4873 397 4944 Apostolus,
414 4874 447 4928 fn
457 4876 552 4945 forma
572 4874 620 4929 Dei
651 4874 769 4945 (Philip.
792 4874 833 4941 n),
849 4877 875 4925 te

70 4986 145 5037 esse,
162 4968 251 5025 forma
266 4968 379 5025 Deitatis
394 4975 446 5026 tuae
461 4970 521 5042 ipsa
535 4979 576 5026 est
591 4969 753 5041 simplicitas
772 4979 875 5023 naturae

71 5070 115 5125 tel
131 5069 292 5124 substantiae
306 5075 369 5136 tuae,
384 5068 428 5124 cui
442 5069 556 5123 similem
579 5071 685 5140 oportet
704 5083 770 5123 esse
795 5083 874 5122 amo-

71 5183 130 5223 rem
144 5181 239 5221 suum.
257 5165 338 5234 Nam,
355 5165 429 5222 sicut
443 5166 508 5222 dicit
523 5165 632 5236 sapiens
646 5165 756 5235 quidam
772 5165 807 5220 de
822 5163 876 5220 lide

72 5270 121 5316 tua
137 5277 144 5316 :
161 5260 233 5330 Quia
245 5261 314 5318 sicut
333 5277 376 5316 res
388 5269 439 5328 est,
456 5260 496 5317 sic
509 5260 543 5317 de
558 5277 588 5316 ea
604 5260 685 5317 iidem
700 5277 798 5331 capere
813 5269 876 5316 ten-

73 5365 137 5416 tare
154 5358 289 5414 debemus
299 5375 308 5424 ς
320 5358 360 5414 aio
373 5366 400 5413 et
414 5365 487 5413 tauto
502 5358 590 5432 tnagis
605 5358 658 5413 boo
673 5357 707 5412 de
722 5371 815 5412 amore
832 5365 877 5411 tuo

75 5455 287 5530 intelligendum
310 5463 360 5524 est,
383 5463 485 5528 quanto
508 5455 570 5510 fidei
585 5455 768 5524 supereminet
790 5453 879 5509 citari·

75 5564 127 5615 tas.
146 5553 306 5628 (Bomos.)
332 5554 391 5610 lloc
413 5561 503 5611 eutem
523 5552 597 5610 solus
610 5553 742 5610 discernit
755 5552 876 5611 allectus.

929 4492 1018 4562 possit
1032 4489 1176 4562 pervenire
1190 4489 1248 4558 (fob
1262 4487 1370 4557 xxxvt).
1387 4484 1565 4540 Reformatur
1582 4481 1653 4535 enim
1669 4480 1731 4535 ani-

929 4595 972 4633 ma
994 4586 1086 4633 saneta
1108 4578 1142 4632 ad
1170 4576 1316 4648 imaginem
1344 4574 1488 4639 Trinitatis,
1517 4571 1552 4626 ad
1579 4569 1731 4642 imaginem

929 4668 990 4737 eius
1005 4666 1054 4738 qui
1068 4665 1250 4730 creauiteam,
1280 4663 1362 4719 etiam
1383 4661 1445 4731 ipso
1471 4658 1554 4714 modo
1581 4656 1730 4714 beatitudi-

930 4755 973 4810 nis
1006 4771 1075 4810 suae.
1112 4754 1181 4808 Nam
1216 4752 1368 4807 illuminata
1401 4749 1526 4804 voluntas
1558 4754 1585 4803 et
1621 4744 1729 4814 affecta,

930 4844 958 4898 id
988 4852 1028 4898 est
1061 4841 1211 4897 intellectus
1240 4848 1266 4896 et
1291 4854 1380 4904 amor,
1406 4845 1433 4892 et
1464 4835 1571 4890 fruendi
1611 4834 1729 4903 babitus,

930 4933 1001 4988 siout
1029 4930 1064 4986 de
1088 4930 1219 4984 Trinitate
1247 4929 1304 4983 Deo
1335 4926 1435 4982 dicitur
1459 4933 1486 4979 et
1514 4925 1643 4992 creditur,
1659 4938 1729 4994 quo-

930 5020 1080 5076 dammodo
1095 5027 1148 5072 tres
1161 5027 1224 5072 sunt
1246 5015 1421 5072 affectionum
1446 5028 1589 5086 persona,
1605 5012 1652 5068 sed
1673 5026 1729 5068 una

930 5108 1106 5164 beatitudinis
1120 5105 1282 5175 substantia,
1311 5104 1374 5177 quia
1388 5103 1461 5174 quod
1479 5111 1593 5168 amatur,
1621 5100 1728 5157 nonnisi

931 5196 1106 5268 intelligendo
1129 5203 1245 5261 amatur,
1261 5208 1312 5250 nec
1340 5192 1392 5247 nisi
1420 5192 1538 5248 amando
1557 5188 1727 5262 intelligitur,
1818 5246 1821 5253 ,

931 5302 981 5342 neo
991 5286 1043 5340 nisi
1058 5283 1179 5339 amando
1191 5289 1220 5339 et
1233 5281 1409 5354 intelligendo
1426 5279 1527 5336 fruitur
1541 5294 1583 5346 eo,
1605 5279 1653 5350 qui
1668 5294 1729 5334 ma·
1804 5276 1806 5281 ’

932 5379 1007 5430 retur
1021 5372 1084 5430 frui.
1100 5374 1157 5428 Hoc
1180 5372 1253 5428 enim
1268 5370 1305 5426 ibi
1324 5373 1365 5426 est
1390 5369 1489 5425 babere
1509 5366 1552 5425 vel
1578 5367 1639 5437 frui,
1657 5368 1730 5439 quod

931 5464 1085 5536 intelligere
1101 5462 1144 5517 vel
1157 5476 1258 5516 amare.
1275 5460 1349 5516 Felix
1364 5457 1543 5525 cottsciertlia,
1557 5459 1634 5527 cujus
1648 5455 1731 5513 affcc-

932 5563 974 5609 tus
989 5553 1120 5610 ordinatae
1151 5548 1291 5607 charitatis
1320 5556 1397 5608 tenes
1425 5547 1509 5616 viam,
1543 5544 1730 5604 indeclinabili
