3728 6000
103 194 156 259 100

418 326 532 381 CAPUT
552 327 584 382 v.

139 425 225 479 Vsus.
236 427 262 479 i.
276 423 500 495 —Epodormim
512 427 596 480 etcor
606 439 702 479 meum
713 423 905 495 oiqilot.(l00)

107 514 138 568 ln
159 512 300 583 Scriptura
327 527 404 567 sacra
420 509 536 584 tignrate
562 512 675 582 positus,
703 511 790 566 tribus
816 510 905 566 modis

23 658 29 669 ,
103 617 216 657 somnus
239 602 282 656 vel
306 600 435 656 dormitio
462 601 593 672 accipitur
622 619 628 655 :
654 599 807 670 Aliquando
831 600 904 655 euim

106 704 288 747 somnomora
303 694 401 760 carnis,
422 688 570 762 aliquando
597 696 690 760 torpor
716 688 902 761 negligentias,

105 778 251 850 aliquando
266 795 332 834 vero
346 779 519 848 exprimitur,
536 777 646 834 calcatis
666 778 779 832 terrenis
792 777 904 833 deside·

104 867 165 934 riis,
179 867 257 940 quies
271 866 343 923 vitae.
360 867 454 923 Somni
470 881 588 938 namque
609 867 653 922 vel
668 865 840 920 dormitionis
850 882 904 920 no-

103 957 178 1012 mine
192 972 268 1012 mors
284 957 376 1012 carnis
390 956 536 1023 intimatur,
551 955 620 1010 sicut
630 955 727 1010 Paulus
741 955 796 1009 ait:
810 976 821 1002 ι
833 955 903 1010 ΝοΙο

103 1061 154 1101 ros
167 1044 301 1118 ignorare,
314 1044 420 1109 tratres,
431 1044 466 1100 de
485 1043 681 1099 dormientibus
696 1044 805 1114 (Thess.
822 1044 869 1112 rr).
889 1066 900 1090 a

40 1182 43 1187 .
102 1135 138 1190 Et
153 1134 233 1206 paulo
249 1141 330 1205 post:
345 1157 355 1182 r·
367 1135 407 1189 lta
418 1135 528 1189 etDeus
549 1149 597 1188 eos
612 1132 658 1203 qni
672 1131 840 1188 dormierunt
854 1148 903 1202 per

100 1225 202 1289 lesum,
219 1223 402 1278 adducotcum
420 1238 454 1278 eo
465 1223 553 1291 (ibid).
571 1245 583 1270 r
601 1220 703 1277 Somno
717 1237 826 1275 rursum
842 1228 901 1275 tor-

101 1327 152 1383 por
179 1311 355 1383 negligentiae
377 1311 545 1383 designatur,
572 1310 641 1366 sicut
659 1309 694 1364 ab
709 1308 806 1365 eodem
818 1309 902 1364 l’aulo

97 1400 195 1455 dicitur
207 1419 213 1453 ι
226 1423 237 1447 r
249 1401 371 1454 lloraest
384 1399 439 1467 jam
455 1414 506 1453 nos
522 1398 557 1453 de
572 1413 669 1453 somno
680 1414 794 1469 surgere
811 1399 900 1467 (licor.

44 1538 48 1543 .
99 1489 183 1557 xttr);
201 1508 213 1538 ι
231 1496 256 1541 et
272 1503 378 1541 rursum
395 1504 401 1541 :
417 1507 426 1537 r
440 1486 583 1558 Evigilate,
604 1486 681 1555 justi,
698 1494 723 1540 et
738 1486 824 1540 nolite
834 1501 901 1557 pec-

98 1592 163 1633 care
178 1577 202 1645 (t
217 1575 278 1631 Cor.
295 1576 377 1637 xil.-
396 1575 497 1630 Somno
524 1590 643 1646 quoque,
671 1574 783 1629 calcatis
809 1574 901 1629 carnis

602 192 789 258 00000000
808 166 950 258 asanais
969 204 997 258 s,
1019 201 1236 265 rrraooomct

914 330 941 389 Α
957 342 1043 398 pavor
1056 327 1083 381 iu
1100 328 1201 397 laetitia,
1218 328 1350 399 quiajam
1365 331 1446 387 sentit
1458 333 1531 404 quod
1546 334 1581 389 de
1609 335 1671 391 coeli
1685 353 1757 408 gau-

1703 208 1754 266 tat

959 415 1005 471 dio
1019 416 1116 489 diligat
1131 431 1139 486 ;
1159 425 1186 471 et
1199 417 1288 474 adhuc
1301 420 1396 475 metuit
1412 437 1446 476 no
1460 437 1514 478 uon
1540 423 1669 495 percipiat
1684 426 1758 497 quod

959 503 1006 559 uix
1017 505 1133 560 tenuiter
1147 506 1237 561 sentit.
1255 506 1326 576 Quid
1340 508 1421 581 igitur
1434 517 1527 576 restat,
1548 512 1598 567 nisi
1626 521 1654 568 ut
1675 530 1705 569 se
1721 514 1757 570 ad

959 593 1136 664 perfectioris
1163 594 1225 650 vitae
1248 610 1358 651 cursum
1386 597 1508 671 dirigant
1532 614 1628 656 omnes
1648 602 1693 672 qui
1709 602 1756 658 illa

958 681 1059 754 gaudia
1078 681 1173 752 patriae
1187 681 1310 738 coelestis
1324 696 1474 757 agnoscunt
1488 690 1502 742 1

997 771 1079 825 Vens.
1097 773 1124 825 5.
1138 800 1172 810 —
1186 772 1285 828 Dones
1299 789 1369 829 mooe
1384 776 1569 833 stillaverunt
1584 780 1730 851 myrrham
1745 800 1755 845 ,·

957 858 1756 937 digitimeiplenimyrrboprodotirrimo.(lotlllocsancta

959 946 1076 1002 lioclesia
1085 947 1120 1002 de
1128 948 1183 1002 suis
1191 950 1322 1018 operariis
1337 953 1470 1022 usquead
1496 964 1607 1009 mortem
1631 973 1680 1027 pro
1695 959 1754 1013 Deo

957 1035 1135 1102 certantibus,
1162 1035 1238 1092 dicit.
1271 1039 1321 1094 l’er
1349 1044 1491 1110 myrrham
1524 1060 1642 1116 namque
1665 1046 1754 1102 caruis

958 1132 1058 1179 nostras
1066 1124 1382 1197 mortificatiofiguralur.
1398 1131 1439 1185 De
1452 1131 1592 1204 Magisqui
1602 1133 1754 1191 abOriente

956 1221 1089 1268 venerunt
1104 1214 1131 1268 iu
1154 1214 1313 1271 Bethlehem
1342 1218 1458 1274 adorare
1480 1221 1635 1288 Dominum,
1660 1224 1755 1280 scribit
1809 1264 1813 1274 .

956 1302 1124 1374 evangelista
1142 1322 1147 1357 :
1164 1303 1199 1358 Et
1215 1307 1323 1376 opertis
1337 1305 1479 1365 thesauris
1502 1311 1563 1366 stris
1586 1312 1752 1368 oblitterant

955 1391 1753 1470 Dominoour·am,tboretmyrrltom(llattb.t).lllyrrbam

955 1494 1064 1549 quoque
1079 1480 1191 1548 nosipsi
1206 1480 1359 1548 oller-imus,
1375 1484 1397 1537 si
1410 1486 1501 1540 carnis
1516 1487 1582 1542 sitia
1610 1489 1752 1559 perabsti-

955 1567 1075 1621 nentium
1101 1565 1294 1624 mortificamus
1322 1589 1327 1625 :
1357 1588 1407 1640 per
1431 1576 1566 1645 myrrham
1581 1592 1708 1646 namque,
1725 1580 1754 1632 ut

99 1663 254 1729 desideriis,
267 1663 347 1734 quies
364 1664 427 1717 vitm
438 1662 703 1735 signatur,sieuthic
713 1678 821 1733 spousae
833 1678 899 1717 noce
914 1688 940 1747 B
953 1655 1080 1721 diximus,
1095 1656 1185 1727 agitur
1200 1675 1232 1712 00
1253 1667 1358 1714 mortua
1379 1677 1443 1717 caro
1457 1663 1592 1733 putrefiat.
1618 1667 1752 1721 Mortuum

95 1752 215 1809 dicitur:
236 1753 324 1824 «Ego
339 1752 446 1806 dormio
465 1760 492 1807 et
515 1767 564 1806 cor
591 1768 680 1806 meum
709 1751 811 1823 vigilat.
832 1774 843 1798 n
861 1753 898 1806 hc

95 1843 120 1897 si
149 1841 251 1896 diceret
279 1842 462 1910 (llll):Dum
488 1857 539 1911 per
566 1840 717 1895 exteriores
745 1856 840 1894 sensus
862 1840 898 1894 ab

95 1931 178 2001 liujus
203 1930 264 1985 vitas
289 1929 516 1985 sollicitudinibus
547 1930 635 2000 sopio,
674 1929 778 1985 vacanti
808 1935 898 1983 mente

95 2019 221 2075 vivacius
244 2019 351 2074 iuterna
365 2033 513 2088 cognosco.
531 2018 606 2073 Foris
614 2017 733 2083 dormio,
763 2016 811 2072 sed
826 2017 896 2071 intus

97 2124 149 2164 cor
174 2108 283 2180 vigilat,
300 2108 362 2179 quia
384 2108 448 2161 dum
463 2106 597 2161 exteriora
612 2106 690 2177 quasi
719 2122 772 2160 nou
799 2107 897 2171 sentio,

98 2197 227 2253 interiora
241 2196 353 2251 solerter
367 2193 554 2266 apprehendo.
584 2195 657 2263 (100)
673 2195 773 2249 Sancta
797 2193 896 2248 etenim

95 2301 184 2351 mens,
202 2300 254 2354 quo
269 2299 325 2338 sea
353 2282 466 2352 strepitu
497 2281 653 2352 temporalis
668 2282 898 2352 concupiscentiae

98 2372 263 2443 comprimit,
287 2386 321 2427 eo
344 2370 435 2426 verius
463 2370 570 2424 iuterna
584 2370 746 2441 cognoscit;
776 2376 804 2426 et
823 2373 898 2426 tanto

101 2460 219 2516 alacrius
243 2458 276 2514 nd
305 2459 398 2512 intima
422 2457 527 2529 vigilat,
543 2466 644 2528 quanto
668 2474 697 2512 se
721 2459 898 2514 abenteriori

101 2548 288 2619 inquietudine
297 2546 420 2603 occultat.
437 2547 570 2618 vigilanti
583 2546 674 2616 itaque
688 2547 770 2602 corde
785 2546 897 2613 dormit,

104 2639 149 2710 qui
165 2654 214 2709 per
230 2639 280 2691 hoc
291 2637 363 2708 quod
378 2635 493 2689 interius
509 2636 720 2705 contemplando
733 2633 847 2707 proficit,
864 2636 898 2691 ab

24 2786 27 2791 ,
102 2726 224 2799 inquieto
235 2724 305 2780 loris
315 2740 399 2794 opere
415 2724 541 2794 quiescit.
556 2723 685 2796 Quisquis
694 2740 726 2779 ea
736 2742 795 2794 qum
806 2724 898 2779 muudi

104 2823 168 2870 suut
181 2830 263 2886 agere
273 2813 385 2884 appetit,
407 2811 482 2881 quasi
497 2812 591 2883 vigilat
607 2827 614 2877 ;
631 2813 752 2884 quisquis
774 2830 840 2869 cero
855 2815 899 2869 in-

103 2912 207 2959 ternam
220 2904 338 2972 quietem
350 2917 485 2972 quaerens,
500 2901 578 2971 hujus
589 2901 651 2957 ritae
665 2902 803 2973 strepitum
819 2902 897 2975 sugit,

102 2992 177 3048 velut
188 2990 371 3048 obdormiscit.
461 3022 465 3027 ·

954 1759 1020 1799 vero
1032 1759 1140 1799 carnem
1155 1753 1310 1816 putrescere
1321 1759 1363 1803 est
1377 1753 1428 1806 hoc
1442 1753 1552 1807 mortale
1567 1769 1664 1825 corpus
1678 1755 1753 1810 tluxu

955 1831 1218 1897 luxtrrimdesmrire,
1228 1835 1339 1892 sicutrle
1354 1840 1515 1910 quibasdam
1530 1857 1579 1911 per
1592 1845 1752 1914 prophetam

953 1920 1050 1976 dicitur
1066 1939 1073 1975 :
1091 1923 1333 1994 computruerant
1342 1929 1477 1998 juorentu
1502 1932 1532 1985 in
1552 1936 1675 1989 stercore
1702 1950 1752 1990 suo

952 2008 1038 2080 (doct.
1054 2014 1086 2080 t).
1102 2012 1228 2067 tumenta
1243 2014 1345 2086 quippe
1365 2016 1393 2071 in
1421 2025 1544 2074 stercore
1558 2035 1606 2075 suo
1635 2036 1752 2092 compu-

952 2105 1072 2153 trescere
1096 2107 1135 2153 est
1164 2101 1290 2157 carnales
1329 2104 1455 2160 homines
1478 2105 1504 2160 iu
1530 2107 1615 2163 lotoro
1639 2109 1753 2166 luxuriae

951 2185 1031 2241 vitam
1045 2186 1132 2241 linire.
1158 2191 1295 2259 Myrrham
1313 2208 1378 2265 ergo
1393 2195 1451 2249 Deo
1466 2193 1615 2262 oderimus,
1644 2200 1752 2269 quaudo

952 2274 1005 2330 boo
1019 2276 1131 2330 mortale
1143 2292 1244 2348 corpus
1258 2294 1275 2334 a
1292 2279 1402 2337 luxurias
1422 2283 1564 2355 putredine
1591 2302 1641 2355 per
1653 2287 1752 2343 condi-

951 2370 1073 2419 mentum
1084 2365 1255 2421 conlineutiae
1271 2370 1448 2426 custodimus.

990 2453 1071 2506 Vsus.
1090 2457 1116 2507 0.
1127 2484 1161 2495 -
1169 2456 1271 2513 Animo
1281 2473 1344 2513 meo
1356 2460 1509 2531 liquefacta
1522 2467 1575 2527 est,
1585 2467 1618 2519 at
1629 2464 1751 2522 dilectus

953 2540 1063 2597 locutus
1076 2546 1131 2598 est.
1145 2544 1218 2613 (100)
1234 2546 1310 2600 biens
1325 2546 1443 2602 hominis
1462 2549 1616 2606 conditoris
1630 2553 1671 2607 sui
1685 2570 1750 2624 spe-

952 2626 1022 2683 ciem
1056 2645 1109 2685 uon
1126 2633 1273 2703 quaerentis
1300 2633 1371 2689 malo
1394 2636 1464 2691 dura
1487 2646 1537 2706 est,
1567 2641 1693 2710 quoniam
1722 2643 1752 2696 in

953 2717 1045 2786 seipsa
1059 2729 1181 2775 remanet
1193 2720 1306 2794 frigida.
1327 2725 1363 2778 ht
1378 2725 1442 2780 dum
1465 2727 1578 2783 occultae
1607 2729 1751 2786 locutionis

953 2806 1117 2876 aspiratione
1131 2811 1262 2881 tangitur,
1280 2827 1295 2866 a
1313 2821 1382 2868 statu
1404 2831 1461 2871 suae
1483 2816 1645 2873 fortitudinis
1671 2818 1750 2875 inhr-

954 2902 1034 2963 mata,
1055 2895 1113 2966 ipso
1146 2914 1200 2968 quo
1232 2899 1393 2956 absorbetur
1416 2903 1554 2960 desiderio
1569 2906 1687 2978 liquatur
1702 2927 1710 2975 ;
1725 2918 1752 2964 et

954 2996 1016 3038 cum
1040 2984 1136 3040 ardere
1161 2987 1216 3055 jam
1246 3003 1280 3041 cx
1295 2989 1433 3046 desiderio
1447 2994 1560 3064 eoeperit
1574 2995 1608 3049 sd
1632 3012 1751 3067 sequen·

137 3082 298 3136 qma,-
308 3082 520 3137 pftgcrugmmg
531 3082 737 3136 marimanam
751 3096 833 3135 ‚gam
848 3041 1016 3152 percitum
1037 3088 1117 3141 quem
1144 3074 1243 3148 diligit,
1272 3075 1417 3146 liquefacta
1450 3082 1616 3154 perignem
1649 3085 1750 3140 amoris

16 3220 18 3225 .
101 3171 242 3239 toramen,
254 3173 282 3225 et
297 3174 397 3225 venter
407 3186 487 3226 mcor
497 3170 691 3224 intremuitcc
708 3171 896 3239 tactomejas.

102 3258 176 3329 (103)
192 3259 281 3331 Larga
291 3266 329 3313 est
341 3258 525 3314 misericordia
541 3257 680 3312 Creatoris
708 3258 805 3324 nostri,
834 3256 899 3326 quia

98 3347 159 3403 aive
173 3347 286 3403 ludaico
300 3355 327 3403 et
342 3347 438 3417 gentili
453 3345 564 3418 populo,
578 3361 624 3400 seu
638 3344 719 3415 justis
733 3353 759 3400 et
773 3352 897 3415 peccato-

102 3435 185 3505 ribus,
202 3436 251 3491 sed
261 3444 321 3507 post
331 3439 443 3507 peccata
457 3433 605 3498 conversis,
622 3450 700 3505 aquo
717 3433 806 3488 aditus
821 3432 898 3505 regni

101 3524 220 3581 cmlestis
232 3525 365 3596 aperitur.
380 3525 442 3579 Non
457 3523 522 3578 solis
541 3522 585 3594 qui
602 3522 630 3577 in
659 3522 812 3578 innocentia
838 3538 898 3593 per·

100 3621 221 3679 manent,
238 3614 285 3668 sed
300 3613 381 3668 etiam
396 3613 584 3684 peccatoribus
606 3620 719 3681 peccata
747 3625 799 3665 sua
814 3610 899 3681 preni-

102 3700 186 3757 tendo
199 3702 399 3766 damnantibus,
409 3697 896 3771 aperiunturcoelestisregnigaudia,

101 3797 131 3845 ut
148 3786 299 3844 ineffabilia
324 3788 448 3858 mysteria
477 3788 572 3857 patriai
599 3784 718 3841 corlenis
737 3793 897 3858 agnoscant,

100 3876 273 3952 agnoscendo
309 3876 407 3940 sitiant,
449 3874 564 3929 sitiendo
606 3882 724 3940 canant,
766 3873 898 3929 currendo

100 3965 272 4038 perveniant.
285 3964 348 4018 llaec
366 3963 462 4018 interni
482 3961 577 4035 gaudii
591 3970 696 4016 secreta
721 3969 896 4033 cognoverat,

101 4053 147 4125 qui
161 4052 387 4108 dicebat:Sitioit
402 4051 502 4106 naimo
524 4066 589 4104 mco
612 4050 649 4104 ort
671 4050 760 4106 Deum
789 4050 894 4105 vitum.

102 4141 218 4209 Quando
226 4142 339 4196 verrium
348 4143 376 4195 et
391 4137 529 4210 apparebo
538 4143 606 4194 ante
621 4139 781 4209 (0010101001
791 4139 897 4205 ltPsol.

101 4234 167 4295 xer.)
182 4229 350 4285 Praedicator
362 4226 483 4299 gentium
498 4226 614 4283 adhunc
629 4226 734 4281 aditum
749 4228 828 4299 regui
839 4243 898 4282 coe-

70 4344 73 4351 ,
101 4317 177 4374 lestis
190 4317 338 4374 anhelabat
351 4332 412 4372 cum
430 4314 547 4370 diceret:
563 4316 648 4388 cupio
669 4315 823 4372 discalciet
837 4331 898 4372 esse

951 3160 1043 3226 currit,
1068 3169 1095 3217 et
1118 3169 1192 3218 tauto
1220 3164 1373 3236 frigescita
1401 3169 1490 3225 studio
1514 3171 1619 3240 saeouli,
1649 3182 1749 3243 quanto

952 3249 1038 3320 surgit
1055 3251 1193 3307 ardentior
1216 3252 1244 3307 iu
1273 3270 1365 3310 amore
1381 3257 1441 3311 Dei.
1457 3257 1641 3316 Fitdesiderio
1657 3263 1749 3330 anxia,

952 3336 1086 3393 vilescunt
1103 3339 1130 3392 in
1155 3341 1257 3396 sarculo
1278 3353 1377 3400 cuncta
1410 3362 1470 3417 quae
1499 3346 1652 3418 placebant,
1682 3350 1750 3405 nihil

952 3432 993 3480 est
1016 3434 1095 3481 entra
1122 3427 1300 3485 Conditorem
1328 3432 1400 3503 quod
1423 3433 1505 3490 libeat
1530 3455 1536 3501 ;
1562 3444 1588 3492 et
1603 3453 1664 3508 quae
1678 3437 1751 3508 prius

952 3512 1123 3569 delectabant
1136 3517 1266 3583 animum,
1282 3519 1349 3574 liunt
1373 3523 1544 3592 postmodum
1572 3526 1751 3582 vehementer

951 3616 1082 3657 onerosa.
1097 3604 1170 3659 Nihil
1180 3606 1241 3675 ejus
1253 3610 1409 3664 moestitiam
1425 3614 1590 3679 consolatur,
1607 3630 1750 3687 quousque

952 3690 1042 3745 adhue
1052 3693 1098 3763 qui
1107 3693 1288 3763 desideratur,
1307 3713 1361 3754 uon
1375 3699 1515 3769 aspicitur.
1541 3702 1635 3758 bloeret
1662 3719 1748 3773 mens,

952 3775 1002 3833 lux
1018 3778 1079 3849 ipsa
1090 3780 1262 3852 lastidioest,
1273 3786 1374 3858 talique
1389 3788 1453 3859 igne
1468 3789 1494 3843 in
1510 3795 1600 3846 mente
1618 3791 1747 3864 decoqui-

952 3873 995 3920 tur
1021 3868 1117 3940 rubigo
1141 3871 1238 3943 culpae,
1262 3882 1287 3930 et
1302 3892 1448 3932 succensus
1469 3879 1574 3934 animus
1599 3881 1678 3950 quasi
1693 3882 1751 3937 auri

952 3970 1037 4023 more,
1054 3959 1118 4029 quia
1132 3976 1180 4030 per
1194 3979 1271 4017 usum
1287 3965 1406 4036 speciem
1424 3966 1555 4036 perdidit,
1576 3985 1625 4040 per
1651 3970 1748 4026 incen-

954 4042 1027 4099 dium
1042 4046 1175 4105 clarescit.

989 4134 1073 4190 l'ans.
1086 4136 1113 4189 i.
1122 4139 1284 4206 -Qurasioi
1295 4145 1323 4197 ct
1331 4158 1387 4198 nort
1400 4145 1497 4201 inveni
1510 4147 1603 4213 illum,
1613 4150 1708 4204 vocavi
1722 4153 1751 4205 et

951 4226 1160 4296 correspondit
1168 4227 1483 4289 milti.lnoeneruntme
1492 4237 1620 4291 custodes
1635 4238 1749 4309 quicir·

951 4315 1751 4390 cumeantctoitotemwer-casurus!me,uutneraoeront

18 4462 23 4481 Ι,
101 4423 166 4464 cum
176 4407 284 4462 Christo
292 4405 428 4476 (Philipp.
439 4405 471 4474 r).
493 4403 557 4458 llaec
571 4403 758 4459 exsultationis
785 4403 898 4460 occultae
912 4399 938 4461 b
952 4421 1006 4460 me.
1023 4405 1242 4462 Toleruntmibt
1255 4409 1377 4479 pultium
1393 4425 1487 4466 meum
1506 4413 1634 4470 custodes
1649 4429 1749 4470 muro-

102 4503 208 4551 sccreta
223 4500 389 4566 cognoverat
401 4507 512 4562 sponsa,
524 4507 582 4562 qua
599 4492 643 4547 hic
664 4492 732 4548 dicit
749 4506 755 4545 t
772 4494 897 4549 Dilectae

100 4582 898 4652 meosmiaitmanuorraampcrsoromeoetoentermeus

103 4673 257 4729 intremuit
276 4670 312 4726 od
329 4673 438 4725 tectum
453 4670 524 4740 ejus.
541 4668 662 4724 Dilectus
676 4669 774 4723 etenim
790 4684 897 4724 uranum

100 4777 151 4832 per
179 4760 303 4817 toramen
330 4758 419 4825 mittit,
436 4756 545 4830 quando
573 4756 671 4812 uirtute
699 4773 748 4812 sua
767 4758 900 4813 Dominus

98 4849 357 4905 nostrumanimum
373 4863 423 4918 per
451 4846 577 4902 subtilem
606 4845 771 4902 intellectum
800 4847 896 4918 pulsat.

98 4938 134 4992 Et
148 4940 249 4992 renter
276 4937 304 4991 in
334 4943 408 4992 tactu
422 4935 482 5005 ejus
497 4934 688 5000 contremiscit,
705 4934 897 5004 quiainflrmi-

99 5033 141 5081 tas
156 5032 251 5079 nostra
269 5039 320 5095 per
334 5025 387 5081 hoc
401 5023 475 5095 quod
495 5023 613 5078 coelestis
641 5021 731 5093 gaudii
759 5022 897 5080 intellectu

103 5113 234 5186 tangitur,
249 5113 308 5184 ipsa
319 5128 368 5166 sun
381 5111 563 5166 exsultatione
577 5110 708 5167 turbatur.
724 5110 758 5165 Et
771 5109 799 5164 iit
813 5113 896 5167 menti

133 5319 206 5388 (100)
227 5317 287 5373 Lib.
303 5334 320 5372 v
335 5315 441 5381 uorat..
459 5332 518 5388 cap.
533 5320 579 5374 10.

131 5390 205 5457 (101)
225 5389 283 5444 lib.
300 5405 353 5443 xxu
370 5388 475 5455 lloral,
491 5405 551 5460 cap.
573 5389 616 5458 ts,
633 5394 695 5462 post
710 5389 839 5447 medium.

132 5459 208 5532 (101)
228 5460 443 5523 1100110101..
460 5475 520 5531 cap.
538 5465 582 5517 21.

130 5534 204 5607 (103)
222 5531 323 5587 1100111.
340 5547 387 5585 xtx
400 5530 429 5586 in
443 5531 552 5591 Erech..
568 5535 630 5587 ante
644 5533 777 5591 medium.

952 4509 1027 4549 rum.
1043 4494 1118 4563 (100)
1134 4494 1268 4550 Dilectum
1282 4513 1410 4568 quaerens
1424 4514 1524 4569 sponsa
1554 4516 1607 4557 non
1635 4502 1749 4574 invenit,

952 4581 1081 4651 quonism
1095 4582 1179 4637 electa
1193 4598 1306 4654 quaequs
1321 4585 1410 4641 anima
1421 4587 1478 4657 jam
1507 4589 1618 4659 quidem
1646 4590 1749 4645 amoris

952 4670 1010 4739 ejus
1023 4668 1128 4725 facibus
1143 4670 1256 4743 fragrat,
1272 4673 1320 4728 sed
1335 4673 1416 4729 etiam
1436 4677 1539 4745 quaesiti
1554 4685 1667 4749 negatur
1681 4695 1748 4750 spe-

952 4758 1019 4823 cies,
1034 4765 1062 4813 ut
1076 4760 1195 4814 amantis
1209 4760 1373 4817 desiderium
1388 4771 1501 4820 crescat.
1522 4766 1556 4821 Et
1570 4767 1646 4838 quasi
1662 4767 1689 4821 in
1704 4767 1749 4821 siti

951 4860 1024 4918 aqua
1038 4847 1214 4914 subtrahitur,
1231 4858 1260 4904 ut
1275 4850 1400 4920 ejusdem
1415 4852 1475 4908 sitis
1496 4860 1579 4909 aeslus
1593 4863 1724 4928 augeatur
1740 4874 1748 4923 ;

951 4942 1045 5006 atquo
1072 4936 1144 4993 hauc
1169 4936 1270 4993 diutius
1284 4939 1377 4995 sitiens
1396 4939 1544 5006 desiDerah
1559 4958 1602 5010 eo,
1620 4944 1747 5015 quando·

951 5038 1004 5094 que
1019 5040 1079 5079 cum
1091 5026 1207 5093 venerit,
1217 5027 1321 5082 avidius
1335 5036 1433 5084 sumat.
1450 5030 1503 5085 Sed
1533 5033 1604 5088 hauc
1618 5049 1747 5104 quaereu-

950 5119 1005 5169 tem
1032 5113 1129 5186 vigiles
1154 5114 1306 5184 inveniunt,
1336 5132 1451 5189 eamque
1481 5120 1625 5177 vulnerant
1646 5131 1673 5177 et
1687 5121 1747 5191 ejus

986 5320 1060 5389 (101)
1079 5318 1208 5376 llomil.x
1223 5319 1250 5375 in
1266 5320 1383 5394 Evang,
1397 5321 1450 5377 sub
1465 5321 1558 5380 finem.

985 5392 1132 5459 (10.1)110.
1148 5408 1175 5448 rr
1191 5392 1374 5465 bloral.‚cap.
1394 5397 1427 5448 30
1444 5409 1451 5460 ;
1467 5404 1495 5451 et
1515 5397 1614 5454 llomil.
1644 5415 1698 5458 xxv
1715 5398 1742 5455 in

947 5461 1108 5534 Evangelia,
1124 5472 1185 5534 post
1198 5464 1315 5518 initium.

982 5534 1058 5603 (100)
1073 5534 1132 5589 Lib.
1143 5549 1219 5590 xxvu
1233 5535 1340 5603 lloral,
1356 5552 1416 5610 cap.
1433 5539 1460 5594 1.
