3728 6000
69 250 200 338 aaa*

523 273 717 333 Exposlnto
737 274 774 330 lN
794 274 904 330 EPIST.
924 275 971 331 AD
990 273 1078 331 ROM.
1094 305 1129 316 -
1143 272 1207 331 ala.
1227 277 1263 331 V.

1671 274 1724 331 ddi

71 399 237 474 Simpliciter
257 402 346 458 aulem
361 402 451 472 polest
465 400 591 475 intelligi,
606 402 729 459 haeredes
743 417 792 458 nos
807 416 871 457 esse
886 400 912 461 Α
927 399 976 454 Dei
989 415 1092 469 sumus,
1109 408 1135 456 el
1147 400 1271 456 nondum
1295 398 1418 471 apparuit
1432 398 1504 470 qrrod
1519 397 1629 452 erimus.
1659 398 1725 453 Sai-

72 487 133 556 Dei,
148 487 178 542 in
193 493 323 558 quantum
339 484 434 557 gloria
450 486 511 556 ejus
525 486 711 542 constituimur
724 483 871 541 firmissimi

69 590 256 649 possessores,
272 573 430 631 coheredes
444 574 554 640 Christi,
570 574 739 645 inquantum
763 570 871 647 glorifi-

73 672 152 722 catos
166 666 249 720 horno
263 663 396 730 Christus,
412 663 507 736 gloriae
522 680 578 720 suae
598 679 648 719 nos
668 664 795 736 dignatur
817 663 870 717 ba-

72 754 139 809 bere
152 753 311 809 conformes
325 760 351 809 at
363 752 579 824 comparticipes.
605 754 689 808 Totus
704 752 775 808 enim
791 751 871 806 Clari-

68 849 128 898 stns
148 850 310 914 accepturus
324 848 364 896 est
380 840 576 897 hereditatem.
602 840 753 897 Hereditas
772 840 807 896 ab
829 840 869 894 in·

67 930 198 986 haerendo
213 930 287 986 dieta
300 936 351 984 est.
371 929 430 985 Noa
444 929 516 984 enirn
537 931 582 1002 qui
605 930 726 984 membra
748 928 870 999 corporis

66 1018 128 1089 ejus
147 1035 260 1087 sumus,
285 1018 471 1074 hereditatem
493 1018 575 1074 talem
595 1033 706 1089 sperare
726 1018 868 1085 debemus,

68 1107 98 1163 in
114 1122 167 1180 qua
184 1107 309 1177 adepturi
329 1123 423 1162 samus
442 1107 544 1162 bonum
567 1107 639 1179 qnod
661 1123 714 1161 non
736 1106 870 1174 transibit,

72 1204 100 1252 et
113 1195 222 1252 evasuri
237 1194 336 1251 malum
352 1195 426 1267 quod
439 1194 521 1251 finem
536 1212 590 1251 non
605 1196 727 1251 babebit.
753 1217 763 1242 r
780 1196 808 1251 Si
827 1202 871 1250 ta·

69 1300 136 1340 men
159 1284 352 1356 compatimur,
368 1292 396 1338 ut
412 1292 438 1339 et
456 1284 693 1358 congloriemur.»
719 1284 786 1338 Nam
808 1300 870 1339 eum

69 1373 205 1446 sanguine
237 1372 347 1444 proprio
371 1379 399 1428 et
419 1373 546 1444 passione
569 1373 664 1429 mortis
687 1373 870 1428 haereditatem

68 1462 121 1517 sibi
136 1461 258 1517 Christus
281 1461 428 1532 paraverit,
443 1477 558 1518 necesse
578 1470 620 1517 est
644 1469 686 1527 ut,
710 1462 756 1532 qui
776 1462 873 1518 volunt

70 1553 290 1607 esseeonsortes
311 1548 495 1616 baereditatis,
517 1550 570 1605 siut
589 1558 616 1606 et
638 1550 790 1622 passionis;
813 1550 871 1621 ipse

69 1654 137 1694 vero
152 1639 180 1693 in
197 1653 230 1694 eo
246 1639 274 1692 in
289 1653 342 1708 quo
355 1654 453 1709 passus
467 1647 508 1694 est
523 1638 581 1710 ipse
593 1646 618 1694 et
632 1645 760 1705 tentatus,
775 1647 871 1710 potens

926 503 988 544 mua
1015 491 1090 561 quia,
1107 506 1167 544 eum
1183 489 1350 561 apparuerit,
1366 488 1469 543 similes
1484 487 1508 542 ei
1524 486 1635 553 erimus,
1652 501 1723 556 quo·

927 577 1002 632 niam
1016 577 1170 633 videbimus
1184 595 1244 633 cum
1267 577 1347 633 sicuti
1374 585 1414 632 est
1439 578 1530 645 (loun.
1547 575 1628 644 nul.»
1660 576 1724 647 lpsa

926 673 967 721 est
995 665 1126 721 revelatio
1155 664 1269 721 liliorum
1293 665 1359 735 Dei,
1387 681 1468 734 uuam
1492 680 1562 719 nunc
1584 671 1724 734 exspectat

927 754 1095 825 exspectatio
1120 762 1267 821 creaturae;
1292 770 1347 810 non
1363 753 1436 825 quod
1461 760 1589 809 creatura
1615 751 1723 808 revela·

926 844 1029 899 tionem
1045 850 1181 915 exspectet
1194 843 1302 898 alterius
1317 849 1429 913 natum,
1445 859 1505 912 quae
1520 857 1574 897 non
1589 841 1627 897 sit
1640 856 1722 896 crea-

929 940 995 1002 tura,
1011 933 1060 987 sad
1074 932 1142 1004 ipsa,
1159 932 1247 1004 qualia
1271 948 1343 987 nunc
1369 938 1421 1000 est,
1451 938 1598 1001 exspectat,
1615 929 1724 1001 quando

927 1023 981 1090 sit;
998 1022 1086 1094 qualis
1105 1020 1191 1076 lutura
1210 1027 1260 1075 est.
1278 1021 1419 1091 Tanquam
1443 1019 1464 1074 si
1489 1019 1638 1086 diceretur;
1654 1033 1723 1088 opc-

925 1118 1003 1165 rante
1024 1110 1139 1182 pictore,
1156 1107 1285 1178 subjectis
1310 1108 1361 1162 sibi
1384 1108 1525 1164 coloribus
1547 1115 1573 1162 et
1596 1107 1630 1162 ad
1654 1122 1723 1177 opus

926 1199 985 1268 ejus
1010 1198 1123 1268 paratis,
1147 1197 1314 1269 exspectatio
1331 1195 1452 1252 colorum
1477 1195 1723 1250 manifestationem

928 1288 1059 1359 imaginis
1074 1293 1229 1357 exspectat,
1254 1300 1307 1339 non
1332 1285 1394 1356 quia
1417 1292 1481 1340 luna
1504 1283 1549 1338 alii
1574 1290 1661 1351 crunt,
1678 1288 1723 1337 aut

926 1392 981 1432 non
996 1376 1105 1431 colores
1119 1383 1207 1442 crant,
1223 1373 1271 1428 sed
1287 1381 1388 1427 tantum
1404 1372 1478 1445 quod
1494 1373 1576 1427 aliam
1601 1370 1723 1444 dignita-

925 1473 979 1521 tem
995 1463 1142 1519 habebunt.

962 1582 1051 1635 Vane.
1071 1581 1115 1636 20.
1132 1604 1192 1628 -ιι
1211 1580 1325 1638 Vanitati
1345 1579 1593 1640 emmerentianae
1623 1577 1721 1646 inquit,

928 1692 939 1721 r
957 1669 1080 1739 subjecta
1094 1678 1143 1725 est.
1163 1691 1173 1718 v
1191 1670 1249 1725 lloe
1264 1677 1303 1725 est
1317 1667 1416 1725 illud«
1437 1668 1549 1723 l'arritas
1563 1665 1720 1732 vanitatum,

68 1734 109 1782 est
136 1734 165 1783 et
192 1726 294 1796 eisqui
318 1734 453 1782 tentantur
473 1727 599 1783 auxiliari
617 1745 624 1781 :
640 1728 716 1796 cujus
736 1728 872 1799 passionis
886 1758 913 1817 Β
927 1767 954 1815 e,
975 1759 1066 1813 omnia
1082 1758 1186 1814 vangas
1202 1759 1287 1827 (Em.
1304 1761 1334 1826 1).
1352 1780 1362 1804 u
1395 1756 1460 1825 ΟΜ
1487 1754 1654 1810 abundum,
1680 1760 1723 1808 es,

72 1815 131 1872 sola
146 1817 280 1872 memoria
295 1814 457 1871 confirmare
471 1833 524 1872 nos
539 1816 638 1886 poterit
652 1817 688 1870 ad
702 1817 793 1871 omnia
821 1832 870 1887 pro

69 1903 130 1974 ipso
144 1903 300 1960 toleranda.
322 1903 379 1959 lllae
393 1904 465 1959 enim
487 1903 675 1960 insultationes
698 1912 724 1959 et
747 1904 867 1976 llagella,

65 1991 114 2048 illa
128 1992 309 2065 ignominiosa
326 1993 420 2060 vestis,
437 2000 463 2049 el
481 2008 552 2048 oaesa
574 2000 600 2048 et
621 2002 753 2064 consputa
773 1992 867 2060 lacios,

65 2087 93 2137 et
112 2081 210 2152 spinea
230 2096 350 2152 corona;
367 2090 393 2137 et
415 2090 445 2136 ut
465 2083 551 2138 malta
573 2090 779 2153 praetereamus,
801 2098 869 2138 crux

69 2168 133 2239 ejus
147 2178 174 2225 et
188 2185 265 2225 mors
279 2170 406 2241 cogitata,
422 2170 488 2242 quid
509 2171 536 2224 in
555 2170 634 2226 nobis
654 2184 708 2224 uon
731 2169 868 2225 efficienti

71 2256 146 2327 Quid
159 2258 279 2330 denique
293 2259 491 2328 promissorum
502 2257 660 2331 magnitudo
675 2257 871 2329 praemiorum?

72 2345 152 2402 Unde
165 2354 194 2402 et
207 2348 332 2418 sequitur
347 2364 353 2404 :

101 2462 192 2517 Vsus.
208 2465 252 2519 ιι.
263 2493 300 2503 -
312 2486 322 2511 v
335 2463 473 2518 Existimo
484 2464 568 2532 enim,
581 2464 652 2535 quod
665 2480 720 2520 nou
735 2471 797 2518 sunt
806 2479 871 2518 con-

63 2549 171 2623 dignae,
190 2573 201 2598 a
218 2566 273 2606 non
290 2559 351 2606 sunt
371 2552 572 2623 comparabiles
595 2575 605 2601 ι
624 2553 766 2623 passiones
788 2552 869 2621 hujus

68 2640 252 2710 temperiem
279 2640 339 2696 istae
363 2641 518 2696 enimcum
542 2640 616 2709 stne,
639 2641 711 2696 dona
734 2641 869 2711 promissa

66 2728 132 2784 sine
146 2726 210 2796 line,
221 2727 283 2783 istae
297 2728 503 2784 estimationem
519 2728 630 2796 habent,
642 2729 687 2783 illa
699 2729 848 2784 nonhabet
861 2748 866 2784 :

68 2815 134 2870 rad
150 2815 269 2871 laturam
297 2816 432 2890 gloriam,
457 2817 491 2871 ad
517 2833 644 2889 magnam
668 2816 869 2872 multitudinem

63 2901 220 2960 dulcedinis
232 2905 290 2972 Dei,
303 2921 383 2976 quam
402 2905 546 2961 abscondit
561 2922 632 2960 nunc
647 2904 809 2961 timentibus
825 2921 868 2972 se,

61 2991 189 3064 perficiet
217 3001 308 3049 autern
335 2994 505 3064 sperantibus
518 2994 545 3048 in
560 3011 606 3061 se;
635 3004 663 3049 et
683 2997 723 3050 sic
738 2994 870 3050 revelabit

923 1847 1024 1902 homiui
1039 1847 1154 1902 inomni
1170 1846 1263 1902 labore
1282 1862 1340 1910 suo,
1357 1861 1436 1916 quam
1461 1844 1519 1915 ipse
1542 1843 1648 1899 laborat
1671 1841 1720 1896 sub

923 1937 995 2001 sole;
1013 1937 1058 1990 eui
1073 1934 1173 1990 dictum
1188 1942 1243 1991 est.
1262 1936 1292 1988 ln
1308 1935 1399 1989 labora
1414 1931 1588 1988 manducabis
1598 1931 1722 2003 panem?

925 2045 936 2072 r
954 2024 1070 2078 Vanitati
1086 2039 1151 2095 ergo
1166 2031 1290 2079 creatura
1313 2023 1431 2091 subjecta
1446 2030 1495 2087 ast,
1511 2035 1564 2075 non
1580 2027 1686 2090 sponte.
1706 2043 1718 2069 ι

924 2113 996 2168 Bene
1018 2112 1142 2167 additum
1167 2119 1218 2177 est,
1245 2135 1255 2158 a
1283 2126 1337 2166 non
1360 2117 1466 2182 sponte.
1483 2132 1494 2157 u
1515 2109 1604 2163 llomo
1618 2108 1722 2180 quippe

925 2209 1022 2270 sponte
1042 2199 1178 2271 peceavit;
1209 2200 1257 2255 sed
1288 2215 1341 2254 non
1369 2204 1465 2268 sponte
1494 2197 1636 2252 damnatas
1662 2202 1718 2253 est.

925 2289 1069 2344 Peccatum
1099 2288 1189 2359 itaque
1219 2287 1267 2342 luit
1293 2295 1473 2356 spontaneum
1497 2292 1588 2341 eontra
1616 2299 1720 2356 praece-

924 2384 999 2447 ptum
1026 2377 1118 2432 iacere
1142 2376 1281 2441 veritatis3
1308 2375 1409 2446 peccati
1424 2383 1513 2429 autem
1530 2389 1609 2444 poena
1624 2372 1725 2442 subjici
1814 2420 1817 2425 .

923 2466 1050 2521 fallacie.
1067 2466 1127 2520 Non
1147 2464 1219 2520 anim
1244 2472 1340 2534 sponte
1364 2468 1495 2519 creatura
1518 2461 1631 2516 vanitati
1652 2460 1723 2516 sub-

920 2554 993 2625 jecta
1009 2562 1066 2608 ast:
1095 2576 1105 2602 a
1123 2553 1169 2608 sed
1185 2562 1295 2624 propter
1310 2569 1380 2614 eum.
1399 2551 1444 2621 qui
1464 2550 1581 2621 subjecit
1604 2565 1666 2605 eant
1693 2549 1723 2603 in

923 2659 993 2712 spe:
1014 2666 1024 2689 a
1042 2641 1070 2696 id
1087 2649 1126 2696 est
1141 2649 1252 2712 propter
1267 2640 1327 2709 ejus
1339 2639 1472 2708 justitiam
1494 2647 1573 2710 alque
1598 2638 1721 2693 clemen-

922 2731 1007 2800 tiam,
1038 2731 1083 2800 [μή
1112 2746 1200 2802 neque
1237 2729 1401 2799 impunitum
1440 2736 1578 2800 peccatum
1603 2725 1721 2797 reliquit,

924 2836 1011 2889 neque
1029 2819 1209 2873 insanabilem
1238 2818 1325 2872 voluit
1353 2833 1412 2871 esse
1442 2820 1610 2887 peccantem.
1627 2814 1723 2871 ditiori

923 2924 988 2963 vero
1004 2924 1084 2962 sensu
1100 2907 1255 2978 intelligere
1276 2922 1430 2977 possumus,
1448 2905 1510 2975 quia
1526 2912 1552 2958 ει
1567 2905 1627 2974 ipsa
1642 2918 1723 2959 crea-

925 3004 992 3065 tura,
1008 2996 1035 3050 id
1051 3003 1092 3050 est
1106 2997 1166 3066 ipse
1180 2997 1273 3064 lromo,
1285 3011 1345 3049 oum
1358 2996 1416 3065 jam
1432 2994 1575 3065 signaculo
1591 2989 1721 3064 imaginis

63 3080 362 3154 nobis,utimpleatur
389 3085 417 3136 iu
444 3082 534 3138 nobis.
555 3083 586 3137 ln
614 3083 667 3138 bac
688 3084 867 3156 quidamvita
882 3109 907 3175 C
924 3091 1035 3157 propter
1062 3092 1202 3155 peccatum
1230 3083 1348 3149 amisso,
1377 3084 1508 3137 remansit
1535 3078 1721 3135 tantummodo

62 3169 216 3225 secundum
247 3169 445 3226 multitudinem
481 3171 628 3238 dolorum,
657 3180 697 3226 est
724 3173 867 3228 aestimatio

63 3257 299 3327 consolationum
324 3259 363 3313 ibi
384 3275 448 3315 varo
470 3260 614 3315 aestimatio
637 3259 711 3315 nulla
727 3269 778 3316 est.
800 3260 868 3328 Qua

64 3354 110 3401 ast
137 3346 209 3402 enirn
238 3347 327 3416 gloria
354 3363 439 3420 quam
467 3356 676 3419 exspectamus,
701 3348 751 3403 nisi
775 3349 868 3405 videre

69 3435 169 3502 Deum,
186 3443 212 3491 et
226 3436 326 3491 sanetis
338 3437 396 3507 ejus
411 3437 517 3507 angelis
531 3436 651 3493 sociari?

102 3549 188 3605 Vnus.
205 3550 249 3604 la.
264 3581 300 3591 -
317 3574 327 3597 υ
345 3551 414 3605 Nam
440 3551 607 3621 exspectatio
631 3559 767 3608 creaturae
787 3568 867 3607 rave-

65 3636 198 3694 lationem
226 3635 342 3694 filiorum
358 3639 408 3693 Dei
423 3647 574 3710 exspectat.
593 3662 604 3688 ι
626 3638 705 3709 Quod
732 3640 759 3694 in
788 3640 867 3695 uobis

62 3724 149 3792 dolat,
165 3727 239 3798 quod
263 3726 336 3782 lacta
364 3729 454 3783 carnis
473 3726 682 3796 mortificamus,
698 3744 762 3784 cum
777 3728 867 3784 esuri·

62 3830 126 3869 mus
142 3815 311 3869 autsitimus
335 3830 384 3886 per
407 3815 616 3882 abstinentiam,
642 3816 705 3870 dum
731 3816 868 3871 frenamus

63 3901 279 3958 delectationem
304 3903 534 3974 concupiscentia
550 3920 599 3975 per
614 3904 787 3970 charitatem,
803 3906 868 3959 dum

64 3989 232 4059 injuriarum
264 3990 467 4060 lacerationes,
496 3993 719 4048 contumeliarum
758 3993 868 4048 aculeos

63 4093 114 4150 per
139 4079 298 4149 patientiam
325 4080 501 4146 sustinemus,
524 4080 600 4147 dum,
625 4081 757 4153 neglectis
786 4090 868 4152 atqua

63 4166 177 4234 reiectis
190 4166 379 4237 uoluptatibus
401 4168 513 4238 nostris,
528 4184 580 4239 pro
595 4169 683 4225 fructu
704 4169 799 4224 matris
812 4170 867 4225 Ee-

63 4255 160 4312 elesiae
173 4255 329 4311 laboramus
345 4273 352 4307 :
369 4255 502 4327 quidquid
517 4257 543 4311 in
559 4258 639 4313 nobis
661 4259 689 4311 in
715 4260 765 4313 hae
788 4267 867 4330 atque

61 4343 94 4398 in
124 4343 281 4412 hujusmodi
302 4345 439 4400 attritione
461 4345 545 4412 dolet,
562 4353 689 4402 creatura
710 4354 764 4402 est.
789 4347 868 4402 Dolet

921 3181 1056 3238 creatura,
1072 3182 1097 3227 el
1113 3174 1170 3243 ipsa
1185 3173 1277 3242 utique
1290 3180 1424 3234 creatura,
1441 3171 1468 3225 id
1484 3178 1524 3225 est
1540 3178 1565 3224 et
1580 3169 1638 3241 ipsa
1662 3184 1722 3239 quaa

921 3262 1039 3318 noudum
1063 3269 1175 3316 vocatur
1200 3259 1316 3316 liliorum
1341 3259 1427 3314 forma
1451 3259 1581 3329 perlecta,
1596 3257 1643 3311 sed
1658 3265 1722 3311 tan·

920 3359 974 3405 turn
990 3357 1102 3406 vocatur
1122 3357 1255 3414 creatura,
1271 3347 1434 3403 liberabitur
1457 3362 1472 3400 a
1496 3345 1627 3401 servitute
1647 3344 1719 3400 inte-

921 3440 998 3493 ritus.
1020 3437 1099 3507 Quod
1117 3438 1208 3507 itaque
1223 3437 1270 3503 ait,
1284 3446 1310 3491 ει
1326 3436 1385 3505 ipsa
1401 3435 1568 3500 liberabitur,
1586 3433 1651 3488 iacit
1672 3434 1719 3487 iu-

921 3527 1016 3597 telligi,
1029 3534 1057 3581 et
1070 3526 1128 3596 ipsa
1144 3524 1373 3596 quemadmodum
1385 3539 1436 3578 nos
1448 3543 1453 3578 :
1466 3523 1493 3577 id
1509 3528 1549 3578 est
1564 3529 1590 3577 at
1603 3523 1637 3576 de
1651 3521 1720 3593 ipsis

921 3621 1029 3671 nonest
1045 3614 1262 3684 desperandum,
1288 3612 1334 3682 qui
1361 3613 1481 3667 nondum
1511 3619 1641 3666 vocantur
1669 3608 1727 3673 alii,

920 3703 988 3770 Dei,
1016 3703 1078 3773 quia
1102 3703 1220 3757 nondum
1250 3701 1438 3765 crediderunt,
1462 3700 1512 3755 sed
1535 3707 1637 3754 tantum
1654 3704 1722 3753 sunt

920 3800 1055 3860 creatura,
1072 3792 1134 3863 quia
1148 3797 1175 3845 et
1188 3791 1239 3861 ipsi
1254 3790 1381 3845 credituri
1399 3797 1472 3856 sunt,
1489 3796 1516 3843 et
1531 3787 1720 3843 liberabuntur

920 3881 1080 3935 aservitute
1103 3879 1237 3944 interitus,
1265 3877 1497 3950 quemadmodum
1521 3893 1574 3932 nos
1597 3875 1642 3947 qui
1662 3877 1720 3944 jnm

920 3967 970 4023 filii
993 3968 1044 4024 [lei
1067 3984 1176 4037 sumus,
1202 3967 1326 4038 quamvis
1355 3966 1475 4021 noudum
1503 3964 1627 4036 apparuit
1646 3963 1720 4036 quod

921 4073 1033 4113 aramus.

959 4172 1041 4227 Vnas.
1058 4176 1102 4227 tl.
1118 4203 1155 4212 —
1171 4194 1181 4219 ι
1199 4171 1370 4227 Liberabitur
1384 4187 1450 4241 argo
1464 4187 1479 4225 a
1495 4171 1625 4225 aservitute
1648 4168 1721 4224 iute-

921 4261 990 4315 ritus
1017 4261 1043 4315 in
1072 4261 1222 4315 libertatern
1251 4259 1348 4332 gloriae
1370 4258 1488 4314 illiorum
1510 4260 1574 4325 Dei,
1601 4281 1612 4305 n
1638 4256 1723 4312 idest

920 4356 999 4404 erunt
1012 4356 1038 4404 et
1052 4348 1105 4418 ipsi
1121 4364 1156 4404 ex
1171 4349 1260 4403 servis
1275 4347 1368 4413 liberi,
1384 4356 1411 4402 ct
1426 4364 1459 4401 ex
1476 4348 1590 4401 mortuis
1605 4343 1720 4418 gloriosi

62 4430 141 4487 enirn
168 4447 268 4504 corpus
283 4440 309 4489 et
325 4434 437 4499 anima,
463 4451 522 4504 quar
546 4436 638 4507 utique
661 4443 782 4491 ereatura
806 4442 865 4497 est:
884 4438 953 4524 Dio
968 4437 1023 4493 vita
1045 4437 1182 4507 perlecta,
1207 4453 1290 4506 quiam
1313 4436 1453 4491 habebunt
1479 4433 1526 4488 lilii
1550 4433 1610 4488 Dei.
1633 4434 1723 4487 Potest

63 4529 93 4576 et
121 4525 261 4592 exspectat
288 4521 480 4578 revelationem
502 4521 619 4579 filiorum
636 4525 698 4593 Dei,
715 4524 742 4577 id
764 4532 805 4580 est
818 4541 869 4580 ex-

65 4615 184 4681 spectat,
206 4609 343 4682 quomodo
357 4619 488 4682 appareat
506 4612 579 4682 quod
603 4621 727 4668 vocatum
742 4622 783 4668 est
797 4614 825 4667 in
839 4628 873 4670 ea

61 4697 155 4769 gloria
176 4698 210 4754 ad
234 4715 313 4771 quarn
329 4708 456 4755 vocatum
473 4709 527 4755 est.
552 4700 620 4769 Quia
636 4701 708 4755 enim
724 4701 808 4758 Filius
823 4703 871 4757 Dei

60 4785 230 4858 unigenitus
246 4803 299 4843 non
322 4793 410 4858 potest
433 4789 567 4860 appellari
592 4797 728 4854 creatura,
745 4792 872 4863 quando·

59 4873 176 4946 quidem
204 4890 256 4946 per
283 4875 373 4947 ipsum
399 4876 469 4932 lacte
494 4886 558 4932 sunt
583 4878 674 4933 omnia
705 4895 872 4951 quecunque

63 4961 142 5017 Deus
156 4962 236 5033 lecit;
259 4963 385 5020 distinata
407 4964 488 5020 etiam
511 4983 561 5021 nos
592 4982 723 5022 vocamur
744 4974 871 5023 creatura

59 5056 125 5105 ante
138 5049 213 5106 illam
228 5051 390 5106 evidentiam
423 5054 529 5126 gloriae,
555 5063 581 5109 et
604 5054 729 5111 distincta
745 5072 872 5112 vocamur

58 5136 113 5192 lilii
124 5139 183 5205 Dei,
201 5140 324 5210 quamvis
345 5142 399 5196 hoc
423 5158 471 5212 per
499 5143 674 5213 adoptionem
700 5160 865 5199 mereamur.

57 5226 133 5281 Nam
156 5227 202 5283 ille
222 5229 381 5301 unigenitus
405 5238 504 5285 natura
521 5231 614 5286 Filius
638 5233 710 5304 Ergo
726 5255 736 5280 s
754 5248 870 5304 exspec-

59 5314 129 5370 tatio
152 5323 300 5385 creaturas,
320 5341 331 5364 ι
348 5318 374 5372 id
397 5323 440 5373 est
466 5320 631 5390 exspectatio
655 5329 763 5388 nostra,
788 5337 869 5377 reva-

60 5401 193 5459 lntionam
222 5403 340 5461 filiorum
364 5407 414 5462 Dei
438 5416 597 5480 exspectat;
614 5433 625 5457 u
648 5409 675 5463 id
699 5416 740 5464 est
763 5410 870 5480 quando

60 5499 200 5561 appareat
217 5493 291 5563 quod
305 5494 471 5564 promissum
485 5504 545 5563 est,
571 5496 681 5569 quando
699 5499 790 5568 reipsa
805 5513 868 5554 ma·

61 5578 196 5637 nitentum
223 5582 258 5636 ait
283 5582 356 5652 qaod
383 5599 454 5639 nuno
482 5600 532 5655 spe
561 5601 671 5641 sumus.
709 5586 768 5641 Filii
797 5587 869 5641 enirn

925 4525 1014 4580 adbuc
1030 4533 1058 4580 et
1079 4524 1150 4580 aliud
1176 4525 1261 4595 accipi
1284 4525 1311 4577 in
1335 4524 1446 4579 nomine
1470 4529 1613 4577 creaturae.
1630 4520 1725 4577 Omnis

927 4615 999 4670 enirn
1015 4625 1136 4669 creatura
1160 4613 1187 4667 in
1212 4613 1319 4668 bomine
1343 4620 1522 4666 numeratur:
1544 4609 1676 4681 nunquia
1695 4608 1724 4663 in

926 4719 959 4759 eo
971 4711 1034 4758 sunt
1048 4717 1145 4756 omues
1160 4702 1249 4772 angeli
1267 4708 1294 4755 ει
1307 4700 1542 4770 supereminentes
1557 4699 1673 4753 virtutes
1694 4712 1728 4754 ao

927 4799 1091 4863 potestates;
1117 4798 1160 4844 aut
1176 4789 1272 4845 ooelum
1289 4797 1314 4843 ει
1330 4797 1401 4843 tarra
1424 4794 1451 4843 et
1474 4803 1561 4853 mare,
1585 4795 1612 4841 et
1635 4786 1729 4841 omnia

927 4896 987 4952 quaa
1011 4880 1037 4932 in
1063 4879 1103 4933 ais
1126 4886 1199 4945 sunt,
1219 4878 1267 4932 sed
1292 4877 1357 4948 quia
1376 4875 1464 4929 omnis
1488 4879 1613 4929 ereatura
1629 4874 1726 4945 partim

926 4966 1075 5038 spiritualis
1089 4974 1140 5033 est,
1157 4967 1255 5037 partim
1279 4963 1414 5030 animalis,
1437 4964 1531 5034 partim
1556 4963 1721 5033 corporalis.

926 5055 1007 5125 Quod
1021 5064 1049 5111 ut
1064 5055 1099 5111 ab
1121 5054 1296 5111 inferioribus
1326 5053 1546 5119 cousideremns,
1578 5049 1727 5121 corporalis

926 5154 1049 5201 creatura
1065 5161 1113 5216 per
1127 5146 1187 5199 loca
1206 5143 1332 5209 tenditur,
1349 5141 1474 5196 animulis
1495 5149 1586 5196 autem
1611 5138 1728 5194 vivificat

927 5233 1099 5304 corporalem
1118 5251 1124 5288 :
1140 5232 1287 5303 spiritualis
1312 5231 1458 5285 animalem
1482 5229 1579 5300 rugit;
1607 5237 1633 5280 et
1662 5234 1728 5284 tirno

927 5320 997 5375 bene
1010 5321 1090 5393 regit,
1103 5337 1164 5375 cum
1185 5321 1245 5390 ipsa
1268 5318 1419 5391 regendum
1445 5317 1638 5384 subjiciebas.
1659 5316 1727 5372 Cum

925 5420 1014 5465 autem
1042 5410 1244 5481 transgreditur
1266 5414 1402 5478 praecepta
1427 5408 1505 5475 ajars.
1530 5403 1674 5460 laboribus
1703 5413 1730 5460 et

924 5498 1057 5554 aerumnis
1073 5513 1121 5569 per
1135 5497 1231 5552 eadem
1245 5497 1304 5567 ipsa
1327 5511 1386 5566 quae
1411 5511 1507 5567 regere
1531 5501 1648 5564 poterat,
1673 5492 1728 5547 irn-

924 5586 1050 5658 plicatur.
1068 5587 1109 5641 lta
1123 5585 1212 5641 omnia
1237 5588 1361 5641 creatura
1375 5583 1403 5639 in
1418 5584 1529 5638 lromine
1547 5590 1599 5651 est,
1617 5579 1682 5652 quia
1694 5584 1724 5634 at
