3728 6000
96 200 149 256 att
606 194 639 254 D.
652 196 1242 259 reduntscttotrsrrctebobiensis
1697 195 1748 254 ild

102 325 277 378 discurrente
291 319 462 393 divulgatum
475 326 527 386 est,
543 320 614 393 quod
629 321 657 375 iu
674 319 825 376 Galliarum
839 319 939 392 par-A
955 321 1098 379 vetuimus.
1114 321 1229 397 Oportet
1242 340 1309 398 ergo
1332 332 1362 381 ut
1382 340 1470 397 neque
1491 342 1541 397 per
1561 324 1748 390 commodum,

100 412 174 467 tibus
191 411 262 466 sacri
278 410 388 465 ordines
417 425 466 480 per
481 409 669 465 simoniacam
685 409 809 465 lraeresim
836 424 900 465 con·
955 426 1043 481 neque
1059 413 1247 486 pergratiam,
1262 430 1351 487 neque
1371 430 1420 485 per
1434 414 1613 484 quorumdem
1641 413 1749 486 suppli·

102 501 237 567 ferantur,
254 507 280 553 et
294 497 448 554 retrememi
474 497 556 553 taedio
571 497 695 552 moeroris
722 496 862 567 afficimur,
877 497 899 552 si
954 500 1088 557 ostionem
1101 502 1208 572 aliquos
1221 502 1256 558 ad
1267 518 1362 562 saeros
1380 503 1491 559 ordines
1514 502 1694 561 consentiatis
1708 501 1749 559 vet

105 589 134 644 in
161 587 350 644 ecclesiasticis
377 585 473 641 otliciis
500 601 662 657 quemquam
687 585 775 640 locum
802 579 912 641 lrabeat'

105 677 231 750 pecunia,
247 683 275 730 et
289 673 333 730 liat
347 674 479 730 seculare
494 674 566 745 quod
582 688 691 729 sacrum
712 682 761 729 est.
778 672 899 743 Quicun-

104 782 157 839 que
173 781 237 837 ergo
250 764 338 819 studet
354 763 432 834 pretii
442 762 607 818 dationeboc
617 762 764 834 percipere,
772 763 901 818 secerdos

104 871 160 910 non
171 868 240 918 esse,
257 853 304 907 sed
321 852 374 907 dici
392 850 578 907 tantummodo
591 850 707 907 inaniter
724 850 900 922 concupiscit.

106 943 183 1012 erod
212 941 317 997 scilicet
347 940 411 1011 quid
437 956 487 1010 per
516 940 568 994 hoc
590 939 757 1011 agitur,nisi
777 946 805 995 ul
828 939 903 995 nulla

105 1040 212 1088 actuum
228 1028 361 1101 probatio,
379 1028 453 1083 nulla
467 1028 621 1084 sollicitudo
635 1027 669 1084 de
680 1028 813 1094 moribus,
829 1027 904 1083 nulls

106 1121 142 1175 sit
156 1121 190 1176 de
205 1119 259 1173 rita
274 1117 418 1180 discussio,
429 1117 477 1172 sed
488 1117 533 1172 ille
548 1116 718 1172 solummodo
733 1117 843 1189 dignus,
857 1114 903 1187 qui

108 1209 172 1266 dare
184 1207 326 1279 pecuniam
352 1204 500 1271 suffecerit,
529 1205 815 1278 aestimeturiltaque,
845 1203 901 1258 lra-

107 1306 148 1353 ter
160 1295 328 1360 charissime,
345 1294 372 1348 in
387 1293 574 1349 sacerdotibus
583 1293 739 1349 ordinandis
760 1293 905 1349 sinceritas

107 1385 201 1457 rigeat
216 1401 224 1449 3
240 1383 283 1436 aix
295 1381 412 1451 simplex
428 1381 485 1435 sine
504 1381 646 1436 venalitate
660 1397 820 1445 consensus,
835 1393 905 1452 pura

108 1470 269 1545 praeferatur
284 1470 392 1538 electio,
408 1477 436 1524 ut
451 1468 486 1524 ad
502 1485 638 1525 summum
653 1468 835 1526 sacerdotium
851 1483 905 1522 non

109 1559 238 1631 suffragio
254 1559 423 1615 venditorum
444 1565 600 1628 provectus,
631 1558 678 1613 sed
710 1557 760 1613 Ilei
778 1556 906 1612 credatur

954 590 1117 660 permittatis
1132 590 1264 647 adducis

956 695 1022 752 Cur.
1034 697 1160 751 XXXVI.
1171 696 1247 765 Quod
1254 697 1448 755 onotbemotir
1461 700 1618 772 opprobrio,
1627 698 1752 770 suseepr'i

993 769 1753 828 lionorisoccissionemonosleriirestrictiorimulten-

992 838 1685 914 dussitsirnonincos,temaeederrsquomemens.

994 942 1061 999 ltcm
1073 945 1268 1000 Ambrosiusiu
1278 945 1350 1002 libro
1360 945 1501 1013 Pastorali,
1512 962 1574 1018 cap.
1584 949 1636 1001 lo:
1652 969 1664 995 s
1676 945 1753 1016 Quod

958 1048 1013 1089 uon
1027 1033 1085 1089 siue
1100 1049 1199 1105 magno
1215 1034 1308 1090 dolore
1332 1034 1476 1091 dicendum
1500 1043 1551 1102 est,
1579 1035 1754 1106 reperiuntur

958 1122 1151 1194 quamplurimi
1165 1124 1277 1196 negotio
1293 1124 1412 1180 muueris
1421 1124 1541 1181 mereari
1550 1123 1621 1180 selle
1635 1124 1753 1197 gratiam

959 1212 1072 1284 Spiritus
1082 1211 1167 1267 sancti
1181 1231 1186 1267 :
1203 1212 1325 1267 dumille
1340 1213 1457 1285 pretium
1480 1213 1576 1277 doust,
1593 1222 1621 1268 ut
1645 1211 1753 1284 pontiti-

959 1301 1027 1357 calis
1045 1300 1148 1355 ordinis
1158 1301 1353 1357 sublimitatem
1372 1302 1495 1372 accipiat,
1507 1302 1584 1357 obliti
1606 1302 1752 1357 verborum

961 1389 1041 1454 Petri,
1052 1386 1096 1459 qui
1104 1389 1211 1444 diritad
1220 1387 1361 1445 Simonem
1376 1407 1383 1445 ε
1396 1391 1521 1446 Pecunia
1541 1395 1592 1447 tuo
1604 1393 1700 1446 tecum
1714 1392 1752 1446 sit

960 1476 1175 1550 inper·ditione;
1196 1479 1262 1550 quio
1277 1474 1380 1535 donum
1404 1480 1453 1535 Dei
1464 1480 1617 1535 estimaret
1630 1480 1751 1547 pecunie

960 1566 1101 1638 possidere
1113 1568 1185 1636 (Act.
1199 1582 1257 1632 rru,
1275 1568 1330 1637 20).
1341 1566 1457 1623 Proinde
1466 1568 1563 1637 quiaet
1576 1567 1708 1622 usitatum
1714 1573 1755 1622 est

110 1666 169 1706 0⁸³0
181 1648 298 1721 ludim·
324 1649 397 1703 Nm
409 1661 491 1718 quam
506 1662 591 1719 dille
606 1646 716 1702 ⁰¹¹¹¹li¹¹0
744 1646 780 1701 ⁸51
803 1645 906 1702 &⁰1⁰⁰ss
920 1680 947 1741 B
963 1663 1066 1710 tautum
1082 1655 1194 1721 malum,
1205 1664 1230 1711 et
1243 1656 1377 1726 majorum
1406 1656 1568 1727 frequenter
1592 1663 1685 1712 exstat
1701 1671 1756 1709 mo·

109 1740 210 1796 donum
226 1737 277 1793 Dei
291 1737 333 1793 vel
350 1736 437 1807 pretio
452 1750 610 1807 componore
620 1735 662 1790 vel
678 1733 806 1800 vendere,
821 1750 906 1790 evon-

110 1826 284 1901 gelientestis
299 1833 338 1880 est
351 1824 506 1880 auctoritas.
531 1823 673 1894 Templum
690 1832 781 1880 autem
810 1821 906 1878 Domi-

109 1932 161 1972 nus
172 1922 198 1971 et
212 1915 377 1984 Redemptor
392 1921 484 1968 noster
501 1911 656 1986 ingressus,
680 1912 823 1969 cathedras
838 1927 908 1967 ren-

111 2005 231 2062 deutium
243 2002 384 2059 columbas
399 2002 616 2070 erecirlltnern.
635 2018 688 2066 rar,
700 1998 828 2072 tilQuid
844 2014 910 2053 vero

110 2093 183 2150 aliud
200 2099 241 2147 est
251 2091 392 2148 columbas
411 2090 543 2156 vendere,
563 2090 614 2144 nisi
631 2090 750 2161 pretium
766 2088 800 2143 de
815 2103 911 2144 manos

110 2182 281 2254 impositione
296 2181 449 2251 percipere,
476 2187 502 2235 et
518 2178 647 2249 Spiritum
672 2185 805 2244 sanctuni,
830 2191 911 2248 quem

111 2272 185 2327 Deus
210 2269 383 2339 omnipotens
408 2267 565 2322 bominibus
590 2266 690 2332 tribuit,
715 2264 873 2320 venundare
896 2264 911 2318 ⁴?

112 2359 233 2427 Quorum
250 2355 429 2412 secerdotium
441 2363 503 2410 ante
517 2354 567 2409 bei
589 2354 681 2409 oculos
699 2353 797 2409 cadere
816 2353 912 2408 calbe-

117 2447 227 2501 drarum
239 2445 330 2515 utique
345 2443 488 2499 eversione
498 2449 622 2513 patenter
635 2441 773 2512 signatum
794 2449 835 2496 est
857 2459 863 2495 :
887 2447 914 2496 et

115 2542 206 2591 temen
232 2533 317 2588 orarit
331 2532 419 2587 adhuc
443 2531 571 2603 nequities
594 2531 711 2602 pruritus
738 2530 809 2586 vires
829 2545 905 2584 suas.

120 2625 191 2680 Nam
220 2622 294 2695 cogit
322 2625 441 2676 rendere
465 2635 533 2692 quos
552 2619 660 2692 decepit
684 2628 710 2674 ut
727 2627 848 2674 emerent
867 2638 873 2673 :
889 2624 916 2673 et

120 2713 185 2770 dum
214 2727 267 2766 nou
291 2709 444 2777 attenditur,
460 2709 532 2780 quod
550 2708 641 2763 divina
658 2724 727 2764 voce
741 2707 913 2779 praecipitur:

121 2800 383 2872 Grotirorcepr'stis,
399 2799 489 2870 protis
500 2798 565 2855 dote
581 2796 692 2865 (recen.
709 2814 735 2863 x,
747 2800 785 2868 8),
802 2812 856 2852 uno
867 2811 915 2851 eo-

82 2928 85 2933 ·
118 2891 236 2962 demque
258 2887 357 2943 delicto
398 2886 553 2959 geminatur
577 2885 718 2940 vendentis
748 2890 776 2941 et
804 2883 918 2940 ementis

118 2978 240 3036 conditio
259 2995 265 3031 :
282 2985 307 3031 et
322 2991 385 3031 curn
403 2975 506 3046 liqueat
521 2975 591 3030 hauc
607 2974 730 3030 baeresim
746 2980 809 3029 ante
822 2989 919 3029 omues

962 1760 1045 1801 orone
1073 1744 1220 1810 succisum,
1249 1761 1300 1800 nos
1324 1760 1429 1818 qaoque
1450 1745 1511 1802 huic
1525 1744 1632 1801 vulneri
1656 1760 1756 1802 canee-

962 1848 1023 1889 roso
1052 1832 1125 1906 quod
1149 1842 1274 1904 superest
1289 1834 1376 1890 adbuc
1395 1833 1536 1903 injicimus
1566 1834 1669 1890 serrum
1686 1847 1693 1903 ;
1709 1833 1757 1889 de-

963 1929 1106 1979 cernentes
1116 1921 1225 1977 omnino
1241 1932 1269 1977 ut
1283 1923 1439 1996 quicunque
1460 1923 1591 1993 deinceps
1620 1939 1671 1994 pro
1686 1922 1757 1978 acci-

964 2011 1063 2084 pienda
1074 2010 1227 2067 dirinidoni
1242 2011 1375 2084 dignitate
1390 2011 1530 2082 quodlibet
1545 2011 1690 2083 praemium
1716 2011 1759 2066 de·

964 2109 1051 2157 tectus
1067 2100 1297 2164 sueritobtulissr‚
1309 2117 1344 2155 ex
1359 2100 1456 2156 eodem
1472 2109 1593 2172 ternpore
1614 2116 1643 2156 se
1659 2098 1760 2156 noverit

965 2189 1144 2245 anathematis
1159 2189 1306 2260 opprobrio
1320 2188 1544 2255 condemnatum,
1560 2197 1641 2260 atque
1668 2203 1760 2259 apar-

966 2280 1121 2351 ticipatioue
1151 2278 1252 2335 Christi
1281 2278 1404 2349 corporis
1430 2277 1611 2351 etsanguinis
1634 2276 1760 2344 alienum,

966 2385 1002 2423 ex
1032 2385 1087 2440 qno
1108 2368 1182 2423 illum
1209 2375 1314 2424 constat
1331 2366 1501 2423 exsecrabile
1529 2366 1639 2422 cbristo
1668 2381 1763 2438 perpe-

967 2457 1208 2530 trassellagitium.
1228 2455 1307 2525 Quod
1330 2455 1353 2510 si
1381 2455 1483 2529 aliquis
1505 2454 1635 2511 exstiterit
1650 2454 1695 2525 qui
1723 2469 1764 2510 ae·

969 2548 1058 2611 cuset,
1089 2545 1133 2599 ille
1144 2544 1190 2617 qui
1205 2545 1277 2600 lrunc
1291 2543 1412 2600 ordinem
1428 2543 1550 2599 muneris
1577 2541 1663 2598 suerit
1689 2557 1764 2598 aoce-

970 2633 1062 2705 ptione
1077 2632 1205 2698 lucratus,
1224 2639 1250 2689 et
1264 2641 1390 2702 suscepto
1405 2631 1515 2687 nonoris
1529 2630 1615 2704 gradu
1630 2630 1765 2701 privetur,

970 2731 997 2777 ct
1013 2722 1040 2776 iu
1057 2724 1221 2777 monasterio
1236 2721 1287 2778 sub
1303 2720 1417 2793 perenni
1445 2719 1607 2791 poenitentia
1635 2719 1765 2775 trudatur.

971 2810 1012 2865 llli
1037 2825 1104 2867 vero
1126 2809 1171 2882 qui
1196 2825 1247 2882 ρνο
1272 2812 1323 2865 lrac
1346 2825 1428 2865 causa
1444 2823 1588 2865 munerum
1612 2816 1768 2879 acceptores

972 2899 1146 2967 exsilierunt,
1176 2900 1228 2954 etsi
1255 2898 1346 2955 clerici
1372 2898 1468 2953 luerint
1488 2897 1599 2953 honoris
1617 2896 1764 2952 amissione

934 2988 1138 3089 Cmultentur;
1155 2987 1178 3043 si
1204 3004 1267 3043 reru
1296 2987 1355 3043 laici
1370 2986 1481 3052 luerint,
1511 2987 1768 3057 perpeluoanatba·

120 3067 212 3124 radice
225 3065 352 3137 pestilera
368 3063 549 3135 subrepsisse,
573 3069 654 3132 atque
682 3063 708 3117 in
725 3064 784 3134 ipsa
798 3078 844 3117 sua
860 3060 919 3117 ori·
974 3085 1045 3133 „me
1060 3077 1284 3132 condemnemur·
1303 3101 1315 3123 ,

121 3156 186 3229 gine
204 3153 353 3225 apostolice
381 3168 441 3208 esse
462 3151 641 3207 detestatione
684 3150 852 3219 damnatam,
872 3165 921 3205 cnr

121 3252 313 3311 oneraretur,
338 3256 450 3298 eurnon
474 3239 660 3312 perpenditur,
677 3241 739 3311 quie
758 3238 912 3294 benedictio

123 3334 163 3389 illi
179 3333 206 3388 in
218 3330 436 3387 maledictionem
452 3329 631 3395 convertitur,
662 3328 706 3400 qui
722 3327 820 3384 adhoc
834 3336 862 3382 ut
875 3325 921 3383 liat

122 3422 269 3479 lisercticus
282 3427 457 3492 promovetur
469 3419 483 3472 i
500 3442 511 3465 s

168 3545 250 3617 lea.
266 3544 384 3600 XXXV.
403 3545 473 3612 orrot
487 3541 577 3599 modis
592 3542 727 3599 simonie
741 3541 865 3612 pretium

426 3613 624 3686 impendetur.

162 3739 233 3808 Quot
244 3738 333 3794 modis
348 3746 439 3793 autern
464 3737 580 3808 pretium
596 3737 623 3791 in
640 3737 692 3792 liae
722 3735 817 3791 haeresi
845 3735 925 3790 detur

128 3825 200 3881 idem
217 3826 366 3897 Gregorius
378 3826 404 3879 in
416 3824 634 3893 Evangelioruru
659 3831 778 3879 tractatu
803 3823 924 3892 exponit,

128 3914 275 3972 diceuszn
305 3915 374 3969 Sunt
397 3912 519 3968 nouuulli
546 3912 669 3984 quidem,
693 3912 740 3983 qui
753 3927 925 3966 nummorum

130 4002 244 4077 praenria
258 4018 291 4058 ex
306 4001 477 4058 ordinatione
500 4001 650 4072 accipiunt,
672 4010 699 4055 et
728 4009 818 4055 tamen
834 4014 912 4055 sucro

132 4092 241 4148 ordines
251 4106 302 4161 pro
312 4091 431 4145 bumana
441 4089 529 4161 gratia
540 4089 691 4161 largiuntur
706 4097 804 4158 ;atque
818 4087 853 4143 de
867 4088 928 4158 ipsa

132 4180 258 4252 largitate
272 4179 360 4235 laudis
375 4176 549 4233 solummodo
562 4175 769 4233 retributionem
794 4183 927 4245 quaeruut.

132 4269 167 4326 lli
177 4267 304 4323 nimirum
317 4267 388 4338 quod
403 4266 490 4338 gretie
503 4273 678 4336 acceporuut,
706 4265 793 4336 gratis
807 4280 860 4320 uon
877 4265 927 4319 tri·

133 4359 238 4425 buuut;
254 4356 328 4429 quia,
347 4355 397 4410 Dei
420 4354 544 4427 impenso
563 4352 662 4422 officio,
678 4356 827 4409 senectutis
841 4370 969 4443 expe-D

135 4455 193 4504 tunt
208 4461 345 4501 nummum
357 4443 466 4499 luroris.
481 4442 558 4499 Unde
573 4442 653 4511 bene,
672 4458 734 4496 cum
750 4442 836 4496 sirum
864 4458 929 4496 san-

135 4544 209 4594 ctum
219 4534 396 4597 describeret,
409 4532 540 4602 propbeta
557 4530 593 4586 eit
614 4544 620 4584 :
638 4531 692 4598 Qui
705 4531 818 4586 excutit
829 4546 934 4585 moeres

135 4625 245 4683 sunsol
258 4622 336 4679 omni
350 4634 469 4677 munere
496 4619 561 4685 (leo.
580 4635 679 4685 xxxrrr,
696 4618 933 4689 iii).Ncqueenirn

136 4727 288 4777 emouere,
301 4710 350 4765 sed
360 4707 395 4765 ab
405 4707 480 4764 omui
494 4723 608 4763 munere
630 4708 761 4776 adjunxit,
783 4707 846 4778 quia
862 4705 933 4761 aliud

136 4811 178 4858 est
193 4816 290 4856 munus
309 4814 428 4866 amanu,
440 4797 512 4851 aliud
528 4811 655 4851 munusa
671 4796 777 4868 lingua,
788 4795 861 4850 eliud
871 4810 933 4849 mu·

136 4907 188 4947 uus
203 4890 237 4945 ab
252 4886 395 4958 obsequio.
415 4885 510 4939 blnnus
524 4899 540 4938 a
554 4899 635 4938 manu
648 4892 687 4939 est
702 4882 933 4955 pecunia,nrunus

976 3183 1030 3238 Car
1057 3183 1197 3238 xxxvii.
1215 3183 1291 3250 Quod
1301 3183 1409 3255 proprii
1419 3181 1669 3254 bonoriapericrdo
1680 3180 1769 3251 sabje-

1010 3254 1328 3337 ceot.qnisquisneduro
1342 3254 1464 3314 ordiner,
1473 3253 1524 3308 red
1533 3253 1770 3321 dispensationem

1011 3326 1135 3396 alicujus
1150 3325 1338 3382 ecelesiastici
1353 3324 1416 3380 boni
1425 3323 1584 3380 vendiderit
1600 3324 1643 3380 nel
1661 3324 1769 3380 emerit.

1013 3432 1079 3488 ltem
1095 3448 1129 3486 ex
1154 3431 1270 3487 concilio
1285 3429 1508 3497 Chalcedonensi,
1521 3444 1580 3500 rap.
1597 3432 1613 3484 i
1628 3429 1703 3500 (ceu.
1719 3428 1745 3494 i)
1763 3444 1770 3481 :

980 3544 991 3569 ι
1005 3520 1033 3576 Si
1046 3519 1106 3592 qnis
1115 3520 1259 3590 episcopus
1273 3535 1323 3588 pcr
1337 3518 1482 3589 pecuniam
1505 3517 1600 3573 fecerit
1623 3517 1770 3571 ordinatio·

979 3625 1052 3677 uem,
1067 3617 1093 3664 et
1107 3608 1158 3663 sub
1173 3608 1260 3678 pretio
1282 3607 1418 3679 redegerit
1443 3607 1562 3678 Spiritus
1587 3606 1679 3661 sancti
1707 3619 1770 3678 gra·

979 3699 1042 3754 tiam
1072 3713 1133 3770 quae
1158 3696 1237 3751 vendi
1254 3711 1307 3751 nou
1319 3704 1416 3767 potest,
1429 3694 1649 3764 ordinaveritque
1664 3709 1716 3764 per
1731 3709 1774 3765 pe-

979 3787 1087 3843 cuniam
1104 3785 1301 3857 presbyterum,
1325 3791 1369 3838 aut
1384 3783 1529 3840 diaconum
1557 3782 1603 3837 vcl
1629 3782 1774 3854 quemlibet

980 3892 1011 3931 ex
1028 3875 1069 3930 lris
1084 3871 1391 3944 qnieoguorninenturin
1407 3873 1492 3934 clero,
1504 3869 1775 3941 autpromoreritper

914 4017 928 4055 ι
982 3963 1125 4036 pecuniam
1137 3963 1365 4034 dispensatorem,
1375 3974 1420 4015 aur
1434 3960 1607 4016 defensorem
1620 3957 1662 4014 vel
1679 3974 1775 4032 quero·

982 4054 1090 4109 libctex
1107 4052 1149 4107 liis
1162 4050 1206 4124 qui
1217 4050 1357 4120 subjectus
1370 4058 1412 4104 est
1427 4049 1529 4120 regulae
1543 4064 1593 4119 pro
1608 4047 1650 4103 sui
1680 4047 1775 4118 turpis·

982 4143 1047 4197 simi
1073 4141 1141 4196 lucri
1163 4140 1307 4196 commodo
1326 4138 1427 4193 :sicui
1447 4139 1499 4193 boc
1526 4137 1672 4207 prcbntunr
1688 4136 1774 4202 luerit,

983 4229 1084 4302 proprii
1098 4229 1202 4301 gradus
1212 4227 1331 4299 periculo
1346 4226 1508 4296 subjacebit,
1538 4233 1564 4281 et
1593 4226 1640 4297 qui
1664 4225 1777 4280 ordina·

984 4323 1028 4373 tus
1055 4326 1095 4373 est
1122 4317 1188 4372 uilril
1213 4333 1246 4371 ex
1266 4318 1317 4371 linc
1343 4314 1512 4371 ordinacione
1538 4314 1579 4368 rel
1594 4315 1775 4383 promotione,

986 4424 1047 4479 quae
1062 4416 1101 4463 est
1116 4423 1164 4477 per
1178 4405 1390 4478 negotiationem
1409 4404 1479 4458 nera
1507 4401 1632 4474 perficiat
1650 4421 1658 4468 ;
1674 4402 1724 4456 sed
1748 4401 1778 4455 s³r

986 4496 1092 4551 alienus
1106 4511 1120 4550 a
1136 4495 1268 4567 dignitate
1292 4493 1334 4548 rel
1350 4491 1534 4547 sollicitudine
1562 4506 1644 4561 quam
1660 4488 1779 4562 pecuniis

988 4583 1140 4656 acquisivit.
1158 4582 1247 4653 siqui
1277 4597 1339 4636 sero
1365 4581 1498 4636 medieror
1526 4587 1579 4634 tam
1610 4579 1779 4650 turpibuset

987 4671 1112 4728 nefandis
1127 4671 1200 4726 datis
1215 4669 1257 4726 rel
1272 4669 1388 4740 acceptis
1403 4669 1544 4734 exstiterit,
1563 4667 1700 4737 siquidem
1724 4667 1777 4723 cle·

987 4761 1059 4816 ricus
1089 4759 1177 4819 luerit,
1195 4759 1306 4829 proprio
1321 4755 1525 4829 gradudccirlet
1541 4771 1548 4823 ;
1565 4755 1587 4810 si
1604 4770 1668 4810 sero
1690 4754 1778 4819 laicus,

986 4848 1237 4904 anathematizetur.

136 4981 172 5037 ab
186 4976 317 5047 obsequio
341 4972 473 5043 subjectio
496 4971 616 5027 indebite
632 4971 766 5041 impense,
796 4986 895 5025 munus
916 4985 933 5024 s
987 4960 1053 5016 Cae.
1065 4958 1221 5013 XXXthl.
1239 4955 1317 5026 Quod
1327 4955 1474 5011 ecclesiam
1487 4951 1781 5010 oeldecimosoerrdere

1131 5031 1173 5084 rel
1187 5045 1280 5085 cnrerc
1293 5029 1452 5084 Sirnonr‘nco
1464 5031 1506 5081 est
1515 5025 1639 5080 lrreresis.

137 5071 227 5141 lingue
243 5066 333 5119 lavor.
353 5063 405 5131 Qui
421 5075 487 5132 ergo
508 5074 601 5115 sacros
629 5059 741 5114 ordines
763 5059 855 5113 tribuit
871 5065 933 5113 tuuc

135 5160 170 5215 ab
185 5154 259 5213 omni
274 5165 385 5207 munere
401 5164 495 5203 manus
514 5147 625 5214 excutit,
646 5147 754 5218 quondo
781 5146 809 5201 iu
833 5145 932 5201 divinis
1023 5144 1088 5197 ltenr
1100 5140 1250 5212 Gregorius
1260 5139 1286 5193 in
1303 5137 1427 5209 liegistro
1444 5154 1450 5190 :
1470 5159 1481 5183 α
1503 5135 1645 5205 Presbyter
1659 5133 1681 5188 si
1694 5133 1781 5190 ecclc-

135 5248 219 5304 rebus
242 5259 295 5297 nou
322 5239 409 5296 solum
425 5236 526 5292 nullam
540 5235 695 5309 pecuniam,
725 5234 870 5291 sedetiam
887 5234 933 5289 bu·
985 5232 1054 5286 siam
1076 5246 1125 5301 per
1146 5228 1289 5299 pecuniam
1304 5225 1461 5290 obtinuerit,
1478 5241 1531 5280 nou
1558 5224 1645 5279 solum
1661 5221 1776 5279 ecclesia

137 5329 446 5403 manamgratismnou
467 5325 589 5396 requirit.
608 5347 619 5374 r
639 5323 717 5381 Unde
737 5324 805 5378 item
825 5323 932 5396 Grego·
984 5320 1116 5390 privetur,
1133 5316 1182 5373 scd
1193 5315 1335 5372 sacerdotii
1357 5317 1461 5370 bonore
1485 5313 1640 5384 spolietur;
1657 5311 1721 5382 quia
1750 5317 1776 5367 et

138 5427 194 5476 rius
209 5418 307 5474 loanni
322 5415 520 5472 Corinthiorum
540 5413 680 5485 episcopo,
692 5428 754 5483 cap.
770 5415 822 5468 220
838 5426 871 5465 :s
891 5411 930 5466 De
983 5409 1067 5463 altare
1087 5416 1111 5460 ct
1139 5404 1258 5461 deeinrus
1280 5412 1306 5458 ct
1320 5403 1447 5474 Spiritum
1464 5410 1586 5456 sanctuni
1606 5401 1724 5457 rendere
1740 5400 1778 5453 si·

138 5507 283 5565 ordinibus
306 5502 408 5578 aliquid
437 5501 562 5575 accipere
590 5501 712 5558 districts
742 5499 931 5557 interdictione
984 5494 1136 5552 mouiecam
1150 5492 1274 5550 liceresiru
1302 5507 1361 5548 esse
1376 5491 1467 5547 nullus
1483 5489 1601 5545 fidelium
1630 5487 1775 5561 ignorat.»
