3728 6000
160 211 214 266 ιιι

662 205 853 263 GUthEthl
871 206 1027 263 Aesaris
1047 206 1076 263 S.
1096 207 1316 266 afluobohrct

1761 216 1817 274 ιιι

159 335 284 392 voluntas
298 348 317 389 a
330 333 450 390 Domino
466 338 640 404 praeparatur.
667 331 832 403 Augustinus
847 333 874 388 iu
890 332 960 388 lihro
976 332 1004 394 Α
1020 341 1089 401 rant,
1099 333 1269 406 eisloquitur
1280 334 1306 390 in
1318 336 1388 392 hune
1397 336 1508 393 modum
1520 356 1527 393 :
1540 337 1816 411 «Oprarissimarum

159 425 200 481 De
216 423 390 495 correptione
404 432 432 478 at
445 422 535 495 gratia
551 437 558 477 :
579 445 591 470 ι
607 421 677 475 Nam
693 420 753 492 quis
769 421 877 492 ignorat
901 431 964 478 tuuc

160 514 247 569 luisse
260 513 407 584 perituram
421 510 502 567 fidem
515 511 601 578 Petri,
616 511 639 565 si
653 525 696 576 ea,
713 525 774 582 quae
789 508 880 564 tidelis
895 519 963 577 crat,

162 603 287 659 voluntas
316 599 459 666 deiiceret3
477 607 503 655 et
518 614 738 670 permansuram,
755 598 778 653 si
793 599 891 655 eadem
913 616 964 655 ro·

159 690 249 747 luntas
262 690 410 745 muneret?
425 689 479 744 Sed
496 689 557 759 quia
571 687 641 743 sicut
656 688 786 758 seriptum
803 697 854 754 εει,
870 709 881 737 ι
897 704 963 759 praa·

157 788 266 852 pamtur
298 778 421 834 voluutas
442 793 459 832 a
482 776 599 832 Domino
621 776 691 843 Deo,
719 799 731 826 ι
759 775 821 832 ideo
837 792 888 848 pro
918 776 963 830 illo

158 868 259 925 Christi
273 883 326 923 nou
342 867 427 938 potuit
441 882 500 922 esse
514 865 602 920 inanis
617 865 715 922 oratio.
735 889 746 913 ι

195 958 262 1013 Item
278 956 378 1020 audite,
388 956 461 1027 quod
476 955 564 1027 gratia
579 953 680 1010 bonam
696 954 863 1010 voluntatem
878 953 959 1011 iaciat

162 1045 194 1102 in
208 1045 319 1100 bomine
344 1043 512 1116 Augustinus
527 1042 554 1097 iu
569 1042 639 1097 libro
663 1042 703 1098 De
725 1044 811 1116 gratia
832 1052 858 1098 et
879 1042 964 1097 libero

158 1133 271 1190 arbitrio
288 1150 295 1187 :
314 1155 324 1180 ι
343 1132 459 1201 Semper
473 1139 513 1188 est
537 1130 565 1185 in
590 1131 670 1187 nobis
702 1131 832 1187 voluntas
864 1129 963 1194 libera,

159 1223 209 1279 sed
223 1238 277 1278 uon
292 1237 402 1292 semper
417 1229 458 1276 est
470 1220 552 1276 bona.
563 1223 616 1275 Aut
627 1219 699 1275 enim
716 1235 733 1275 a
747 1219 853 1289 justitia
864 1219 961 1282 libera,

162 1311 361 1382 quandoservit
371 1318 494 1381 peccato,
502 1317 529 1364 et
539 1318 601 1364 tunc
612 1317 654 1364 cst
665 1308 754 1376 mala;
768 1313 815 1364 aut
825 1325 841 1364 ε
852 1316 964 1379 peccato

164 1400 251 1456 libera
266 1408 316 1469 est,
333 1399 443 1471 quando
464 1397 550 1453 servit
563 1397 685 1467 justitiae,
701 1403 728 1453 ct
744 1406 806 1453 tunc
820 1405 861 1452 est
875 1397 959 1453 bona.

160 1488 254 1545 Gratia
266 1503 330 1543 vero
345 1487 394 1542 Dei
409 1502 519 1557 semper
531 1494 572 1541 εει
586 1485 674 1549 bona;
692 1494 719 1541 ει
733 1502 782 1556 per
803 1485 872 1541 hano
887 1482 917 1538 ιιι
932 1493 964 1539 ιιι

160 1578 196 1633 ειι
209 1578 292 1632 ιιοιιιο
306 1574 455 1633 voluntatis
475 1573 563 1639 bonae,
581 1574 626 1644 qui
642 1573 719 1645 prius
742 1572 792 1627 luit
817 1573 963 1629 voluntatis

1018 421 1146 477 mentium
1162 439 1291 493 peruersa
1312 424 1454 481 doctrina!
1472 427 1588 483 Advorte
1613 428 1722 485 taudem
1742 431 1815 500 quod

1017 510 1133 580 primum
1159 512 1299 569 hominem
1323 513 1436 569 libertas
1450 514 1508 585 ipsa
1523 517 1559 571 ita
1573 516 1690 588 decepit,
1705 526 1735 573 ut
1747 520 1815 574 dum

1017 599 1201 672 indulgentius
1224 601 1308 658 irenis
1331 603 1390 671 ejus
1414 605 1505 670 utitur,
1523 605 1551 659 iu
1566 606 1815 676 praevaricationem

1018 689 1231 761 praesumptione
1253 692 1411 758 conciderit,
1431 708 1484 748 uec
1508 709 1543 748 ex
1568 695 1619 750 bac
1641 696 1727 764 possit
1745 697 1816 767 arui,

1017 778 1069 831 nisi
1084 777 1109 833 ei
1125 793 1174 848 per
1189 780 1388 849 providentiam
1410 782 1627 854 regenerationis
1645 793 1742 839 statum
1758 786 1817 856 pri-

1017 866 1236 922 stinaelibertatis
1244 867 1351 922 Christi
1360 870 1467 924 Domini
1479 870 1641 927 reformaret
1650 872 1792 929 adrentus.
1803 898 1814 922 ι

1018 955 1125 1022 Videte,
1142 956 1188 1028 qui
1203 956 1293 1028 legitis
1308 965 1335 1014 et
1348 958 1510 1031 intelligitis,
1521 960 1544 1014 si
1554 961 1705 1017 districtius
1714 961 1818 1018 dictum

1018 1054 1060 1099 est
1075 1044 1174 1100 alieubi
1189 1060 1205 1100 a
1219 1046 1249 1102 B.
1266 1048 1430 1119 Augustino,
1445 1048 1514 1103 sicut
1528 1049 1573 1105 hic
1591 1049 1626 1104 ab
1650 1051 1817 1119 Innocentio,

1017 1131 1051 1186 ad
1076 1134 1140 1204 quid
1165 1133 1254 1189 valeat
1276 1135 1388 1190 libertas
1411 1136 1532 1203 arbitrii,
1560 1137 1582 1192 si
1606 1154 1660 1193 non
1674 1139 1819 1209 adjuretur

1017 1221 1105 1293 gratia
1120 1221 1183 1276 Dei.
1201 1223 1266 1277 Cum
1283 1223 1367 1286 enim,
1385 1232 1413 1278 ut
1427 1225 1598 1297 Augustinus
1618 1227 1683 1283 dicit
1706 1228 1734 1282 ιιι
1757 1229 1815 1282 En-

1017 1309 1141 1378 chiridio,
1159 1333 1170 1358 ι
1190 1311 1298 1365 Primus
1313 1312 1394 1367 horno
1409 1314 1543 1383 peccarit,
1558 1322 1640 1383 etse,
1657 1323 1684 1371 et
1698 1315 1813 1371 liberum

1017 1398 1137 1469 perdidit
1151 1399 1306 1455 arbitrium.
1319 1401 1405 1455 Aliter
1417 1401 1489 1456 enim
1504 1402 1597 1458 habuit
1610 1402 1726 1460 liberum
1743 1404 1818 1460 arhi-

1018 1488 1098 1542 trium
1120 1497 1183 1543 ante
1207 1498 1358 1559 peccatum,
1374 1489 1453 1545 aliter
1474 1498 1537 1562 post
1560 1501 1716 1563 peecaturn;
1738 1494 1817 1550 aliter

1018 1591 1067 1646 per
1089 1579 1225 1646 gratiam,
1249 1578 1328 1632 aliter
1350 1578 1479 1644 habebit,
1505 1595 1567 1636 cum
1600 1580 1711 1637 habebit
1733 1583 1814 1638 vitam

159 1666 249 1723 malae.
264 1664 370 1732 Audite,
387 1664 461 1737 quod
477 1663 566 1735 gratia
580 1662 668 1717 inanis
683 1678 737 1718 non
752 1663 798 1717 sit.
812 1661 957 1717 l‘raedesti-
976 1674 1156 1749 Beternam.
1171 1670 1240 1722 Ante
1253 1674 1393 1735 peccatum
1412 1667 1452 1724 sio
1471 1668 1586 1725 liberum
1608 1670 1715 1738 habuit,
1737 1681 1766 1727 ut
1787 1671 1816 1726 iu

162 1756 237 1812 natio
251 1755 335 1820 enim,
351 1762 381 1808 ut
396 1752 562 1826 Augustinus
575 1749 680 1816 debuit,
698 1774 709 1800 ι
726 1758 766 1807 εει
780 1751 876 1823 gratiae
890 1766 960 1821 prae·

163 1845 277 1916 paratio,
294 1842 382 1914 gratia
398 1857 465 1898 vero
480 1847 520 1896 est
532 1839 783 1912 praedestinationis
807 1837 931 1895 effectus.
950 1862 960 1887 n

166 1932 370 1989 l‘raedestinatio
384 1945 451 1986 vero
466 1928 522 1984 lalli
545 1944 598 1984 non
619 1937 719 2000 potest,
736 1944 786 1983 aec
803 1929 890 2001 gratie
904 1926 962 1982 iru-

161 2021 254 2086 strari,
271 2037 332 2092 quae
352 2035 407 2075 nou
427 2018 516 2074 solum
541 2017 646 2074 bonum
672 2017 799 2081 iniuurlit,
816 2017 961 2073 sedetiam

160 2109 285 2183 primitus
299 2107 401 2163 malum
423 2106 549 2178 expellit.
569 2106 735 2178 Augustinus
749 2104 783 2160 ad
799 2106 960 2175 Prosperunt

159 2203 188 2254 ει
202 2197 345 2265 Hilarium,
363 2195 486 2266 quicum
501 2194 557 2249 suis
572 2194 697 2266 epistolis
712 2193 745 2249 de
761 2192 860 2248 talibus
874 2194 958 2248 inter-

158 2294 335 2358 rogaverant,
350 2285 379 2340 in
396 2283 465 2339 libro
479 2284 517 2338 De
530 2281 773 2352 praedestinatione
785 2290 938 2337 sanctorum
952 2299 959 2335 :

164 2396 175 2424 ι
187 2374 252 2430 llaec
266 2374 364 2445 gratie,
376 2388 438 2443 quae
453 2372 557 2428 occulte
573 2370 697 2427 humanis
713 2369 846 2426 cordibus
866 2370 960 2425 divina

161 2461 288 2535 largitate
311 2460 447 2528 tribuitur,
471 2475 489 2516 a
512 2458 588 2516 nullo
613 2459 681 2515 duro
704 2459 790 2515 corde
810 2459 959 2530 respuitur.

158 2552 225 2609 ldeo
254 2549 356 2623 quippe
379 2549 514 2615 tribuitur,
539 2556 568 2604 ut
593 2547 686 2604 cordis
708 2548 808 2604 dirritia
831 2547 959 2619 primitus

159 2640 313 2698 auferatur.
323 2638 438 2709 Quando
454 2652 521 2710 ergo
537 2639 616 2693 Pater
629 2637 702 2693 iuius
716 2636 824 2692 auditur
838 2644 864 2692 et
879 2637 960 2693 docet

160 2738 190 2787 ιιι
203 2730 328 2787 veniatur
342 2728 376 2782 ad
391 2727 504 2796 Filium,
521 2725 609 2783 aufert
631 2742 682 2782 oor
704 2725 853 2795 lapideum,
869 2731 897 2781 et
912 2725 961 2781 dat

1017 1752 1089 1808 bono
1104 1762 1174 1808 stare
1188 1759 1293 1824 posset,
1309 1754 1330 1809 si
1345 1753 1444 1818 rellet;
1461 1763 1522 1826 post
1535 1767 1682 1827 peccatum
1706 1758 1745 1814 sio
1763 1759 1815 1815 de-

1017 1841 1160 1910 bilitatum,
1177 1850 1204 1897 ut
1218 1842 1253 1898 de
1267 1842 1338 1898 malo
1353 1859 1444 1914 perse
1459 1861 1596 1913 nunquam
1617 1862 1733 1919 surgere
1747 1864 1816 1918 pos·

1017 1934 1061 1996 sit,
1077 1932 1125 1986 sed
1141 1931 1316 2003 pergratiam
1332 1947 1384 1987 nou
1400 1934 1580 1990 communiter
1594 1936 1723 1991 omnibus
1737 1936 1816 1992 obla-

1017 2028 1087 2083 tam,
1112 2020 1161 2075 sed
1187 2020 1371 2076 tantummodo
1395 2019 1424 2075 in
1447 2021 1573 2078 cordibus
1593 2023 1744 2081 electorum
1768 2040 1818 2096 per

1016 2108 1150 2180 Spiritum
1164 2119 1287 2164 sanctum
1308 2107 1434 2164 diffusam
1460 2111 1499 2166 sic
1522 2112 1704 2183 melioratum,
1719 2121 1749 2169 ut
1763 2114 1815 2169 bo-

1016 2213 1080 2252 uum
1095 2213 1178 2269 agere
1191 2207 1217 2252 et
1232 2198 1306 2266 relit,
1319 2206 1347 2253 ct
1362 2199 1457 2270 possit.
1475 2223 1487 2248 ι
1508 2199 1562 2256 Sed
1582 2202 1691 2258 alterius
1706 2209 1815 2275 tempo·

1015 2286 1054 2341 ris
1078 2286 1137 2342 haec
1160 2286 1308 2356 disputatio
1330 2295 1382 2342 est.
1403 2288 1500 2344 beatus
1524 2289 1642 2362 denique
1664 2290 1815 2363 Gregorius

1015 2377 1074 2430 haee
1098 2374 1196 2429 eadem
1217 2373 1375 2443 confirmat,
1399 2376 1493 2432 dicens
1515 2378 1551 2432 ita
1573 2378 1645 2435 libro
1663 2395 1741 2436 xxrrr
1755 2382 1815 2437 Alo·

1015 2463 1113 2519 ratium
1131 2481 1137 2518 :
1156 2485 1168 2513 ι
1185 2463 1256 2518 Dum
1271 2480 1338 2535 ergo
1353 2465 1543 2535 praedicatores
1559 2467 1644 2525 sancti
1666 2478 1692 2524 et
1711 2484 1815 2525 rocan·

1015 2560 1058 2606 tur
1073 2552 1108 2608 ad
1121 2552 1307 2609 hlacedoniam
1322 2562 1349 2608 et
1359 2554 1393 2608 ab
1402 2554 1466 2609 Asia
1477 2555 1733 2628 prohihentur(Act.
1745 2560 1815 2629 xrr);

1014 2641 1094 2698 istinc
1117 2641 1282 2698 occultarum
1306 2658 1495 2699 mensurarum
1509 2643 1582 2700 linea
1594 2645 1675 2703 ducta
1688 2653 1741 2716 est,
1754 2646 1817 2703 binc

1016 2731 1141 2786 reducta.
1163 2730 1241 2787 lllinc
1256 2731 1384 2799 tenditur,
1401 2740 1429 2787 ut
1444 2733 1604 2790 llaeedonia
1622 2734 1692 2791 iutra
1714 2744 1816 2793 sanctae

158 2835 209 2877 cor
222 2833 362 2875 carneum.
383 2839 394 2865 ι
415 2815 518 2871 Audito
533 2815 607 2886 quod
622 2815 710 2884 gratia
733 2814 888 2870 eommunis
904 2831 957 2870 non
1014 2818 1144 2875 Ecclesiae
1172 2821 1259 2890 spatia
1283 2820 1442 2893 colligatum
1465 2821 1528 2878 hine
1551 2823 1701 2892 attrabitur,
1727 2833 1757 2880 ιιι
1779 2825 1816 2881 ad

157 2909 203 2963 sit.
222 2905 387 2979 Augustinus
407 2905 442 2961 ael
457 2904 567 2960 eosdem
583 2904 610 2959 iu
624 2905 722 2960 eodem
746 2903 816 2960 libro
836 2920 843 2958 :
868 2905 957 2959 «Non
1013 2909 1082 2963 lines
1104 2907 1169 2963 lidei
1190 2908 1255 2965 Asia
1279 2909 1458 2980 relinquatur.
1479 2912 1539 2966 »lit
1561 2911 1633 2967 inira
1648 2912 1676 2967 iu
1690 2913 1813 2970 eodem:

158 2997 280 3053 omnium
293 3003 336 3051 est
348 2993 427 3060 tides,
442 3009 503 3049 cum
518 2991 599 3048 fidem
615 3008 696 3063 posse
710 2992 812 3047 habere
837 2992 872 3047 ειι
895 3007 957 3047 om·
1016 3016 1027 3042 a
1042 2993 1104 3048 lstae
1118 3008 1254 3050 mensure
1266 2998 1294 3048 et
1309 2994 1388 3050 liueae
1402 2995 1568 3051 occultorum
1581 2997 1747 3067 judiciorum
1764 2998 1817 3055 Dei

158 3085 242 3142 nium
257 3086 319 3141 Nou
333 3091 422 3139 autem
445 3081 482 3137 ait
505 3081 657 3153 Apostolus,
674 3081 738 3151 quid
760 3089 852 3136 autem
874 3088 955 3152 potes
1013 3081 1204 3148 tendebantur,
1220 3097 1282 3138 cum
1305 3083 1375 3138 sicut
1396 3083 1512 3156 legimus
1526 3085 1554 3140 in
1569 3085 1729 3158 Evangelio,
1744 3086 1816 3142 alius

159 3175 271 3243 hahere,
288 3174 361 3245 quod
383 3187 437 3228 nou
459 3171 601 3242 accepisti,
617 3178 645 3224 ut
659 3169 750 3241 possis
766 3170 868 3225 habere
886 3187 892 3222 :
909 3169 958 3225 sed
1012 3180 1168 3226 secuturum
1182 3187 1211 3226 se
1227 3171 1358 3241 promittit
1378 3176 1406 3227 et
1427 3173 1576 3244 repellitur,
1593 3174 1662 3229 alius
1678 3174 1811 3231 relaxan-

158 3262 219 3320 ait:
237 3285 249 3313 ι
267 3261 341 3332 Quid
355 3268 446 3317 autem
471 3260 566 3328 habes,
590 3258 662 3329 quod
689 3275 744 3315 riou
772 3257 925 3329 accepisti?
943 3282 953 3307 ι
1011 3259 1076 3314 dum
1091 3275 1119 3316 se
1134 3260 1265 3331 postulat,
1282 3268 1311 3315 et
1323 3260 1463 3317 retinetur.
1485 3285 1495 3310 ·
1513 3262 1547 3316 Et
1562 3263 1588 3317 in
1604 3278 1674 3317 xxix
1686 3262 1811 3332 ejusdem

158 3353 184 3424 (l
197 3352 257 3409 Cor.
275 3351 325 3409 ιιι
344 3349 460 3406 Proinde
474 3364 557 3421 posse
571 3348 674 3403 habere
687 3347 779 3416 fidem,
792 3348 861 3402 sicut
877 3363 957 3419 posse
1009 3347 1101 3419 operis
1118 3365 1152 3402 :a
1171 3345 1242 3416 Quia
1258 3348 1430 3419 omnipotens
1452 3350 1526 3405 Deus
1549 3356 1660 3407 sanctos
1686 3367 1750 3407 suos
1773 3352 1810 3408 da

159 3442 261 3498 babere
280 3439 449 3509 charitatem,
466 3446 567 3494 naturae
590 3446 631 3493 est
651 3438 773 3493 omnium
796 3437 956 3501 homiuum;

158 3530 263 3586 habere
277 3539 367 3585 autem
383 3526 475 3593 fidem,
485 3524 716 3597 quemadmodum
727 3525 830 3580 habere
840 3525 959 3580 charita·

157 3626 224 3687 tarn,
239 3617 337 3691 gratie
351 3625 392 3671 est
406 3615 539 3671 bdelium.
561 3637 572 3663 ι
594 3615 669 3669 ldem
690 3613 723 3668 ad
739 3612 910 3669 Valentinum
927 3614 956 3666 iu

157 3706 228 3762 libro
242 3707 283 3762 De
297 3704 385 3778 gratia
400 3712 427 3759 et
442 3704 527 3760 libem
542 3702 674 3757 arbitrio:
688 3723 699 3752 ι
714 3702 772 3758 Ηοε
786 3701 867 3756 etiam
875 3700 957 3755 Pela-

156 3795 233 3868 giaui
248 3795 307 3849 ausi
321 3801 382 3848 suut
396 3792 498 3855 dicere,
515 3791 629 3863 gratiam
646 3805 708 3846 esse
727 3791 814 3861 ipsam
830 3797 955 3845 naturam

157 3885 185 3940 in
200 3899 255 3955 qua
269 3882 351 3938 creati
365 3896 469 3948 sumus,
485 3884 515 3935 ut
529 3879 686 3935 babeamus
702 3886 819 3935 mentem
835 3879 957 3934 rationa-

158 3973 224 4040 lem,
241 3986 295 4044 qua
309 3970 462 4041 intelligere
483 3968 636 4040 possimus,
664 3966 728 4023 iacti
750 3968 784 4022 ad
809 3967 958 4039 imaginem

157 4060 218 4118 Dei.
234 4059 289 4116 Sed
304 4074 358 4115 non
373 4065 415 4114 est
427 4058 485 4114 haec
500 4057 598 4130 gratia,
610 4072 695 4129 quam
705 4056 959 4127 commendathpo·

159 4150 245 4206 stolus
259 4163 310 4219 per
323 4147 405 4203 iidem
419 4147 485 4203 lesu
507 4145 616 4202 Christi.
641 4145 717 4201 lianc
741 4144 812 4200 enim
835 4152 958 4200 naturam

159 4239 241 4295 etiam
267 4252 328 4293 cum
356 4235 446 4306 impiis
468 4242 494 4290 ει
519 4232 674 4290 infidelibus
695 4241 801 4291 certum
820 4240 860 4288 est
878 4233 957 4289 uobis

159 4342 220 4385 esse
242 4341 426 4382 communem.
442 4323 537 4380 Gratia
560 4338 626 4378 vero
648 4322 713 4378 Jesu
738 4322 838 4377 Christi
863 4337 956 4377 eorum

1012 3436 1103 3507 impiis
1126 3436 1218 3507 elegit,
1236 3444 1263 3491 et
1277 3453 1359 3508 quarn
1384 3438 1483 3494 multos
1506 3439 1607 3495 electos
1631 3439 1720 3495 adhuc
1743 3439 1816 3497 iutra

1012 3539 1158 3596 pravorum
1172 3525 1253 3580 vitam
1270 3527 1404 3594 repositos
1419 3526 1529 3596 habeat,
1544 3528 1618 3584 novit
1631 3536 1693 3600 apte
1708 3529 1735 3583 in
1749 3529 1816 3585 nive

1001 3615 1055 3670 ‘rel
1071 3614 1205 3686 grandine
1222 3613 1361 3670 thesauros
1375 3615 1479 3672 habere
1493 3633 1524 3672 se
1533 3617 1669 3686 perhibet.
1679 3617 1815 3674 Thesauri

1012 3703 1112 3775 quippe
1123 3702 1176 3762 ἀπὸ
1190 3709 1238 3762 τοῦ
1253 3701 1349 3776 θέσεις,
1362 3703 1390 3758 id
1399 3712 1444 3759 est
1455 3719 1471 3758 a
1482 3705 1616 3775 positione
1625 3705 1813 3775 nominantur,

1013 3799 1039 3847 et
1055 3790 1201 3864 plerosque
1216 3793 1243 3847 in
1257 3795 1313 3848 rite
1325 3792 1424 3864 frigida
1435 3792 1481 3848 diu
1491 3793 1606 3849 latentes
1616 3794 1736 3865 respicit,
1744 3810 1815 3865 quos

1011 3879 1045 3934 ad
1058 3880 1176 3935 medium
1185 3880 1329 3949 cumjubet
1339 3881 1464 3952 producit
1475 3899 1482 3947 ;
1493 3881 1606 3951 justitiae
1615 3882 1731 3939 nitorem
1746 3898 1813 3939 can·

1012 3963 1092 4019 didus
1100 3980 1150 4035 per
1160 3980 1303 4035 supernam
1314 3964 1430 4036 gratiam
1442 3965 1516 4020 lacit.
1529 3989 1539 4014 ι
1554 3966 1588 4022 Et
1597 3967 1654 4023 haec
1664 3967 1813 4024 catholico·

1011 4069 1071 4108 mm
1094 4053 1299 4124 disputatorum
1321 4054 1356 4109 de
1379 4053 1468 4125 gratia
1496 4054 1646 4111 testimonia
1664 4055 1810 4114 sufficiant.

1013 4141 1126 4212 Scripsit
1141 4151 1230 4197 autem
1252 4141 1326 4198 idem
1341 4143 1437 4197 Petrus
1450 4142 1525 4199 aliud
1547 4144 1720 4215 opusculum,
1735 4145 1811 4212 quod

1015 4253 1026 4278 ι
1049 4230 1121 4286 Scito
1144 4229 1285 4301 teipsum»
1308 4230 1470 4296 intitulavit;
1500 4240 1527 4288 et
1554 4249 1641 4297 suam,
1664 4233 1691 4288 ni
1717 4232 1809 4303 fallor,

1012 4318 1137 4374 Etbicam
1152 4318 1308 4391 appellavit.
1324 4321 1356 4374 lu
1371 4335 1414 4385 eo,
1427 4320 1497 4376 sieut
1511 4329 1540 4376 et
1553 4321 1580 4375 iu
1595 4321 1809 4392 supradictissua

160 4414 346 4473 tautummodo
360 4420 410 4474 est.
423 4428 537 4485 quorum
552 4420 590 4467 est
600 4409 747 4482 ipsasrdes,
759 4411 846 4476 idest,
858 4409 955 4466 electo·
968 4405 994 4466 D
1010 4421 1107 4463 vocum
1122 4407 1282 4478 acceptioue
1292 4408 1421 4463 novitatis
1431 4408 1529 4464 incude
1540 4424 1612 4464 rana
1623 4415 1649 4466 et
1658 4411 1809 4466 auimamm

157 4521 218 4562 rum
230 4521 236 4559 :
249 4519 304 4560 aon
324 4503 397 4559 enim
412 4501 532 4558 omnium
547 4507 589 4556 est
603 4498 681 4557 fides.
696 4523 708 4548 ι
723 4499 799 4555 ldem
811 4497 848 4554 de
858 4498 954 4554 eodem

159 4610 243 4666 super
256 4593 391 4666 psalmum
405 4605 502 4646 exxru
518 4607 526 4645 :
545 4613 556 4639 ι
574 4589 642 4646 Cum
656 4592 756 4658 essent,
771 4587 868 4660 iuquit,
884 4585 957 4642 auti·

157 4686 217 4757 quis
245 4681 369 4753 patribus
395 4678 552 4738 communia
579 4677 670 4734 omnia
697 4683 877 4744 sacramenta,
900 4691 955 4732 nou

158 4770 311 4830 communis
326 4777 384 4826 erat
402 4769 529 4826 omnibus
539 4768 638 4841 gratia,
650 4783 710 4839 quae
720 4772 955 4822 sacramentomm

159 4861 246 4916 virtus
261 4867 319 4924 est;
335 4858 525 4915 sicutetnuuc
536 4857 592 4926 jam
608 4855 729 4912 revelata
743 4853 807 4923 ilde,
817 4870 878 4926 quae
893 4858 957 4909 tune

161 4947 315 5017 velabatur,
331 4945 459 5003 omnibus
475 4944 627 5001 innomine
642 4945 729 4999 Patris
743 4951 770 4999 et
784 4942 844 4998 Filii
858 4950 882 4997 et
897 4941 957 5013 Spi-

156 5038 223 5096 ritus
236 5037 323 5092 saneti
339 5034 482 5106 baptizatis
495 5048 639 5090 commuue
654 5039 695 5087 est
707 5032 846 5087 lavacrum
872 5047 955 5102 rege-

156 5125 304 5185 nerationis
322 5139 328 5179 :
345 5123 393 5179 sed
408 5125 468 5194 ipsa
488 5123 586 5196 gratia,
601 5120 679 5191 cujus
699 5120 758 5192 ipsa
780 5127 842 5176 sunt
856 5134 954 5174 sacra-

156 5225 260 5280 menta,
276 5230 327 5286 qua
337 5213 460 5268 membra
477 5211 600 5283 eorporis
613 5209 710 5267 Christi
725 5225 786 5265 cum
802 5209 955 5278 suocapite

158 5312 306 5378 regnatura
321 5309 393 5367 sunt,
409 5317 462 5358 non
478 5299 630 5357 communis
644 5305 683 5355 est
696 5297 831 5354 omnibus.
849 5319 860 5346 n
883 5296 955 5353 Sen-

160 5390 191 5444 tit
205 5388 278 5442 idem
304 5393 412 5442 sauctus
436 5385 609 5441 Innocentius
633 5399 710 5455 papa,
728 5390 753 5439 ει
768 5380 841 5436 Petri
859 5382 955 5436 cathe-

159 5476 237 5532 dram
252 5473 401 5532 deiendena
417 5474 451 5529 ab
466 5488 572 5540 errore,
589 5471 624 5528 ad
643 5471 769 5528 eumdem
792 5477 819 5525 et
841 5477 955 5525 caeteros

154 5565 239 5627 Atros
256 5565 410 5638 episcopos,
425 5562 471 5637 qui
485 5561 520 5620 da
533 5561 648 5620 coneilio
661 5560 816 5618 llileritano
833 5558 954 5632 scripse·

1009 4495 1807 4569 salutinoxiaeudeus,plurimademoribuscontramorem

1010 4585 1220 4642 ecclesiasticum
1248 4585 1409 4656 disputarit.
1444 4589 1478 4642 At
1500 4594 1529 4642 ut
1556 4587 1582 4642 ei
1609 4588 1806 4658 contradicant,

1010 4674 1072 4731 aliis
1086 4674 1281 4747 relinquimus,
1298 4674 1343 4744 qui
1367 4673 1499 4748 dignitate
1522 4674 1591 4744 loci,
1614 4684 1640 4731 ει
1659 4676 1808 4735 acrimonia

1009 4763 1113 4834 ingenii
1128 4767 1156 4818 ει
1175 4763 1270 4818 labore
1287 4762 1379 4833 studii,
1395 4771 1423 4818 ει
1437 4763 1545 4819 ιειιοιε
1559 4763 1632 4830 belli,
1647 4765 1714 4821 mihi
1726 4765 1807 4836 abJe·

1010 4859 1054 4907 cto
1068 4852 1096 4906 in
1110 4851 1192 4907 domo
1207 4852 1259 4908 Dei
1273 4852 1337 4920 mei,
1352 4851 1459 4925 meique
1473 4852 1615 4922 similibus,
1626 4853 1806 4926 incompara-

1009 4939 1100 4996 biliter
1114 4939 1303 5010 praeferuntur.
1328 4942 1470 5007 Caeterum,
1486 4942 1614 5012 quoniam
1629 4941 1748 5013 propitia
1761 4943 1806 4998 di-

1009 5024 1121 5080 vinitate
1149 5024 1421 5094 profundissimarum
1453 5026 1630 5097 quaestionum
1659 5026 1807 5101 naufragia

1010 5112 1136 5167 ineolumi
1151 5127 1231 5185 nare,
1246 5129 1301 5169 nou
1315 5113 1454 5186 ingeniolo
1478 5129 1551 5182 meo,
1578 5114 1626 5169 sed
1649 5123 1806 5173 sanctorum

1011 5202 1117 5256 Petrum
1127 5201 1215 5273 ,remis
1229 5203 1323 5271 erasi3
1339 5201 1408 5273 stylo
1423 5202 1500 5258 theca
1514 5204 1646 5275 reposito,
1662 5204 1754 5276 quieto
1769 5206 1808 5263 la-

1009 5289 1108 5346 ctionis
1122 5298 1148 5345 et
1161 5289 1294 5346 orationis
1309 5300 1389 5361 portu
1403 5290 1482 5347 laetus
1497 5306 1529 5348 ac
1543 5307 1654 5348 securus
1671 5293 1804 5366 excipior,

1009 5378 1118 5434 Christo
1127 5379 1186 5434 Deo
1201 5394 1272 5444 meo,
1281 5387 1433 5452 vestraeque
1443 5379 1611 5438 excellentie
1625 5390 1718 5454 grates
1727 5397 1806 5439 accu-

1009 5465 1206 5523 mulatissimas
1220 5482 1322 5539 agens3
1343 5484 1467 5541 quorum,
1483 5468 1556 5524 illius
1567 5470 1669 5526 scilicet
1683 5471 1805 5543 inspira-

1009 5557 1093 5629 done,
1108 5563 1256 5631 emmaque
1264 5556 1404 5631 jussione,
1416 5573 1539 5631 precam
1553 5574 1623 5634 opus
1636 5559 1756 5633 expleri.
