3728 6000
69 246 123 302 saa
509 244 697 302 axe0s1t10
719 241 754 300 tu
773 233 954 301 eatstan
973 244 1062 303 hou,
1081 276 1116 288 -
1135 244 1199 302 tin.
1219 247 1277 303 vu.
1666 247 1719 313 art

63 373 212 440 adduntur,
228 373 316 431 donec
330 370 476 443 unicuique
491 386 540 442 pro
553 370 636 426 modo
651 387 707 426 suar
731 370 865 440 perfectio
879 373 907 431 A
923 392 934 417 ι
951 369 1113 426 charitatem
1130 372 1306 428 fraternitatis
1327 372 1443 429 invicem
1467 374 1621 447 diligentes,
1641 399 1652 425 ι
1672 384 1717 433 at-

64 461 109 517 nis
126 461 238 533 propria
261 477 389 518 mensura
405 460 580 532 compleatur.
598 459 762 514 Differentes
777 467 865 514 autem
919 458 998 513 tende
1012 476 1119 514 sensum
1136 460 1259 531 Apostoli
1273 463 1307 517 de
1323 477 1373 517 suo
1393 478 1473 518 seusu
1497 471 1609 520 ceteros
1637 466 1716 522 insti·

61 558 128 606 sunt
156 549 360 614 differentibus,
383 557 412 604 ut
440 565 474 604 ex
497 548 654 604 diversitate
682 549 864 603 membrorum
919 548 1029 603 tuentis.
1052 547 1121 617 Quid
1150 550 1221 603 enim
1251 558 1293 606 est
1320 551 1436 607 ebaritas
1454 551 1643 620 fraternitatis,
1662 556 1716 611 nisi

61 642 156 694 unitas
170 641 293 710 corporis
307 637 466 694 aedificetur.
480 662 491 685 ιι
509 637 571 692 Sive
581 636 749 708 prophetiam
764 653 864 692 secun·
919 635 1037 691 charitas
1064 637 1230 692 charitatis?
1254 638 1325 707 Quid
1350 649 1392 695 est
1416 639 1530 713 diligere
1558 643 1715 699 charitatem

61 728 129 783 dum
146 727 279 783 rationem
294 725 367 782 fidei.
387 750 398 774 ι
417 727 561 798 Prophetis
585 727 644 782 baec
661 726 720 794 ipsa
733 735 864 796 estquam

60 818 144 872 docet
171 817 270 871 Paulus
285 816 439 887 apostolus;
454 831 509 870 uon
525 816 570 870 illa
585 831 644 884 quae
672 814 756 870 dicit:
776 838 787 863 ι
801 816 865 870 llaec

60 905 283 962 dieitllominus.
303 928 314 952 ι
331 905 400 958 Νιιιι
418 924 429 953 ι
444 904 489 958 lex
516 911 542 958 et
561 904 701 974 prophetae
724 919 809 972 usque
830 902 864 957 ad

60 995 195 1050 loannem
205 994 282 1064 (luc.
291 993 362 1063 xri).
379 993 462 1047 rNon
474 992 544 1064 quod
558 993 697 1062 propbetas
706 998 732 1045 et
744 1000 863 1061 postnon

919 722 1103 789 fraternitatis,
1122 726 1174 780 nisi
1202 726 1316 799 diligere
1340 728 1515 784 dilectionem
1535 731 1716 788 dilectionis?

919 813 965 867 Sic
980 814 1093 867 omuino
1109 824 1161 870 est.
1183 815 1211 871 Si
1228 816 1325 871 fratres
1341 833 1403 872 rere
1419 819 1568 889 diligimus,
1579 830 1603 874 et
1619 821 1715 877 fratres

918 908 944 955 ct
958 900 1043 970 ipsam
1059 903 1205 957 fraternum
1232 904 1443 960 dilectionemin
1466 908 1543 963 nobis
1566 909 1715 981 diligimus.

921 988 981 1043 lluo
1014 1006 1074 1060 quae
1093 1001 1249 1061 sentiuntur,
1276 992 1310 1047 ad
1339 996 1396 1059 ejus
1421 995 1573 1052 dilectionis
1595 1008 1718 1069 spectant

61 1082 174 1149 fuerint,
192 1081 280 1137 futura
305 1082 526 1153 praenuntiautes,
549 1088 655 1135 secreta
680 1080 862 1150 propalantes,

60 1172 190 1229 absentia
204 1170 405 1235 denuntiantes,
423 1169 468 1224 ubi
484 1178 510 1224 et
522 1170 632 1240 quando
646 1169 745 1239 placuit
768 1169 792 1223 ei
813 1184 862 1224 cu·
917 1176 994 1220 vocet
1010 1176 1132 1222 mutuam
1147 1170 1314 1235 charitatem,
1332 1179 1358 1225 et
1370 1172 1477 1226 solliciti
1500 1174 1553 1227 sint
1575 1176 1601 1228 in
1619 1178 1712 1243 corde,

57 1263 108 1330 jus
123 1267 187 1314 sunt
201 1258 268 1329 ipsae
281 1258 452 1322 donationes,
469 1258 516 1312 sed
537 1267 659 1327 tempore
673 1258 777 1329 gratia,
791 1262 864 1327 post·
917 1270 967 1310 uec
979 1255 1048 1325 pigri
1064 1257 1092 1310 in
1107 1273 1200 1327 opere.
1224 1260 1253 1312 ln
1272 1260 1411 1330 obsequiis
1429 1262 1551 1329 ejusdem
1563 1264 1711 1332 charitatis,

60 1365 146 1422 qnam
162 1354 248 1403 totum
265 1346 336 1418 quod
348 1363 363 1401 a
376 1347 517 1417 prophetis
528 1348 713 1417 prophetatum
725 1345 864 1410 est,efful-
918 1363 929 1394 ι
947 1343 1046 1413 spiritu
1063 1344 1208 1407 ferventes,
1226 1348 1342 1403 llornino
1354 1351 1515 1417 servientes,
1531 1374 1541 1399 ι
1560 1351 1585 1405 id
1600 1362 1641 1408 est
1652 1369 1713 1410 oum

60 1439 107 1504 sit,
121 1438 181 1507 jam
197 1436 342 1508 prophetia
364 1435 411 1490 illa
432 1436 458 1489 in
476 1435 573 1490 ordine
598 1435 786 1489 miraculorum
811 1444 862 1500 est,
916 1431 1023 1485 fervore
1038 1433 1149 1502 spiritus
1166 1435 1282 1489 Donaino
1296 1437 1464 1492 servientes.
1486 1462 1497 1486 ι
1513 1440 1569 1508 Spe
1588 1443 1713 1511 gauden-

57 1544 123 1582 cum
144 1527 215 1595 justa
236 1540 321 1580 cause
338 1541 394 1579 non
415 1523 509 1595 exigit,
535 1540 588 1578 non
613 1523 783 1594 appetenda3
808 1524 861 1578 do·
915 1527 964 1583 les,
984 1552 995 1567 ι.
1008 1527 1034 1574 et
1047 1520 1117 1585 ideo,
1137 1544 1147 1568 ι
1166 1523 1193 1575 in
1214 1523 1387 1579 tribulatione
1402 1527 1545 1595 patientes,
1564 1552 1574 1574 ι
1596 1537 1622 1584 ιι
1646 1547 1713 1600 pro-

60 1615 154 1671 mnde
169 1622 260 1670 temen
275 1629 292 1669 a
306 1614 438 1669 donatore
453 1613 641 1678 directionum,
658 1612 766 1683 arraudo
777 1621 803 1667 et
814 1614 860 1668 ubi
914 1614 975 1677 pter
987 1609 1036 1664 froc
1046 1608 1133 1679 ipsura
1146 1633 1157 1657 ιι
1171 1611 1437 1668 orationiinstarrtes.
1452 1637 1463 1661 ιι
1477 1616 1629 1671 instandum
1640 1620 1712 1676 anim

53 1703 223 1776 judicaverit
236 1703 295 1773 ipse
318 1703 509 1757 neeessariam.
527 1703 590 1756 llaec
613 1710 701 1755 autem
717 1702 859 1772 prophetia
873 1727 899 1786 Β
915 1704 953 1748 est
968 1697 1093 1760 orationi,
1110 1715 1144 1752 ne
1160 1715 1219 1755 eam
1240 1701 1283 1754 vel
1298 1702 1422 1756 inimicus
1441 1705 1586 1775 prmripiat,
1603 1706 1645 1761 rel
1661 1724 1711 1764 ne-

56 1801 112 1857 est,
127 1792 163 1848 de
177 1806 229 1862 qua
243 1791 313 1845 idem
329 1789 472 1860 Apostolus
497 1790 559 1843 dicit
576 1806 582 1845 :
603 1812 613 1837 ι
631 1788 682 1858 Qui
703 1791 857 1860 prophetat,
914 1784 1048 1856 gligentia
1062 1787 1177 1841 amittat.
1196 1809 1207 1837 ι
1224 1789 1438 1844 Necessitatibus
1455 1815 1466 1840 ιι
1479 1794 1599 1848 oninium
1615 1796 1713 1853 subve-

56 1880 219 1937 hominihus
235 1880 351 1951 loquitur
365 1878 398 1934 ad
414 1877 621 1933 aedificationem
644 1878 670 1949 (l
683 1880 744 1934 Cor.
762 1880 826 1943 xrvl,
846 1901 857 1925 ι
914 1873 1029 1942 utentes,
1048 1876 1095 1929 sed
1114 1898 1125 1924 ιι
1142 1887 1298 1932 sanctorum
1311 1899 1321 1927 ι
1333 1880 1413 1933 etiam
1426 1903 1437 1927 ι
1450 1883 1710 1953 communicantes„

57 1971 94 2027 ad
108 1968 324 2025 exhortationem
345 1976 369 2023 et
388 1968 618 2022 consolationem.
637 1969 668 2022 ιιι
693 1976 763 2021 certe
787 1984 861 2022 nun·
914 1967 978 2015 utst
995 1979 1108 2018 necesse
1132 1964 1221 2027 fuerit,
1239 1968 1426 2023 necessitatem
1446 1970 1526 2024 etiam
1555 1988 1615 2025 cum
1643 1973 1712 2044 ipsis

58 2059 129 2132 quid
145 2057 357 2130 conprophetia
373 2064 423 2122 est,
440 2055 486 2110 ubi
510 2056 673 2126 praetlicatur
691 2065 860 2126 contemptus
913 2051 1066 2119 pelitmiui.
1095 2074 1105 2101 ι
1132 2053 1348 2124 Hospitalitatem
1366 2079 1376 2103 ι
1403 2072 1456 2111 hou
1475 2058 1712 2117 solumexhihcn-

59 2147 251 2220 prementium,
276 2145 411 2217 appetitus
433 2145 611 2199 sutrinorum?
635 2146 711 2200 Unde
736 2154 761 2199 et
787 2144 859 2216 apud
915 2145 966 2201 les,
984 2138 1100 2194 sedet«
1118 2149 1291 2204 sectantes.»
1309 2143 1711 2217 quidelifllllcogefldleflt'a·

56 2236 149 2292 Elium
171 2245 196 2292 et
220 2235 339 2290 Eliseum
372 2232 419 2288 filii
453 2235 643 2304 prophetarum
670 2236 859 2305 propheticum
914 2226 995 2281 hendi
1026 2236 1089 2282 suut
1114 2231 1242 2298 hospites.
1276 2232 1464 2288 ‹Berredcite
1488 2239 1713 2307 persequentibus

58 2326 145 2381 vitam
161 2324 262 2380 ducere
277 2322 437 2378 dicebantur
451 2322 507 2389 (tlt,
526 2323 536 2376 l
545 2322 567 2374 V
580 2324 665 2393 Repl,
682 2338 765 2393 quarn
789 2339 859 2378 nunc
914 2330 963 2369 ros
978 2332 984 2367 ε
1002 2315 1154 2372 benedicite
1171 2340 1182 2365 ιι
1200 2335 1255 2386 ore,
1270 2343 1280 2367 ιι
1292 2329 1318 2374 et
1332 2321 1604 2379 nolitemaledicere·
1617 2327 1710 2383 corde.

60 2413 229 2471 eremiticam
247 2410 426 2482 appellamus.
438 2412 502 2465 Haec
525 2411 583 2466 sive
603 2410 629 2465 in
653 2410 784 2477 Ecclesia,
802 2412 858 2467 sive
918 2427 928 2451 ·
948 2403 1074 2460 Gaudete
1089 2422 1149 2461 cum
1165 2408 1357 2478 gaudentibus,
1368 2433 1379 2456 ι
1391 2411 1506 2466 debono
1522 2413 1644 2482 profectu
1661 2416 1712 2470 be·

56 2503 85 2559 in
103 2516 208 2565 emmo,
225 2501 248 2556 si
271 2509 343 2556 recte
364 2508 473 2571 agatur,
489 2516 536 2553 seu
561 2501 589 2553 in
608 2499 741 2564 docendo,
759 2515 806 2554 seu
831 2500 859 2553 in
914 2508 947 2545 ne
960 2494 1195 2564 gaudientium:r
1222 2496 1286 2551 flete
1306 2513 1367 2554 tum
1389 2498 1559 2566 flentibus.»
1582 2511 1608 2558 et
1633 2519 1712 2559 oom-

53 2592 141 2646 modo
168 2589 289 2655 vivendi,
306 2589 333 2643 in
359 2589 446 2658 capite
474 2589 649 2643 donationum
670 2597 720 2653 est,
745 2588 765 2642 si
797 2603 859 2643 rere
914 2581 1043 2649 passione
1059 2584 1199 2638 charitatis
1223 2586 1348 2641 fraternae
1364 2587 1391 2640 in
1407 2589 1589 2658 paenitentiam
1611 2607 1712 2662 preca.

54 2679 206 2736 secuudum
227 2677 376 2749 analogiam
393 2676 466 2737 fidei,
483 2679 534 2732 boe
558 2677 630 2730 enim
653 2677 748 2731 Graeca
777 2677 859 2732 hahet
913 2675 1012 2723 torum.
1032 2671 1177 2741 aluipsuru
1190 2673 1303 2728 inricem
1314 2676 1469 2743 sentientes,
1484 2683 1713 2749 aetpropterbec

54 2767 253 2838 interpretatio,
269 2773 436 2820 exerceatur.
452 2765 506 2820 Sed
524 2781 597 2834 saepe
612 2766 726 2820 inuentae
749 2773 812 2819 sunt
832 2772 858 2819 et
913 2756 1000 2825 itt-um
1021 2782 1032 2805 r
1048 2760 1194 2814 humilibus
1211 2763 1420 2818 consentientes.
1441 2788 1451 2812 ι
1468 2766 1528 2820 Non
1551 2768 1712 2839 colloquan-

55 2854 220 2929 pestilentiae
230 2856 259 2909 in
276 2852 414 2908 cattredris
443 2853 634 2916 Ecclesiaurm,
660 2862 686 2905 et
710 2854 735 2906 in
764 2868 858 2907 ereruo
914 2852 964 2906 tes,
982 2847 1028 2899 sed
1045 2856 1260 2913 consentientes,
1276 2850 1336 2921 quia
1355 2867 1454 2906 sensus
1476 2853 1535 2922 ipse
1550 2854 1712 2914 humititatis

56 2960 184 3001 esrernae
211 2942 344 3011 aspidum,
377 2942 439 2995 alaim
469 2949 596 3012 appetunt
630 2957 725 3011 sapere
755 2942 856 3010 aliquid
914 2933 1067 2988 induendus
1082 2939 1206 2992 esttboc
1220 2947 1307 2992 autem
1324 2938 1380 2993 lieri
1396 2955 1449 2994 non
1465 2950 1561 3010 potest,
1584 2944 1605 2998 si
1627 2945 1711 3001 fueri·

918 1076 1101 1147 disciplinam,
1116 1085 1145 1133 ιιι
1161 1081 1248 1135 bonor
1273 1082 1432 1137 alterutrum
1453 1086 1626 1154 praeveniens
1650 1104 1716 1158 pro-

57 3036 203 3106 plusqmm
219 3040 323 3100 oporte!
351 3046 464 3099 sapereg
481 3044 531 3084 nec
550 3029 679 3084 incedunt
707 3032 856 3085 secundum
886 3021 972 3103 Ἰιιει
1001 3023 1054 3076 alta
1074 3026 1219 3093 Sdpletlltts.
1237 3049 1248 3073 a
1277 3028 1431 3081 Notandum
1453 3031 1515 3100 qtlla
1545 3032 1571 3086 iu
1594 3032 1629 3087 lis
1649 3052 1711 3105 qua)

56 3119 263 3195 analogiam,id
275 3128 315 3174 est
330 3128 428 3173 rectam
445 3117 506 3171 fidei
525 3125 657 3190 negatam,
674 3126 697 3172 et
714 3119 784 3188 piam
804 3120 857 3173 Ec-

57 3211 152 3269 etesiae
177 3211 362 3265 sobrietatem.
387 3208 437 3262 Est
455 3209 535 3262 etiarn
558 3208 701 3277 prophetia
730 3208 857 3263 discretio

57 3301 211 3371 spirituum,
230 3308 256 3352 et
271 3298 298 3351 in
312 3297 457 3367 scripturis
472 3311 599 3350 sensuum
628 3296 746 3367 cognitio
767 3297 857 3351 occul-

54 3397 157 3453 torum,
173 3395 200 3442 et
212 3395 242 3441 ut
256 3385 355 3441 habeat
371 3385 444 3440 uude
460 3384 579 3455 proferat
593 3384 627 3439 de
641 3385 712 3440 bono
727 3385 856 3441 thesauro

56 3477 150 3536 cordis
164 3476 325 3546 intempore
340 3489 410 3529 nora
428 3482 455 3529 et
470 3482 572 3529 vetera.
589 3473 617 3526 ln
632 3473 756 3527 doctrina
781 3489 855 3541 vero,

54 3582 117 3639 quae
135 3565 272 3637 sequitur,
294 3564 410 3632 simplex
437 3560 577 3617 edificatio
600 3561 778 3633 intelligenda
793 3572 855 3631 est;

52 3656 81 3711 in
109 3654 297 3712 exhortatione
316 3661 416 3719 autem,
441 3652 554 3707 moralis
582 3658 609 3706 et
636 3651 752 3723 benigna
781 3650 857 3705 insti·

52 3744 136 3800 tutio.

88 3833 180 3888 Vens.
198 3831 250 3886 'let
264 3846 384 3900 seqq.-
404 3830 466 3885 Post
489 3828 657 3899 prophetiam
672 3831 781 3897 ponitur
804 3827 855 3881 mi·

52 3920 209 3985 nisterium,
226 3918 288 3988 quia
303 3918 372 3973 sicut
388 3918 433 3972 illa
448 3919 474 3971 in
490 3917 686 3987 spiritualibus,
696 3918 734 3971 sic
750 3924 776 3971 et
790 3916 856 3971 illud

53 4006 243 4065 necessarium
258 4006 286 4060 iu
301 4005 494 4075 temporalibus
514 4012 564 4059 est.
589 4005 669 4066 «Qut
699 4004 800 4071 tribuit,
825 4005 854 4058 in

54 4095 241 4168 simplicitate,
258 4116 270 4142 ι
286 4094 313 4148 id
325 4100 367 4149 est
381 4095 410 4147 in
422 4093 538 4164 simplici
554 4092 801 4161 tribuatcbaritate‚
817 4092 854 4146 ni·

54 4185 95 4241 hil
109 4192 188 4240 extra
202 4183 355 4255 requirens.
377 4204 386 4230 ι
406 4180 457 4250 Qui
472 4190 576 4252 praeest,
596 4203 606 4229 ιι
618 4182 708 4250 praesit
726 4203 736 4228 ι
753 4182 781 4235 in
797 4181 855 4235 sol-

54 4273 209 4339 licitudine,
229 4294 240 4320 ι
257 4287 311 4327 non
323 4270 505 4339 saeculari,sed
517 4270 551 4324 de
560 4285 613 4340 qua
625 4270 688 4324 item
702 4270 768 4324 dicit
780 4273 855 4341 Apo-

58 4363 169 4420 stolus:
189 4362 272 4417 uttea
282 4360 438 4433 quotidiana
448 4356 601 4413 sollicitudo
620 4360 739 4413 omnium
759 4358 855 4413 Eccle-

891 3111 1070 3165 ¹comruuuia
1086 3121 1156 3176 sunt,
1173 3113 1242 3169 dixit
1262 3118 1421 3179 sentientes,
1438 3118 1464 3171 in
1494 3119 1532 3173 cis
1560 3137 1626 3176 vero
1647 3140 1709 3193 quae

913 3197 965 3252 alta
977 3208 1004 3253 et
1017 3218 1099 3271 super
1112 3211 1225 3257 caeteros
1246 3212 1318 3269 suut,
1335 3204 1480 3274 sapientes,
1498 3208 1560 3275 qaria
1586 3212 1708 3267 suaviter

912 3302 1006 3358 sapere
1019 3289 1087 3343 solet
1101 3290 1128 3343 iu
1143 3291 1224 3345 corde
1241 3293 1434 3360 superbientis,
1450 3295 1580 3366 quidquid
1592 3298 1709 3354 adiure-

912 3374 972 3429 nire
997 3386 1086 3445 potest
1109 3378 1142 3432 ad
1171 3379 1353 3435 ostensionem
1380 3380 1528 3452 singularis
1547 3385 1706 3444 altitudinis.

911 3460 989 3530 Quod
1009 3465 1047 3518 eis
1066 3464 1189 3520 accidere
1209 3467 1287 3533 solet,
1308 3467 1353 3539 qui
1373 3469 1464 3540 magni
1483 3478 1544 3525 sunt
1570 3471 1598 3526 in
1623 3475 1709 3530 oeulis

913 3551 981 3619 suis,
998 3552 1145 3623 dequibus
1161 3562 1185 3608 et
1201 3555 1331 3610 subditur.

948 3640 1038 3696 l'nns.
1056 3643 1134 3696 Νι.-
1148 3642 1255 3697 «Nolite
1271 3643 1415 3714 prudentes
1430 3662 1491 3703 esse
1506 3649 1577 3719 apud
1592 3660 1711 3709 vosmet·

909 3737 994 3799 ipsos.
1014 3753 1024 3777 ιι
1044 3730 1071 3783 ln
1101 3730 1135 3783 iis
1157 3730 1292 3798 omnibus,
1318 3732 1361 3787 vel
1389 3750 1439 3805 pro
1461 3734 1504 3805 iis,
1526 3736 1627 3810 siquis
1652 3741 1717 3798 mali

909 3815 1014 3888 aliquid
1029 3818 1107 3873 robis
1121 3818 1248 3882 intulerit,
1264 3820 1331 3875 nulli
1348 3822 1405 3877 sitis
1419 3846 1431 3872 ιι
1444 3825 1545 3880 malum
1559 3844 1611 3898 pro
1638 3831 1711 3889 malo
1743 3896 1744 3900 ,

911 3906 1063 3961 reddentes.
1082 3907 1258 3962 Providentes
1273 3909 1344 3965 bona
1357 3926 1412 3965 non
1423 3920 1522 3967 tantuu·
1535 3930 1626 3970 coram
1641 3919 1710 3990 Deo,

909 3993 957 4049 sed
981 3994 1061 4048 etiam
1082 4011 1173 4051 coram
1200 3998 1327 4052 omnibus
1341 3998 1511 4057 hominihus.
1529 4026 1539 4050 ι
1557 4003 1710 4062 Conscien-

910 4084 973 4138 tiam
990 4084 1089 4156 quippe
1104 4084 1235 4140 debemus
1250 4087 1317 4154 Deo,
1343 4087 1445 4144 famam
1471 4093 1607 4162 proximo.
1624 4094 1708 4164 Quod

910 4172 1108 4227 autemdicit·
1127 4174 1262 4240 omuibus,
1282 4199 1293 4222 ι
1310 4175 1445 4247 significat
1472 4180 1536 4250 quia
1557 4189 1583 4237 et
1610 4183 1711 4255 eisqui

910 4261 977 4316 foris
989 4270 1051 4315 sunt
1064 4263 1217 4333 exemplum
1239 4264 1341 4318 bonum
1355 4264 1497 4323 debemus.

947 4350 1030 4405 Vens.
1044 4350 1084 4406 18.
1101 4379 1135 4391 -
1149 4371 1160 4402 ι
1178 4351 1206 4407 Si
1222 4350 1281 4406 fieri
1300 4361 1397 4423 potest,
1412 4354 1487 4425 quod
1509 4372 1541 4412 ex
1557 4357 1637 4413 uobis
1658 4370 1710 4427 est,

56 4451 161 4507 siarum
176 4449 212 4518 (ιι
230 4450 291 4505 Cor.
316 4454 368 4517 xl).
400 4447 458 4501 »Et
485 4460 625 4515 exponens
650 4461 709 4515 quae
729 4444 774 4499 illa
795 4447 831 4502 sit
848 4465 854 4502 :
871 4435 897 4495 D
912 4439 1109 4494 cumomnibus
1125 4439 1283 4494 hominibus
1310 4457 1405 4510 pacem
1424 4443 1564 4499 habentes.
1587 4467 1600 4495 ι
1631 4447 1709 4503 bitt-

58 4564 70 4590 ι
81 4539 161 4610 Quis,
172 4537 289 4609 »inquit,
302 4560 312 4586 ι
325 4535 478 4592 infirmatur
488 4541 574 4605 elego
583 4550 637 4589 non
648 4533 789 4590 infirmor?
798 4536 857 4607 quis

55 4624 517 4698 scandalizaturetegenonuror‘?
533 4644 543 4671 ιι
560 4623 650 4692 (tbtd.)
667 4645 678 4670 ι
693 4621 858 4690 Quimisere·

56 4724 109 4787 tnr,
128 4740 142 4767 ιι
167 4732 237 4787 epus
264 4712 455 4769 misericordiae
476 4726 537 4766 suae
562 4717 688 4766 venustet
714 4711 857 4768 hilaritatis

54 4806 160 4880 gratia.
178 4806 284 4860 Docere
298 4810 324 4858 et
344 4799 480 4856 exhortari
505 4799 538 4854 ad
559 4799 730 4870 prophetiam
752 4800 858 4856 videtur

56 4893 207 4967 pertinerc3
220 4891 255 4947 ad
269 4890 447 4945 ministerium
463 4903 538 4956 sero,
555 4887 673 4943 tribuere
696 4888 724 4942 in
751 4888 858 4959 simpli·

56 4984 151 5051 citate,
167 4997 286 5054 praeesse
301 4980 330 5034 in
341 4976 666 5041 sollicitudine,misereri
678 4976 856 5033 inhilaritata.

57 5079 288 5152 Quaesequuntur
301 5076 456 5134 communia
470 5082 541 5131 sunt.
555 5099 566 5125 ι
585 5075 699 5131 Dilectio
713 5076 859 5133 sinesimu·

56 5178 174 5236 latione.
188 5178 320 5236 Odientes
335 5175 448 5242 malum,
468 5174 636 5230 adherentes
660 5175 742 5230 bono.
761 5199 773 5225 ι
798 5176 859 5231 No·

57 5276 141 5334 tanda
157 5285 247 5332 umen
262 5282 302 5331 est
318 5273 346 5329 in
360 5274 402 5328 his
415 5280 518 5329 sanotae
532 5272 635 5342 puritas
664 5271 854 5328 institutionis.

57 5376 92 5431 ln
103 5374 248 5431 dilectione
262 5371 378 5444 simplex
393 5370 539 5442 requiritur
552 5368 687 5432 affectus;
704 5385 756 5425 nec
782 5369 859 5425 suffi-

57 5471 96 5531 eit
110 5471 247 5528 ffirertere
261 5485 278 5526 a
293 5470 365 5526 malo
380 5476 407 5524 et
421 5467 511 5524 facere
525 5467 637 5534 honum,
651 5465 704 5522 nisi
720 5473 745 5522 et
767 5467 858 5524 odium

56 5570 94 5631 eit
107 5570 175 5629 meli
191 5577 220 5629 et
239 5584 317 5627 amor
338 5568 412 5627 boni.
432 5568 463 5623 ln
491 5582 524 5624 eo
542 5581 608 5624 uero
635 5565 709 5641 quod
724 5565 857 5640 sequitur,

912 4526 964 4581 cile
989 4526 1060 4582 enim
1080 4536 1138 4582 erat
1154 4532 1192 4595 ut,
1208 4527 1231 4582 si
1246 4528 1417 4602 corrigerent
1438 4533 1529 4588 omnia
1549 4550 1610 4604 quae
1625 4538 1715 4592 corri-

911 4615 1002 4686 genda
1016 4623 1116 4682 essent,
1137 4631 1196 4670 cum
1212 4617 1338 4672 omnibus
1365 4619 1520 4676 bominibus
1541 4637 1636 4691 pacem
1661 4625 1713 4681 he-

912 4705 1019 4760 berent.
1045 4704 1099 4760 Sed
1128 4703 1273 4776 aliquando
1297 4705 1494 4764 dissimulando
1516 4710 1650 4781 quadam,
1673 4714 1713 4771 sic

911 4792 1057 4864 quaerenda
1069 4799 1110 4848 est
1125 4809 1178 4863 pax
1195 4793 1312 4848 exterius
1324 4802 1351 4850 ut
1365 4811 1380 4849 a
1394 4812 1459 4866 paco
1473 4798 1523 4853 Dei
1533 4814 1588 4853 non
1601 4801 1714 4858 receda-

913 4890 957 4937 tur
973 4881 1095 4936 interius.

948 4981 1034 5034 l'sus.
1048 4983 1093 5035 ts.
1106 5001 1162 5030 -ι
1173 4980 1235 5035 Non
1249 4981 1431 5053 vosmetipsos
1442 4982 1632 5055 defendentes,
1650 4989 1713 5046 che·

912 5077 1023 5132 nissimi.
1043 5101 1054 5126 ι
1079 5077 1257 5133 charissimos
1280 5079 1359 5149 quasi
1386 5079 1552 5138 blandiendo
1579 5086 1709 5159 appellat,

913 5176 958 5230 ubi
974 5176 1009 5232 ed
1024 5177 1203 5232 bumilitatem
1216 5185 1242 5231 et
1252 5177 1410 5246 patientiam
1421 5183 1637 5253 propensiuseos
1646 5185 1703 5242 iuri

914 5282 961 5330 tet.
978 5275 1038 5330 Deo
1052 5276 1123 5332 enim
1138 5293 1277 5333 reservare
1291 5278 1439 5336 uindictam
1454 5297 1529 5337 suam
1540 5283 1619 5341 dulce
1629 5285 1713 5343 habet

913 5377 1005 5425 saneta
1027 5371 1124 5426 animae
1147 5372 1315 5443 simplicitas,
1336 5388 1371 5429 ne
1396 5375 1417 5428 si
1441 5374 1591 5435 defendere
1610 5389 1715 5438 semet-

913 5468 1000 5540 ipsam
1025 5467 1152 5524 moliatur
1171 5477 1197 5524 et
1218 5469 1377 5525 exercitium
1402 5471 1538 5544 patientiae
1561 5477 1714 5545 amittebat

912 5574 1005 5624 eontra
1031 5564 1168 5641 flagellum
1192 5566 1242 5624 Dei
1266 5565 1414 5644 aliquande
1433 5585 1518 5647 agera
1546 5572 1709 5636 inveniatur.
