3728 6000
94 220 149 289 'tut
589 215 780 286 uuttttttttt
797 212 951 284 dliv-fl!
969 215 999 284 d.
1015 215 1232 286 tmouottct
1691 222 1746 290 tot

96 362 208 420 semper
220 345 457 403 administrantes.
472 344 521 402 11ae
535 344 572 402 ab
592 343 671 402 initio
690 344 792 418 linguae
819 341 934 407 inei-A
984 345 1050 406 llaec
1077 345 1110 401 de
1139 344 1251 405 homlna
1278 343 1407 402 exteriori
1422 344 1550 416 dlxlmua,
1565 345 1628 403 'uon
1655 350 1750 406 ιειιιειι

97 437 175 515 pluat
197 434 225 491 in
248 434 359 492 modum
388 433 562 500 arteriarum,
590 448 607 488 a
637 432 736 505 quihus
761 431 898 488 humectio
951 433 1062 490 omnino
1088 434 1225 499 exteriorl,
1242 434 1291 490 sed
1317 434 1351 491 de
1378 435 1538 507 quibusdam
1560 453 1620 507 quas
1634 443 1699 492 sunt
1722 435 1751 491 iu

99 524 284 602 phlegmatica
299 530 420 590 emanat,
437 539 498 595 quae
524 529 635 579 vocatur
662 521 802 577 salivaris.
820 519 899 576 Venit
951 523 1112 594 corporibus
1125 522 1260 587 humanis,
1273 525 1554 594 nentamensubjecta
1566 525 1751 581 suutomnino

97 623 297 672 sutemnervus
311 628 328 668 a
343 612 466 680 cerebro,
484 612 531 682 qui
545 627 595 684 per
610 610 731 684 linguam
756 608 898 678 dividitur,
951 611 1077 667 sensibus
1091 611 1221 684 hominis;
1244 613 1293 669 sed
1321 613 1428 671 ratione
1455 622 1482 670 et
1501 615 1667 688 experientis
1690 613 1751 670 dis-

97 713 128 760 ιιι
141 701 187 761 (ιιι
203 702 227 758 ei
243 717 353 759 sensum
369 709 477 774 gustus,
491 700 536 772 qui
551 699 590 756 sic
614 698 744 756 efficitur.
764 699 817 756 llos
844 714 898 772 gu·
951 708 1100 758 cernuntur
1113 716 1128 756 a
1141 701 1265 773 physicis
1279 709 1306 758 et
1317 701 1503 776 philosophis,
1518 704 1563 776 qui
1590 704 1643 760 buc
1662 718 1751 775 usque

99 792 207 860 stenda,
223 806 284 848 eum
299 789 333 845 ad
362 790 484 864 linguam
508 788 592 857 uenit,
609 789 724 861 ejusque
751 787 897 844 essentiam
951 790 1094 863 pervenire
1121 799 1277 862 potuerunt,
1294 792 1418 849 humanas
1445 801 1549 849 uaturae
1574 792 1751 865 exquirentes

100 880 196 958 tangit,
214 879 537 949 naturaineaoperetur
551 885 581 933 ut
603 877 696 950 lingua
716 878 745 932 in
771 883 899 932 naturam
950 879 1128 955 dignitatem.
1147 879 1199 950 Qui
1228 888 1316 936 ιειιιειι
1345 881 1540 938 absurdissime
1552 880 1581 937 in
1596 884 1648 938 hoc
1661 881 1751 956 depe·

97 972 137 1029 rei
152 975 271 1049 gustatas
286 976 415 1025 mutetur.
433 967 543 1024 Mutatio
565 975 682 1042 tangens
710 981 833 1034 nervum,
847 981 899 1036 per
951 977 1127 1036 uerererunt,
1156 969 1229 1040 quod
1248 970 1276 1025 iu
1304 971 1399 1027 borum
1420 976 1533 1029 numero'
1553 979 1659 1044 partem
1675 972 1750 1028 illam

98 1076 161 1118 eum
189 1059 271 1115 menti
304 1056 464 1114 transmittit
483 1063 594 1132 pastum
635 1056 848 1112 discernendum
872 1061 900 1111 et
950 1058 1247 1130 hominisputavcrunt
1269 1059 1533 1132 disputandumque
1554 1062 1635 1119 homo
1658 1061 1749 1135 imago

95 1149 275 1227 judicandum
291 1167 297 1203 z
312 1155 338 1202 et
349 1147 393 1202 hie
409 1154 450 1202 εει
464 1151 571 1219 gustus.
582 1144 679 1201 'lactus
694 1145 756 1200 allis
770 1144 899 1200 sensibus
951 1146 1001 1203 Dei
1037 1155 1078 1203 est
1115 1147 1340 1220 incormptibilis,
1368 1149 1527 1221 eeterhque
1563 1150 1749 1207 animantibus

96 1247 138 1297 est
166 1237 272 1302 similia,
287 1236 351 1310 quia
379 1239 499 1291 mutatur
527 1235 556 1290 in
582 1234 621 1295 rei
636 1234 816 1291 substantiam
838 1249 898 1305 quse
950 1236 1119 1308 praeminet,
1140 1237 1256 1293 animam
1283 1238 1387 1295 seilicet
1408 1238 1590 1295 rationalem:
1606 1241 1679 1296 hunc
1698 1238 1750 1296 de·

96 1327 227 1404 tangitur.
247 1325 313 1395 Quae
327 1324 441 1382 mutatio
456 1325 601 1380 mundatur
614 1322 699 1379 menti
722 1339 896 1396 perbereos.
951 1341 1042 1382 corem
1057 1332 1161 1382 tantam
1176 1326 1295 1382 hominis
1305 1327 1527 1383 commendantes
1541 1336 1568 1384 at
1588 1329 1748 1398 salutantes,

97 1424 126 1475 et
138 1418 190 1474 hoe
205 1416 287 1472 modo
301 1415 382 1471 sentit
397 1429 477 1471 meus
492 1414 569 1470 illam
584 1412 775 1469 mutationem.
795 1411 898 1469 Omnes
952 1415 1089 1486 quomodo
1103 1415 1208 1473 scilieet
1217 1416 1376 1472 naturaliter
1389 1432 1445 1488 ριιε
1469 1417 1572 1474 ειιιιειιε
1599 1416 1750 1473 animanti-

97 1514 189 1564 autem
209 1520 306 1561 sensus
322 1504 465 1578 proprium
495 1504 596 1560 babent
621 1501 785 1569 membrum,
802 1510 900 1575 praeter
951 1503 1003 1560 bus
1026 1505 1053 1560 in
1082 1506 1177 1562 coelum
1203 1512 1308 1562 erectus
1321 1504 1424 1578 aliquid
1440 1521 1470 1562 ae
1488 1521 1549 1563 cum
1565 1507 1634 1563 eoelo
1648 1505 1752 1563 babere

97 1601 207 1657 tactum.
232 1595 327 1649 Tactus
345 1593 416 1648 enim
441 1592 522 1649 totius
550 1601 591 1650 est
617 1592 752 1664 corporis,
778 1590 900 1662 exceptis
952 1598 1083 1649 testatur:
1101 1594 1238 1664 quomodo
1253 1610 1302 1666 ρει
1316 1601 1400 1650 totum
1414 1609 1512 1665 corpus
1534 1595 1623 1667 ipsum
1651 1612 1752 1652 secun·

97 1682 222 1763 pertibus
233 1682 289 1737 illis
304 1697 364 1754 qum
379 1680 470 1737 uersis
484 1689 588 1748 curent,
605 1686 637 1736 ut
645 1679 704 1753 pili,
729 1689 758 1736 ut
776 1679 1018 1773 ungulae,Bdum
1040 1681 1152 1754 longum
1172 1685 1198 1737 in
1228 1683 1428 1739 distinctionem
1450 1685 1635 1740 membrorum
1662 1684 1755 1741 media

97 1781 124 1834 ει
137 1772 219 1844 talin
237 1787 298 1844 quse
312 1770 360 1826 ubi
375 1770 507 1847 ligantur,
518 1771 583 1842 quia
596 1771 649 1827 hoc
663 1785 717 1825 non
732 1769 791 1826 sine
809 1769 900 1825 nervis
956 1770 1031 1843 viget
1057 1771 1156 1835 unitas,
1173 1771 1237 1828 hinc
1260 1780 1348 1827 autem
1367 1780 1393 1827 et
1404 1772 1467 1828 inde
1476 1773 1591 1843 pulchra
1606 1787 1656 1842 per
1670 1773 1753 1828 latum

96 1860 136 1931 tit,
152 1860 191 1919 ihi
215 1868 317 1917 tantum
346 1859 476 1915 sentiunt.
501 1860 535 1918 Et
561 1869 591 1914 ut
611 1857 691 1915 liuem
707 1859 837 1916 iaciamus
866 1858 900 1914 de
954 1858 1142 1915 membrorum
1171 1861 1320 1932 respondet
1349 1860 1486 1932 parilitas,
1515 1861 1653 1934 quomodo
1669 1869 1754 1919 totum

95 1950 237 2018 sensibus,
258 1948 325 2004 nihil
336 1949 437 2020 patitur
452 1947 480 2002 in
501 1964 615 2020 corpore
631 1947 704 2021 quod
728 1963 783 2004 uon
808 1946 898 2014 sentit,
954 1948 1044 2020 ipsum
1064 1964 1163 2022 corpus
1178 1949 1206 2003 in
1232 1950 1359 2021 pondere
1383 1958 1410 2006 ct
1436 1967 1561 2006 mensura
1589 1960 1615 2008 et
1641 1966 1755 2008 numero

97 2039 165 2099 nibil
180 2037 344 2109 sentitquud
359 2037 515 2094 nervisnon
529 2037 643 2111 regitur.
954 2036 1112 2095 inveniatur
1134 2039 1325 2110 compositum.
1355 2040 1538 2095 Transeamus
1559 2040 1593 2096 ad
1615 2040 1751 2097 animam.

134 2127 281 2192 Sciemum
314 2127 396 2190 etiam
440 2126 474 2182 de
503 2126 627 2181 sensibus
665 2126 833 2198 respondere
868 2143 901 2185 eo
956 2126 1089 2184 Ponderis
1107 2126 1178 2182 enim
1207 2128 1362 2198 aequitatem
1385 2128 1414 2183 in
1433 2144 1547 2200 corpore
1562 2130 1682 2185 humano
1711 2137 1754 2185 te·

100 2228 216 2293 quatuor
243 2216 414 2283 humoribus,
430 2214 463 2271 de
489 2215 590 2291 quibus
620 2230 702 2288 supra
717 2216 801 2272 multa
829 2217 902 2274 dicta
956 2223 1040 2271 statur
1056 2216 1241 2272 membrorum
1257 2216 1389 2289 parilitas,
1405 2233 1559 2273 mensuram
1574 2228 1665 2274 autem
1688 2233 1755 2292 pro-

28 2320 31 2325 '
99 2315 171 2369 suut.
193 2306 275 2363 Visus
287 2305 359 2362 enim
376 2304 465 2377 igneae
484 2311 526 2361 est
551 2312 664 2373 nature,
681 2304 786 2361 auditus
805 2308 900 2374 serim,
955 2305 1119 2377 barepotest
1132 2305 1308 2361 mensurandi
1324 2306 1440 2363 sollicita
1452 2307 1632 2379 experientia.
1658 2307 1757 2364 Dicunt

100 2397 231 2459 odoratus
260 2395 369 2460 lumeae,
385 2400 482 2469 gustus
505 2409 627 2464 aquosae,
658 2402 745 2455 tactus
768 2403 897 2452 terreum.
956 2394 1027 2451 enim
1044 2395 1149 2467 physici
1162 2395 1225 2465 quia
1240 2394 1263 2450 si
1273 2397 1355 2453 homo
1369 2395 1481 2466 supinus
1495 2397 1614 2453 extensis
1626 2396 1756 2452 manibus

99 2485 170 2561 Quid
192 2484 304 2552 mirum,
324 2499 386 2541 cum
415 2483 497 2540 ctiam
522 2490 617 2539 aetates
642 2482 759 2559 singulm
782 2485 903 2542 bominis
956 2491 983 2540 et
1011 2483 1140 2539 membris
1165 2485 1264 2554 jaceat,
1280 2485 1303 2540 si
1332 2485 1506 2541 circinumin
1521 2493 1613 2543 centro
1633 2484 1756 2542 umbilici

99 2572 216 2649 singulis
231 2571 606 2648 respondeanthumorihus‘?
621 2571 902 2647 Adolescentisenim
957 2572 1075 2630 locatum
1104 2573 1223 2646 undique
1256 2573 1497 2641 circumvolvatur,
1516 2573 1649 2631 inoffenso
1676 2591 1756 2631 men·

97 2679 184 2739 usquc
196 2662 233 2720 ad
246 2661 406 2721 tricesimum
420 2661 544 2735 quintum
559 2676 663 2717 annum
674 2662 717 2718 vel
725 2663 901 2731 tricesimum,
956 2678 1030 2719 surse
1056 2678 1136 2718 eursu
1152 2663 1179 2717 in
1202 2663 1327 2719 omuibus
1345 2664 1469 2735 partibus
1491 2665 1549 2720 suis
1582 2679 1634 2736 par
1653 2664 1706 2719 sibi
1730 2670 1757 2720 et

97 2752 263 2815 assimilatur
277 2751 414 2824 sanguini,
431 2751 477 2827 qui
492 2767 543 2823 per
563 2751 752 2809 humiditatem
779 2761 806 2808 et
833 2752 902 2810 cali·
956 2750 1070 2822 aequslis
1094 2751 1314 2808 serenissimae
1343 2768 1456 2809 numero
1487 2752 1553 2809 satis
1575 2757 1697 2810 constat.
1723 2753 1758 2809 Ut

98 2843 310 2903 ditatemnutrit.
328 2839 466 2911 Quidquid
482 2840 554 2895 enim
569 2840 677 2910 crescit,
693 2856 743 2914 per
761 2841 901 2899 humidum
956 2839 1028 2895 enim
1056 2839 1176 2895 omittam
1205 2838 1240 2894 da
1267 2840 1450 2896 exterioribus
1477 2840 1618 2907 membris,
1640 2857 1756 2914 quorum

98 2939 128 2993 st
139 2931 258 2993 calidum
281 2929 389 2989 crescit.
405 2929 496 3002 Usque
521 2929 574 2986 huc
597 2939 715 3003 augetur
742 2937 770 2985 et
794 2931 901 2987 viribus
955 2943 1100 2984 numerum
1115 2927 1205 2983 nullus
1219 2936 1308 2999 potest
1321 2928 1458 3002 ignorare,
1475 2930 1554 2985 etiam
1570 2930 1661 2987 omnis
1683 2930 1756 2986 inte-

99 3024 126 3080 st
141 3019 294 3088 sltitudine,
309 3025 336 3076 et
363 3017 544 3089 longitudine,
568 3025 595 3075 et
613 3018 765 3075 latitudine.
794 3020 900 3076 Deinde
955 3017 1030 3072 riora
1043 3016 1125 3072 certis
1137 3024 1262 3073 constare
1277 3018 1398 3074 numeris
1413 3034 1467 3074 non
1482 3025 1524 3075 ast
1537 3018 1659 3074 dubium.
1685 3018 1755 3075 Nam

1 3137 2 3141 ¹
100 3110 225 3185 sequitur
248 3110 387 3183 juventus,
403 3107 519 3168 cholerae
555 3106 646 3165 ruheae
673 3108 771 3164 similis
792 3119 902 3181 propter
955 3105 1037 3162 etiam
1066 3120 1129 3163 ossa
1157 3105 1246 3161 abbis
1261 3106 1361 3177 quihus
1388 3106 1416 3163 id
1438 3122 1514 3165 cursa
1542 3107 1593 3163 luit
1616 3115 1757 3165 numerata

97 3199 249 3261 emissem
277 3205 305 3257 et
327 3195 447 3257 calorem
472 3216 478 3253 z
508 3196 587 3270 cujus
610 3196 685 3254 calor
709 3198 900 3256 humiditatem
955 3201 1025 3264 sunt,
1041 3202 1067 3251 et
1080 3195 1190 3250 insecta
1209 3202 1270 3250 suut
1297 3197 1413 3252 ducenta
1434 3205 1460 3252 ει
1475 3196 1654 3270 quadraginta
1670 3212 1757 3253 unum

98 3287 294 3349 adolescentie
307 3286 457 3353 consumit,
474 3293 501 3343 et
529 3286 591 3343 idac
606 3285 676 3345 sicea
698 3291 750 3356 est,
762 3287 825 3358 quia
852 3289 901 3346 hu·
954 3284 1053 3341 esseio
1068 3285 1146 3342 omni
1161 3299 1275 3356 corpore
1291 3286 1423 3343 humano.
1442 3287 1572 3343 Similiter
1585 3289 1621 3343 de
1649 3287 1754 3343 serris.

99 3378 223 3440 multare
245 3376 377 3435 minorata
400 3374 521 3450 sequitur
544 3373 663 3432 siccitas.
683 3375 814 3433 luventas
832 3392 900 3434 con-
953 3373 1109 3430 Nersorum
1134 3390 1150 3429 a
1174 3375 1289 3430 cerebro
1303 3375 1460 3431 exeuntium
1478 3375 1589 3431 inventa
1612 3384 1675 3432 sunt
1699 3390 1757 3433 esse

97 3482 213 3529 seratas
237 3482 337 3539 eorpus
351 3462 502 3538 perlectum
531 3463 590 3521 sine
609 3464 786 3522 diminutione
801 3465 900 3521 sirium
954 3470 1059 3535 septem
1071 3461 1167 3535 paria;
1183 3480 1198 3517 a
1214 3463 1299 3520 nucha
1315 3464 1425 3538 triginta
1439 3465 1493 3522 duo
1512 3464 1589 3537 paria
1616 3472 1643 3522 et
1671 3481 1756 3522 unum

100 3556 193 3619 fluitur
234 3554 372 3617 tricesimo
398 3553 491 3627 quinto
517 3552 560 3610 vel
581 3554 788 3629 quadragesimo
811 3569 895 3612 anno.
954 3550 1053 3625 impar.
1065 3550 1137 3623 Quid
1152 3552 1305 3608 mutmtltt
1319 3569 1406 3609 renas
1420 3564 1445 3609 et
1460 3553 1580 3612 lacertos
1601 3562 1630 3612 et
1663 3554 1757 3612 omnis

99 3646 205 3708 Deinde
214 3654 341 3703 senectus
355 3642 456 3716 frigida
470 3649 496 3698 et
517 3642 591 3700 sicce
604 3643 721 3699 cholerae
742 3643 829 3717 uigrae
853 3659 900 3700 as·
955 3658 1015 3714 quae
1031 3651 1095 3697 sunt
1109 3642 1134 3696 in
1151 3656 1279 3713 corpore,
1296 3642 1381 3698 certis
1394 3652 1522 3699 constare
1547 3644 1666 3700 numeris
1694 3659 1757 3701 uer·

99 3734 254 3795 similatur:
270 3732 371 3806 frigida
392 3739 507 3804 propter
534 3731 726 3787 humiditatem
750 3732 901 3802 juventutis
953 3735 1012 3786 tum
1028 3739 1078 3787 est.
1096 3731 1151 3789 Sed
1163 3730 1231 3802 jam,
1248 3740 1278 3786 ut
1291 3731 1391 3789 dictum
1416 3743 1466 3800 est,
1482 3734 1516 3788 ad
1533 3733 1652 3790 enimam
1666 3742 1755 3791 trans·

99 3823 275 3889 exsiccatam,
306 3836 365 3894 qua
390 3828 432 3877 εει
463 3819 655 3875 nutrimentum
698 3821 807 3877 caloris.
834 3822 900 3881 llaec
955 3843 1067 3898 eamus;
1082 3843 1135 3886 nec
1150 3827 1213 3900 quid
1228 3829 1261 3884 de
1277 3844 1307 3885 ea
1320 3828 1474 3906 pbilosophi
1490 3830 1532 3888 vel
1547 3830 1653 3904 physici
1663 3830 1756 3888 saeculi

100 3919 328 3994 quiuquagesimo
345 3918 522 3991 quintoanno
536 3916 580 3973 vel
604 3918 774 3990 sexagesimo
793 3916 898 3977 linitur.
952 3923 1069 3981 sentiant
1088 3924 1131 3980 sel
1159 3924 1314 3997 opinentur,
1341 3928 1390 3985 sed
1413 3928 1478 4000 quid
1506 3929 1630 3985 catholici
1660 3931 1754 3988 Patres

101 4016 171 4077 Huic
197 4017 319 4075 succedit
346 4013 448 4073 senium
472 4013 631 4072 naturaliter
657 4014 837 4074 siccissimum
873 4024 901 4076 ει
953 4037 970 4079 a
998 4022 1056 4079 Deo
1088 4022 1232 4081 didicerint
1259 4032 1285 4083 et
1307 4025 1433 4087 homiues
1451 4027 1605 4100 docuerint,
1630 4028 1755 4086 breviter

100 4114 318 4189 frigidissimum,
330 4111 533 4172 accidentaliter
554 4121 645 4171 sutem
668 4113 819 4183 humidum,
832 4131 899 4189 pro·
952 4119 1177 4192 perstringamus.

100 4219 162 4287 pter
175 4211 386 4287 indigestionem
401 4218 428 4269 et
440 4211 634 4269 abundantiam
649 4211 826 4287 phlegmatis,

632 4589 820 4703 LIBER
856 4591 1213 4707 SECUNDUS.

659 4832 912 4939 PHYSICA
964 4840 1180 4944 abiba.

905 5101 942 5121 m

133 5239 247 5311 Αυιιιιε,
262 5235 331 5300 sicut
343 5239 496 5319 philosophi
510 5243 591 5317 hujus
606 5241 1112 5329 manducaremus-13subuenite,
1127 5264 1142 5304 a
1163 5248 1221 5304 lieo
1246 5252 1352 5319 ereata,
1375 5245 1547 5314 vivificatrix,
1564 5245 1750 5320 rationabilis,

97 5329 197 5387 ειειιιιε
212 5338 254 5389 εει
267 5333 394 5405 simplex,
410 5334 517 5407 species
531 5333 670 5400 naturalis,
686 5333 790 5391 distans
805 5352 821 5392 ιι
837 5352 895 5393 rou·
948 5338 1119 5405 immortulis,
1135 5339 1185 5396 sed
1199 5338 1227 5394 ln
1247 5339 1349 5394 bonum
1368 5336 1528 5410 mulumque
1548 5337 1749 5395 convertibilis.

96 5417 166 5476 terls
179 5421 299 5491 corporis
314 5422 355 5477 sul
371 5438 504 5496 organum
517 5423 750 5493 membromm,et
766 5426 895 5486 νιιιιιιειιι
948 5425 1032 5499 Quod
1060 5434 1152 5485 sutem
1175 5427 1286 5500 propris
1314 5427 1374 5499 eius
1387 5426 1486 5485 dicitur
1510 5428 1670 5493 substsnha,
1687 5427 1750 5488 ideo

95 5505 160 5564 uite
172 5506 288 5565 babens.
304 5510 386 5568 Porro
400 5513 549 5572 mundum
568 5520 688 5584 nostros,
701 5511 787 5569 idest
801 5515 895 5572 sscls·
948 5517 1014 5591 quia
1028 5517 1119 5575 nullus
1132 5517 1204 5576 allus
1220 5517 1333 5590 spiritus
1353 5532 1466 5577 caruem
1486 5516 1601 5589 accipit
1621 5515 1665 5578 ssi
1682 5531 1749 5579 cuc·

97 5593 222 5656 rheticus
235 5596 363 5657 doctores
384 5597 477 5657 suims
494 5598 642 5675 spiritualis
667 5599 833 5678 propriaque
855 5608 896 5664 est
949 5618 1012 5681 pus,
1026 5615 1056 5664 ut
1076 5607 1136 5678 ejus
1153 5605 1328 5680 passionibus
1341 5611 1389 5663 sut
1402 5605 1549 5665 condoleat
1566 5611 1613 5663 aut
1626 5601 1741 5662 lststm.
