3728 6000
109 231 144 288 li
471 216 476 232 ⁸
570 221 756 278 fluattttvtvt
775 223 805 279 S.
825 216 973 276 bnuvttvt
992 220 1145 277 vtrttnttc.
1166 217 1309 278 tebtrts
1732 224 1768 285 u

111 367 194 426 quam
221 352 332 409 Boethii
359 357 571 421 ceterorumque
595 350 769 420 antiquorum
796 342 1037 417 sipost-Aoum
1052 347 1212 417 prefuisset,
1227 349 1334 404 oblatus
1363 355 1402 404 est
1430 345 1455 405 ei
1480 363 1497 405 e
1525 350 1646 423 quodum
1661 349 1766 407 clerico

110 443 222 498 donem.
242 440 363 512 Denique
378 440 412 495 b.
428 437 574 494 buselmus
588 434 789 493 Coutueriensis
817 433 910 490 urchi·
965 435 1036 491 liber
1058 434 1129 491 beati
1149 437 1291 509 Augustini
1306 438 1443 494 delibero
1457 438 1586 507 arbitrio,
1603 454 1683 509 quem
1700 454 1765 495 mo-

111 529 298 603 episcopusin
312 528 382 585 libro
397 544 477 602 quem
493 526 556 584 lecit
567 528 603 584 lto
617 525 694 583 Verbi
709 524 909 581 incorrectione

111 635 166 677 non
189 619 347 676 dialecticos
373 617 533 689 hujusmodi
561 614 748 683 clericos,sed
762 613 910 669 dialectioae

111 708 233 783 appellat
258 707 412 776 hereticos,
436 707 489 775 Qui
511 722 569 764 non
591 705 650 761 ciri
673 705 785 775 flotam,
811 701 907 772 iuquit,

111 798 286 856 universales
308 803 416 870 putant
428 811 488 853 csse
503 795 688 858 substantias,
703 793 797 848 dicens
812 806 860 847 eos
874 790 908 846 do

111 887 264 960 sapientum
279 901 392 942 numere
403 885 500 940 merite
514 899 576 941 esse
591 881 782 939 exsufflandos.

146 980 173 1034 3.
190 977 257 1032 Cum
284 991 352 1048 ergo
378 974 510 1046 magister
531 972 658 1029 Odordus
671 970 717 1043 (3²)
732 985 780 1042 pro
795 968 908 1026 seientia

110 1083 159 1123 sua
185 1065 286 1137 ubique
314 1062 479 1132 laudaretur,
494 1070 566 1117 tantu
581 1060 755 1117 nibilominus
769 1059 797 1113 in
808 1074 841 1114 eo
860 1072 907 1113 re-

110 1155 220 1228 ligionis
238 1152 358 1225 pollebat
371 1150 499 1224 dignitas,
516 1158 544 1206 ut
558 1166 612 1205 nen
633 1149 723 1204 minus
734 1163 784 1220 pro
798 1146 859 1218 ipso
873 1146 908 1201 ob

109 1243 236 1302 omnibus
264 1241 382 1314 undique
410 1238 526 1296 celebris
552 1246 578 1295 et
604 1236 905 1305 lemosusheberetur;

110 1331 217 1404 quando
232 1331 303 1386 euim
317 1329 517 1402 precedentem
533 1335 560 1384 et
574 1327 610 1383 ad
624 1324 769 1382 ecclesiam
789 1323 906 1379 tenden-

109 1425 166 1477 tem
180 1420 359 1476 ducentorum
373 1419 431 1474 lere
445 1416 601 1473 clericomm
630 1416 771 1471 cobortem
797 1410 907 1467 ultimus

963 523 1047 597 gister
1061 526 1097 580 eb
1108 525 1195 582 solum
1210 525 1383 583 bibliothece
1398 542 1454 582 suae
1467 541 1631 600 comparens
1653 528 1767 600 supple·

964 620 1102 680 mentum,
1131 613 1158 669 in
1187 615 1288 670 scrinio
1315 632 1376 671 cum
1405 617 1509 672 caeteris
1531 616 1608 672 libris
1637 617 1761 689 proiecit,

962 710 1055 772 utpote
1070 704 1118 777 qui
1133 704 1220 760 adbuc
1234 704 1379 760 mundenae
1393 704 1533 777 supientiae
1547 705 1656 761 deditus
1670 706 1762 781 magis

962 789 1149 847 delectabatur
1163 793 1279 849 lectione
1292 792 1410 849 Platonis
1424 809 1505 865 quam
1519 793 1675 867 Augustini.
1691 797 1761 852 Cum

962 895 1029 953 ergo
1039 889 1099 952 post
1107 881 1178 938 duos
1187 881 1242 938 lere
1251 897 1360 937 menses
1371 881 1510 938 Boethium
1522 883 1560 939 De
1568 884 1760 942 consolacione

960 967 1146 1042 pbilosopltioe
1167 970 1307 1041 discipulis
1325 969 1430 1043 legens,
1446 970 1482 1026 ed
1497 979 1624 1041 quartum
1647 970 1757 1042 librum,

962 1054 991 1112 in
1004 1074 1057 1130 quo
1069 1060 1107 1115 lle
1123 1059 1206 1115 libero
1219 1059 1337 1115 arbitrio
1351 1058 1475 1126 disserit,
1503 1060 1681 1131 pervenisset,
1710 1078 1760 1117 re-
1780 1087 1782 1091 ⁷

960 1148 1086 1204 cordatus
1109 1149 1191 1218 empti
1206 1147 1277 1213 libri,
1293 1148 1473 1220 cogitansque
1497 1147 1519 1203 si
1546 1149 1613 1221 quid
1640 1149 1759 1223 dignum

960 1236 1091 1292 memorie
1103 1236 1129 1291 in
1144 1251 1178 1292 eo
1193 1243 1283 1306 posset
1306 1235 1437 1303 inveniri,
1454 1253 1535 1309 quem
1549 1237 1584 1293 de
1598 1253 1631 1294 ea
1644 1238 1761 1296 materia

960 1325 1101 1381 constabat
1113 1324 1251 1391 intitulari,
1267 1333 1362 1381 roceto
1378 1324 1503 1382 ministro
1527 1342 1577 1382 suo
1597 1325 1677 1397 jussit
1705 1326 1758 1383 sibi

960 1428 1020 1469 eum
1041 1412 1157 1469 deterri.
1180 1413 1297 1469 silletum
1325 1412 1415 1484 itaque
1440 1414 1575 1486 aperiens,
1591 1423 1619 1470 et
1633 1415 1701 1471 duas
1714 1414 1759 1472 vel

960 1512 1016 1560 tres
1031 1502 1145 1576 paginas
1159 1502 1254 1576 legens
1268 1502 1397 1574 paulatim
1412 1503 1512 1574 eloquii
1531 1503 1613 1573 ooepit
1630 1503 1760 1561 delectari

960 1600 1116 1655 venustate;
1143 1592 1320 1664 protinusque
1347 1592 1502 1649 convocatis
1529 1591 1639 1649 clericis
1666 1601 1759 1665 utpote

107 1510 168 1582 ipse
181 1524 229 1566 suo
244 1524 320 1564 more
335 1506 563 1579 subsequebatur,
578 1505 625 1562 vix
640 1504 668 1559 in
682 1503 774 1574 aliquo
796 1500 906 1557 distric-

110 1599 216 1655 tissimo
244 1597 440 1653 monachorum
468 1594 594 1651 coenobio
621 1590 757 1662 mojorem
786 1589 908 1646 invenire

106 1688 242 1760 potuisses
268 1685 446 1758 religionem,
471 1683 561 1738 nullus
586 1681 658 1737 enim
685 1680 762 1736 socio
775 1678 901 1750 colloqui,
915 1702 943 1763 Β
960 1682 1048 1738 omnis
1070 1697 1167 1752 expers
1187 1680 1307 1746 invidiae,
1337 1690 1363 1737 et
1389 1681 1491 1737 inventi
1518 1681 1635 1737 thesauri
1664 1681 1760 1739 volens

104 1776 306 1840 obtinendem,
323 1773 413 1829 nullus
426 1773 543 1827 audebat
557 1769 710 1835 mussitare,
726 1783 808 1823 nemo
835 1766 903 1823 dex·
959 1786 1006 1826 eos
1020 1770 1168 1841 participes
1183 1786 1243 1825 esse
1260 1786 1266 1825 :
1285 1793 1297 1819 o
1316 1770 1395 1837 Vere,
1412 1770 1507 1842 inquit,
1522 1771 1652 1827 hacteuus
1674 1769 1757 1843 ign0.

104 1871 160 1920 tere
175 1865 299 1934 leveque
314 1861 356 1917 vel
371 1860 507 1916 modicum
527 1859 621 1915 oculos
643 1856 825 1928 presumebat
852 1855 903 1910 de·
958 1859 1208 1933 revinugustinum
1237 1865 1316 1914 tantae
1345 1866 1455 1931 tamque
1480 1859 1647 1917 delectabilis
1674 1859 1758 1916 fuisse

102 1952 212 2011 flectere
230 1969 236 2006 ε
254 1951 303 2007 ubi
317 1965 383 2006 vero
410 1948 438 2004 in
461 1950 544 2006 choro
559 1954 669 2004 ventum
684 1945 789 2011 luisset,
806 1960 903 2015 super·
958 1949 1100 2005 locundiae.
1120 1973 1130 1999 o
1152 1948 1237 2014 Dixit,
1253 1947 1398 2018 stutimque
1413 1948 1509 2004 librum
1533 1949 1622 2020 ipsum
1636 1966 1652 2003 a
1668 1950 1759 2020 cupite

60 2078 64 2087 ι
102 2042 157 2098 llus
188 2039 286 2112 aliquis
314 2037 489 2094 districtionis
521 2051 604 2093 cause
631 2035 714 2090 alium
742 2033 902 2089 cluniacum
956 2037 1100 2109 incipiens,
1118 2053 1172 2094 non
1186 2037 1275 2092 solum
1290 2044 1362 2099 tuuc,
1379 2037 1469 2093 sedet
1483 2037 1605 2109 sequenti
1620 2038 1759 2110 diecoepit

103 2128 257 2203 quaesisset.
290 2128 330 2183 bo
358 2125 619 2200 frequentationibus
646 2138 710 2179 voro
739 2122 901 2177 teminorum
956 2127 995 2183 ets
1022 2127 1142 2182 studioso
1170 2126 1271 2198 tegere,
1288 2126 1355 2182 evin
1370 2125 1438 2182 tocie
1466 2126 1670 2183 obscurioribus
1696 2127 1759 2183 dili·

101 2219 137 2274 de
166 2217 292 2286 crinium,
309 2232 358 2271 seu
372 2213 487 2271 vestium
511 2210 748 2282 incompositione,
765 2209 808 2266 vel
823 2207 900 2264 simi·
956 2215 1504 2290 genverexp0n01·e‚0umemelegendo
1528 2216 1564 2272 ad
1588 2216 1698 2272 vestium
1719 2216 1757 2273 11.

99 2305 168 2362 lium
182 2322 245 2378 quae
259 2303 340 2359 hodie
355 2301 456 2373 passim
472 2299 594 2357 exerceri
619 2299 744 2356 videmus
770 2297 902 2352 abusione
955 2306 1035 2360 hrum
1057 2304 1221 2376 pervenitur,
1236 2306 1262 2358 in
1278 2320 1332 2375 quo
1348 2305 1478 2377 prelatus
1493 2305 1597 2373 doctor,
1613 2320 1693 2362 servo
1706 2322 1757 2378 pro

101 2407 334 2465 supervacaneum
363 2399 402 2446 est
431 2388 655 2462 eliquiddieere,
673 2386 801 2459 quoniam
819 2385 901 2457 bujus
956 2392 1118 2450 criminibus
1132 2392 1189 2447 suis
1207 2392 1241 2447 tle
1252 2392 1336 2464 priori
1349 2393 1480 2465 dignitato
1509 2393 1587 2465 pulso
1615 2401 1642 2449 ev
1670 2410 1756 2450 mun.

101 2483 176 2538 modi
208 2488 297 2553 pestes
315 2480 373 2534 sine
393 2478 474 2534 dubio
493 2484 539 2532 aut
557 2477 652 2534 schole
670 2476 835 2548 pepulisset,
855 2481 900 2531 aut
954 2482 1052 2538 dundae
1066 2482 1167 2538 eloacae
1182 2480 1321 2552 deputato,
1338 2489 1480 2554 comparor
1504 2482 1668 2554 peegavfjoes
1695 2483 1757 2539 ani.

101 2571 202 2628 scbolae
216 2570 405 2643 magisterium
420 2567 585 2639 reliquisset.
606 2564 688 2621 Tunti
705 2573 837 2637 pretereo
863 2565 900 2620 ri·
957 2585 1028 2637 mas,
1045 2586 1105 2640 quae
1119 2568 1258 2625 coelcstem
1273 2570 1381 2640 quidem
1396 2571 1511 2643 gloriam
1536 2587 1585 2642 pro
1608 2571 1757 2628 sceleribus

100 2660 176 2733 geris
203 2666 271 2726 erat,
288 2664 317 2713 ut
329 2656 434 2712 nudum
450 2655 562 2711 omnino
577 2654 675 2710 laicum
689 2653 795 2725 ingredi
807 2653 900 2709 claus·
952 2655 1011 2710 suis
1039 2655 1162 2726 perdunt,
1180 2655 1252 2710 bunc
1265 2670 1332 2710 vero
1347 2656 1476 2710 mundum
1492 2656 1592 2712 cloaoae
1607 2656 1697 2713 lotide
1711 2656 1755 2712 si-

100 2755 174 2805 trum
189 2747 260 2803 bora
274 2745 383 2818 legendi
398 2744 581 2816 permitteret;
601 2759 662 2798 nam
678 2758 742 2799 cum
763 2751 826 2798 ante
848 2743 900 2798 ed·
957 2744 1049 2798 milem
1063 2743 1265 2816 quodammodo
1280 2743 1410 2800 decorent
1425 2744 1544 2815 quandiu
1559 2745 1586 2799 in
1601 2761 1634 2801 eo
1649 2745 1754 2801 vivunt.

98 2845 210 2895 ventum
224 2836 286 2904 ejus
301 2834 400 2889 milites
415 2841 443 2889 et
456 2834 530 2889 cives
543 2832 578 2887 ed
593 2832 743 2889 audiendus
763 2839 789 2887 et
811 2830 901 2886 termi-
954 2833 1029 2888 lianc
1055 2848 1123 2904 ergo
1151 2833 1388 2888 sententiamcum
1404 2833 1535 2904 magister
1550 2833 1676 2889 Odardus
1703 2851 1755 2890 uu·

99 2928 205 2983 naudus
237 2926 363 2979 forenses
381 2938 478 2978 causas
497 2937 531 2977 ex
556 2922 755 2978 consuetudine
785 2920 900 2976 eluustro
953 2922 1089 2978 dientibus
1115 2920 1255 2991 discipulis
1280 2921 1407 2993 legisset,
1438 2930 1523 2977 tactus
1549 2922 1632 2978 nimio
1660 2922 1756 2979 dolore

99 3011 294 3070 canonicorum
311 3007 385 3063 abuti
399 3006 471 3062 soliti
487 3015 592 3072 esseut,
608 3005 645 3060 ita
657 3006 713 3074 iam
729 3021 824 3060 omnes
848 3019 899 3075 pe·
953 3010 1046 3066 cerdis
1070 3010 1240 3075 intrinsecus,
1271 3025 1306 3064 ex
1333 3010 1389 3065 imo
1417 3011 1534 3081 pectoris
1563 3013 1671 3067 trahens
1700 3013 1755 3067 alte

100 3100 173 3157 uitus
201 3098 264 3154 iude
292 3095 492 3162 eliminaverat,
508 3104 536 3150 ut
550 3111 585 3151 ue
599 3095 686 3166 ipsum
703 3093 811 3166 quidem
826 3095 900 3149 live·
930 3097 939 3122 ¹
955 3100 1090 3171 suspirie:
1111 3121 1121 3150 ι
1139 3100 1206 3166 lleu,
1224 3099 1318 3171 inquit,
1336 3116 1416 3170 quam
1433 3100 1538 3155 sortiter
1560 3099 1596 3155 ita
1620 3116 1670 3156 nos
1691 3116 1755 3171 pre-

105 3187 223 3254 rardum,
239 3185 457 3256 potentissimum
487 3184 609 3254 ejusdum
626 3183 701 3237 urbis
715 3183 901 3250 meledunum,
956 3189 1004 3244 mit
1018 3187 1170 3244 sententiat
1198 3190 1255 3244 baec
1268 3205 1362 3245 revera
1378 3197 1431 3244 tam
1447 3189 1556 3261 proprie
1569 3188 1634 3244 mibi
1651 3190 1756 3245 videtur

102 3275 302 3353 quicastellum
327 3273 538 3344 lioritaniaell),
555 3280 632 3328 eutea
647 3287 759 3343 prorsus
785 3273 902 3342 inexpu-
956 3278 1035 3332 nobis
1067 3293 1241 3349 congruere,
1267 3277 1343 3332 acsi
1367 3286 1479 3349 propter
1506 3293 1556 3334 nes
1582 3278 1754 3335 solummodo

105 3365 227 3440 gnebile,
252 3364 348 3420 eedem
378 3371 499 3434 tempore
524 3362 635 3417 militati
660 3360 817 3417 strenuitate
843 3360 902 3416 tio·
956 3365 1036 3422 iuuerit
1063 3366 1178 3437 scripta;
1208 3366 1280 3422 hunc
1308 3365 1440 3438 siquidem
1474 3365 1586 3423 fetidum
1621 3368 1754 3423 muudum

100 3455 188 3512 lenter
219 3461 329 3526 captum
354 3452 475 3508 dominio
495 3451 663 3508 Tornecensi
686 3450 837 3514 addiderat,
852 3465 902 3521 pro
955 3455 1192 3528 quantulocunque
1211 3454 1325 3510 scicntia
1348 3463 1439 3510 nostra
1465 3470 1665 3526 pemrnomns;
1694 3471 1755 3513 οω-

100 3542 259 3614 hujusmodi
285 3542 375 3597 causis
390 3558 440 3596 nec
453 3541 488 3597 ad
502 3541 599 3597 boram
617 3540 724 3612 quidem
740 3539 768 3594 in
782 3555 815 3595 eo
830 3539 901 3594 resi·
955 3545 1014 3600 lesti
1029 3560 1093 3600 vero
1108 3543 1198 3615 gloria
1208 3552 1268 3614 post
1284 3550 1398 3599 mortem
1410 3544 1485 3616 digni
1498 3560 1552 3600 nen
1564 3544 1675 3615 erimus,
1687 3562 1754 3619 quo·

100 3633 168 3689 dero
180 3630 356 3702 permitteret,
369 3630 432 3686 litei
445 3645 507 3686 tum
518 3628 617 3685 0¹1⁰(st
634 3642 688 3684 110ss
707 3644 804 3700 pamm
818 3626 902 3684 offen·
954 3635 1027 3690 niam
1049 3632 1152 3689 nullum
1167 3633 1225 3688 lieo
1240 3632 1380 3688 servitium
1402 3631 1526 3700 iacimus,
1542 3649 1593 3690 nec
1607 3633 1752 3691 scientium

101 3722 130 3779 di
144 3721 237 3779 sciret.
256 3720 330 3774 Nihil
353 3719 426 3775 enim
449 3719 540 3773 minus
564 3732 644 3788 quum
660 3717 773 3787 injustos
787 3716 900 3772 divitum
954 3732 1074 3778 nostrum
1090 3721 1117 3777 in
1132 3722 1189 3791 ejus
1204 3719 1338 3776 lemulatu
1352 3721 1540 3792 expendimus,
1555 3722 1603 3777 scd
1618 3722 1646 3776 in
1660 3722 1754 3779 saeculi

102 3811 148 3869 vel
161 3816 302 3884 petentum
330 3808 384 3863 iras
407 3806 634 3878 pertimescebat,
650 3821 836 3878 mognumque
849 3805 901 3861 de·
955 3811 1071 3868 vanitate
1097 3825 1147 3880 pro
1175 3808 1313 3865 mundano
1327 3808 1406 3865 laude
1418 3810 1489 3866 male
1502 3810 1560 3881 ipsa
1575 3810 1721 3866 abutimur.
1740 3835 1751 3861 o

102 3901 187 3958 decus
204 3898 251 3956 viri
265 3897 397 3969 sapientis
425 3912 485 3952 esse
512 3895 629 3964 dicebat,
645 3894 667 3950 si
681 3910 732 3965 pro
749 3893 842 3950 lavore
857 3895 901 3950 vel
954 3897 1002 3952 llis
1030 3895 1110 3953 dictis
1137 3895 1271 3964 surrexit,
1301 3901 1426 3966 totusque
1463 3894 1590 3966 lucrymis
1626 3894 1755 3968 perfusus

100 3989 192 4063 gretie
206 3987 359 4060 principum
372 3985 416 4044 vel
430 3984 596 4041 modicuma
610 3984 714 4039 tremite
733 3982 902 4040 rectitudinis
955 3984 1097 4043 ecclesiam
1118 3984 1240 4040 intravit.
1264 3984 1330 4039 Tote
1345 3983 1433 4040 subito
1448 3984 1542 4040 sobole
1556 3983 1687 4052 turbetur,
1703 4000 1754 4042 ou·

99 4078 228 4135 declinet.
249 4077 301 4132 Pro
325 4074 421 4131 talibus
436 4090 502 4147 ergo
514 4073 636 4129 moribus
650 4088 705 4128 nen
720 4072 808 4128 solum
821 4088 836 4127 e
851 4087 899 4128 ce·
955 4073 1119 4130 nouicorum
1134 4073 1214 4129 etiam
1229 4080 1378 4130 conventus
1397 4071 1577 4128 admiratione
1591 4072 1674 4129 nimia
1688 4089 1756 4131 cou-

99 4165 213 4233 nonicis,
234 4180 326 4220 vemm
354 4171 381 4218 et
409 4163 444 4219 eb
471 4164 531 4232 ipso
559 4161 659 4218 domno
688 4160 812 4228 lisbodo,
838 4168 901 4217 tunc
955 4163 1062 4219 cutitur.
1089 4162 1153 4217 l‘ost
1167 4163 1226 4218 boec
1244 4177 1310 4235 ergo
1332 4161 1461 4231 paulatim
1476 4161 1559 4234 coepit
1574 4178 1637 4218 seso
1651 4162 1754 4219 sobolis

99 4253 229 4327 temperis
258 4253 380 4322 ejusdem
404 4251 481 4307 urbis
504 4249 653 4308 venerabili
677 4250 817 4321 episeopo,
832 4265 900 4305 cun-
954 4251 1105 4319 absentare,
1122 4249 1263 4306 ecclesium
1288 4250 1348 4321 plns
1372 4249 1451 4306 solito
1475 4249 1655 4320 frequentare,
1672 4267 1755 4323 pecu·

102 4344 205 4414 ovisque
219 4342 324 4399 civibus
339 4340 513 4412 diligebatur,
530 4339 681 4409 meritoque
705 4339 899 4394 bonorebetur.
955 4341 1026 4394 nium
1042 4350 1237 4412 congregatam
1252 4339 1379 4395 omnibus
1393 4339 1504 4411 quidem
1517 4340 1691 4411 pauperibus,
1704 4340 1754 4396 sed

101 4432 231 4504 Quamvis
259 4439 347 4486 autent
374 4429 496 4485 nonnulli
517 4429 636 4485 dicerent
650 4445 712 4483 curn
727 4428 796 4482 bunc
811 4420 1074 4485 distri-Dmuxime
1102 4429 1207 4484 clericis
1232 4428 1374 4499 egentibus
1394 4445 1518 4498 erogore,
1532 4428 1753 4499 jejuniorumri-

102 4524 218 4580 ctionem
247 4536 304 4574 nen
328 4534 457 4573 exercere
475 4533 557 4573 ceusu
572 4516 724 4588 religionis,
741 4517 788 4570 sed
805 4516 898 4585 petius

100 4623 218 4694 antiquae
245 4618 424 4690 philosophice
451 4615 670 4679 consuetudinis,
700 4614 780 4668 facile
809 4622 898 4668 temen

101 4711 185 4766 lector
213 4708 427 4763 animadvertere
450 4711 539 4775 potest
566 4702 719 4772 eujusmodi
747 4710 806 4773 post
834 4718 898 4757 con·

98 4799 257 4855 versionem
276 4795 365 4862 luerit,
382 4809 460 4865 quem
476 4793 504 4846 iu
518 4793 573 4848 vita
587 4790 709 4847 soeculari
737 4790 804 4845 tenti
830 4806 898 4845 con·

100 4896 156 4946 slat
185 4886 267 4941 luisse
291 4884 405 4956 rigoris.
429 4881 482 4937 Sed
498 4880 555 4951 jum
573 4880 661 4935 dehis
676 4880 779 4949 quaein
794 4879 898 4934 subolis

99 4976 187 5051 gessit
213 4976 272 5030 brec
299 4972 400 5028 dixisse
428 4968 551 5038 sufficiat,
567 4983 638 5025 nunc
652 4968 687 5024 ed
702 4967 762 5038 ejus
783 4982 896 5024 conver·

98 5065 184 5123 sionis
197 5062 339 5120 veniemus
354 5059 475 5116 exordia.

128 5157 155 5211 i.
176 5153 244 5209 Cum
272 5149 373 5207 scholae
392 5147 562 5205 'fornacensi
585 5146 643 5203 lere
667 5161 717 5219 per
742 5146 896 5220 quinquen·

133 5331 180 5398 (ab
197 5328 330 5388 ddcrdus.
348 5326 409 5383 Non
418 5324 704 5450 igiturerpuupendus
718 5332 762 5406 est·
774 5341 808 5381 ex
822 5333 897 5390 ceta·

95 5403 169 5530 ilpegp1
184 5395 589 5528 Β(ἐξειᾶιοειὸείῖἐλΕρίεεοροευηι0
610 5395 692 5452 ardus
719 5412 818 5468 episc,
833 5411 895 5454 cum

126 5563 603 5642 (tptortvootu,rutgotlortotpoe,
611 5566 643 5622 ud
655 5565 892 5638 Scaldimtiumeu,

951 4534 1047 4590 gorem
1063 4526 1205 4584 attentare,
1222 4519 1257 4571 itu
1284 4527 1313 4571 ut
1336 4517 1474 4572 multoties
1495 4533 1592 4585 punirem
1606 4533 1699 4589 pugno
1714 4517 1756 4571 in·

952 4602 1082 4669 cludens,
1099 4609 1125 4656 et
1140 4601 1212 4671 quod
1227 4602 1349 4656 exterius
1369 4602 1505 4656 eminebat
1528 4601 1636 4656 cultello
1656 4603 1754 4672 proeci·

952 4691 1030 4758 dens,
1047 4706 1100 4746 non
1116 4691 1176 4761 plus
1191 4691 1225 4745 ed
1240 4690 1438 4746 comedendum
1460 4690 1588 4745 retineret
1617 4706 1698 4759 quam
1725 4690 1753 4744 in

952 4795 1046 4852 pugne
1060 4780 1235 4834 remansisset
1251 4795 1257 4831 :
1276 4787 1302 4834 et
1317 4794 1379 4835 ecce
1404 4779 1485 4834 berne
1508 4779 1644 4848 quondam
1674 4778 1754 4834 lactei

952 4869 1079 4926 conderis
1099 4867 1305 4939 corpulentique
1332 4868 1445 4934 nitoris,
1472 4867 1561 4924 subito
1587 4867 1753 4938 jeiuniemm

952 4959 1133 5014 maceratione
1147 4958 1269 5025 attritus,
1298 4956 1324 5011 iu
1352 4966 1454 5011 tantum
1478 4972 1569 5012 macer
1597 4964 1623 5012 et
1651 4956 1752 5026 tenuis,

951 5046 1112 5119 ossibusque
1127 5045 1342 5118 prominentibus
1357 5046 1455 5112 siccus,
1470 5052 1497 5100 et
1512 5045 1588 5100 exilis
1602 5045 1669 5100 iutra
1686 5059 1752 5117 pau·

950 5151 998 5194 ees
1012 5136 1072 5193 dies
1087 5136 1209 5193 redditus
1223 5141 1275 5204 est,
1288 5142 1317 5190 ut
1331 5133 1365 5189 ab
1380 5133 1423 5190 his
1437 5133 1483 5204 qui
1497 5149 1561 5190 eum
1576 5133 1668 5192 videre
1682 5148 1751 5191 con·

949 5312 1104 5379 Tomacum
1126 5312 1196 5369 inter
1222 5320 1248 5369 et
1274 5310 1405 5384 oppidum
1418 5310 1447 5368 S.
1463 5309 1579 5369 tmandi
1591 5311 1746 5369 lilnooens.

949 5385 1019 5442 llinc
1046 5384 1176 5441 liverardi
1205 5399 1378 5442 successores
1409 5398 1510 5442 nomen
1537 5381 1572 5441 dc
1596 5376 1751 5459 tortorque

948 5463 1166 5528 assumpserunt.
