3728 6000
174 242 227 298 err
531 194 535 201 ¹
682 235 873 293 nntttuttn
893 233 1038 293 ioannis
1058 238 1088 293 e.
1108 230 1325 295 nuuooonrnr
1397 188 1401 193 ¹
1775 238 1831 294 ets

173 374 287 423 sonante
309 381 369 419 esso
391 362 502 431 dietum,
532 361 622 433 major
648 357 749 417 serviet
778 360 885 429 minori,
914 360 969 416 ait:
985 364 1016 427 A
1031 362 1133 417 Pharao
1162 368 1286 419 servatus
1306 369 1362 429 eat,
1378 362 1448 419 siout
1475 361 1515 419 rei
1528 361 1615 418 exitus
1628 360 1729 418 docuit.
1746 362 1831 418 Deni-

209 454 401 522 Vens.15,1d.
418 475 469 501 -u
483 449 973 522 hloysesenimdieitllr'aodnxxtu):
1030 465 1085 521 que
1099 449 1134 505 ad
1145 454 1293 521 utrumque
1308 451 1462 508 concludit:
1480 451 1537 507 «Et
1549 450 1593 506 eui
1603 449 1661 507 vult
1673 449 1828 517 miseretur,

174 542 329 598 hliserebor
343 540 422 610 cujus
436 539 602 605 miserebor;
619 544 646 594 et
668 537 883 593 misericordiam
898 553 974 608 prae·
1029 547 1149 609 atquem
1173 540 1231 595 rnlt
1246 538 1366 595 indurat.
1385 561 1396 591 ι
1414 540 1471 597 iloo
1501 538 1566 596 feeit
1580 538 1654 611 apud
1675 555 1758 611 quern
1775 555 1830 595 non

176 633 273 699 stabo,
290 631 367 701 oujue
382 629 509 684 misertus
523 644 579 683 ero.
589 626 737 699 lgiturnon
746 625 871 692 nolentis,
886 641 976 698 neque
1029 636 1070 683 eat
1084 626 1221 700 iniqnitas.
1237 628 1380 685 Miseretur
1393 628 1486 702 utique
1500 626 1619 701 gratuito
1632 627 1721 694 dono;
1737 627 1832 684 obdu-

71 730 74 735 “
174 719 323 784 surrentis;
339 718 387 774 sed
402 717 559 774 miserentis
580 723 623 771 ast
643 715 702 771 Dei.
723 738 733 763 u
751 714 802 771 Ubi
824 730 895 769 nuno
914 730 976 771 me·
1029 724 1071 771 rat
1083 724 1172 772 autern
1177 716 1331 785 justissimo
1341 716 1448 773 merito.
1464 717 1518 773 Sed
1529 716 1603 772 dieat
1612 716 1702 772 adhue
1711 716 1831 788 superba

173 811 242 874 rita;
259 809 307 864 ubi
323 822 397 863 nuno
412 821 507 878 opere,
522 804 565 863 nel
581 805 730 877 praeterita,
746 804 791 859 rel
803 804 900 871 lutura,
918 811 977 858 tan·
1030 811 1057 861 et
1066 803 1185 860 infidelis
1200 805 1293 874 elatio,
1311 806 1355 862 rel
1368 806 1456 878 puniti
1484 804 1647 860 damnabilis
1670 805 1829 861 excusatio:

173 914 251 969 quam
275 897 380 951 viribus
399 895 505 950 arbitrii
520 895 555 950 ad
565 893 685 965 impleta,
702 893 759 948 sive
782 892 976 964 adimplendu‘.l
1067 894 1150 949 Vens.
1168 897 1212 949 te.
1227 924 1261 935 -
1280 915 1292 947 r
1309 893 1383 963 Quid
1399 895 1489 950 adhue
1511 893 1662 965 quaeritur?
1685 893 1758 949 Nam
1779 908 1829 949 vo-

172 988 302 1057 Apertam
332 985 481 1055 Apostolus
506 982 656 1055 praeposuit
671 981 852 1053 degratuitae,
870 983 978 1036 hooest
1029 980 1123 1037 luntni
1151 983 1210 1051 eius
1237 982 1298 1053 quis
1326 983 1427 1039 resistit
1443 987 1477 1038 r»
1507 982 1586 1038 Dioat
1610 983 1673 1048 hoo,
1688 989 1715 1038 et
1736 981 1831 1037 audiat

171 1090 245 1132 rerae
259 1074 358 1147 gratier
378 1072 613 1130 commendatione
642 1071 817 1125 sententiam.
845 1069 885 1125 lle
914 1070 976 1140 ipsa
1028 1072 1099 1141 quod
1127 1072 1252 1129 convenit
1275 1071 1387 1129 homini.
1419 1094 1431 1122 ι
1462 1069 1485 1127 0
1513 1072 1607 1137 horno,
1633 1077 1662 1126 tu
1680 1071 1742 1143 quis
1757 1086 1826 1139 es,-

172 1164 248 1220 enim
263 1163 356 1235 gratia
371 1163 436 1217 satis
451 1160 551 1233 agebat
565 1158 726 1230 Apostolus,
737 1166 763 1213 ei
777 1157 840 1214 ideo
855 1158 974 1229 promis·
1028 1167 1058 1215 ut
1073 1182 1084 1208 ι
1102 1161 1267 1231 respondeas
1294 1163 1397 1217 neor»
1428 1159 1530 1216 Audiat
1554 1161 1614 1228 hoo,
1630 1167 1657 1214 et
1685 1173 1742 1215 non
1757 1174 1829 1215 oon-

171 1253 256 1309 sionis
275 1250 344 1307 tilios
362 1249 608 1306 commemorabat.
634 1247 713 1315 Quod
743 1247 815 1303 enim
843 1246 975 1319 promittit
1027 1251 1144 1305 temnat.
1161 1248 1494 1320 Quodsioontempaerit,
1507 1249 1589 1304 etiam
1607 1248 1635 1303 in
1646 1250 1697 1303 hoe
1712 1256 1741 1302 ut
1754 1263 1828 1304 eon-

170 1342 256 1407 Deus,
273 1339 400 1396 noniarit
415 1339 468 1393 nisi
484 1339 571 1393 Deus.
597 1336 800 1392 commendans
822 1351 889 1409 ergo
903 1334 975 1390 filios
1028 1344 1169 1403 temneret,
1185 1338 1291 1394 seseiat
1305 1338 1488 1404 obduratum
1510 1338 1534 1392 si
1553 1344 1646 1392 autern
1675 1352 1730 1393 non
1758 1351 1830 1393 oon·

170 1428 372 1502 promissionis,
385 1429 437 1482 hoo
451 1426 570 1497 primum
595 1424 714 1480 ostendit
728 1423 911 1495 significatum
926 1438 976 1494 per
1028 1425 1178 1497 tempserit,
1194 1426 1278 1483 etiam
1293 1433 1323 1482 ut
1337 1442 1392 1482 non
1404 1433 1599 1490 contemneret,
1617 1441 1648 1480 se
1655 1425 1760 1492 eredat,
1776 1424 1832 1480 ad-

171 1521 250 1575 lsaao
263 1517 347 1573 lilium
363 1513 658 1571 Abrahaellridontius
669 1512 770 1583 quippe
781 1521 892 1583 apparet
903 1527 974 1582 opus
1025 1515 1126 1584 jotum,
1142 1515 1191 1570 sed
1200 1515 1294 1571 debito
1308 1515 1483 1581 obduratum,
1499 1515 1589 1585 gratis
1604 1514 1735 1584 adiutum.
1752 1512 1832 1582 Quo-

171 1606 223 1664 Dei
236 1605 264 1661 in
280 1621 313 1661 eo
328 1620 409 1675 quem
431 1618 485 1658 nou
513 1602 608 1674 genuit
633 1601 748 1655 usitatus
775 1601 842 1657 ordo
870 1608 973 1655 neturae
1026 1621 1088 1661 nam
1105 1623 1135 1662 se
1152 1605 1195 1660 isti
1218 1606 1389 1661 excusabunt
1413 1603 1519 1660 modo?
1533 1603 1640 1674 Nempe
1663 1602 1723 1670 illo,
1745 1617 1831 1672 quem

170 1695 206 1751 de
221 1693 361 1751 sterilibus
376 1691 526 1748 visceribus
547 1698 574 1745 et
588 1696 729 1744 senectute
748 1687 888 1752 coniectis,
905 1696 934 1743 ut
945 1689 1012 1779 inB
1028 1695 1149 1751 breviter
1174 1702 1299 1765 tanquam
1329 1709 1362 1750 ex
1389 1708 1481 1749 eorum
1497 1707 1565 1748 voce
1579 1691 1631 1746 sibi
1643 1690 1744 1759 obieoit
1758 1693 1834 1760 dpu-

172 1782 235 1838 iiliis
249 1783 309 1847 Dei,
326 1782 374 1852 qui
388 1779 469 1835 futuri
495 1777 751 1850 praenuntiabantur
769 1775 842 1849 qnod
858 1776 907 1831 lilii
922 1776 972 1832 Dei
1026 1783 1123 1850 stolus,
1135 1791 1163 1838 ur
1177 1782 1268 1838 dicant
1284 1798 1290 1837 :
1310 1804 1320 1829 a
1339 1781 1410 1850 Quid
1425 1781 1513 1837 adhue
1527 1780 1677 1852 quaeritur?
1691 1779 1830 1835 Voluntati

172 1878 278 1941 essent,
301 1886 356 1926 non
382 1869 492 1925 humani
517 1869 620 1940 operia,
643 1866 691 1921 sed
706 1865 790 1921 divini
804 1881 865 1922 esse
888 1881 971 1921 mon·
1026 1872 1097 1926 enirn
1112 1870 1245 1942 ejusquis
1260 1871 1383 1925 resistit‘i
1400 1891 1411 1917 υ
1429 1870 1463 1924 Et
1476 1868 1499 1924 si
1513 1868 1573 1924 illos
1588 1882 1643 1923 non
1670 1867 1755 1939 pudet
1778 1868 1831 1923 hae

172 1968 316 2025 stauretur,
344 1967 424 2031 atque
447 1957 607 2013 utinensis
634 1955 705 2025 aptis
719 1955 747 2008 in
762 1954 910 2020 interitum,
927 1953 973 2025 qui
1026 1960 1197 2016 excusatione
1212 1974 1266 2014 non
1279 1958 1366 2025 nobis,
1383 1958 1431 2013 sed
1452 1956 1584 2029 Apostolo
1622 1955 1808 2012 contradicere
1823 1973 1832 2023 ;

172 2049 309 2105 dumnetae
321 2063 418 2103 massae
435 2045 542 2101 debitus
558 2051 607 2111 est,
626 2049 776 2116 agnoscant
792 2058 858 2097 tosa
873 2059 907 2098 tx
921 2057 972 2098 ot·
1026 2064 1137 2104 cunnos
1152 2048 1244 2119 pigeat
1258 2047 1330 2119 quod
1345 2045 1718 2118 dioitltpostolushoeidem
1748 2052 1834 2116 atque

171 2138 235 2195 dem
251 2153 341 2193 messa
356 2136 527 2192 inhonorem
543 2134 625 2199 laeta,
642 2131 708 2202 quid
722 2130 762 2187 eis
781 2131 972 2187 misericordia
1025 2136 1174 2192 identidem
1188 2135 1305 2191 dieere‘?

170 2227 263 2285 divina
277 2225 380 2297 largita
394 2224 438 2279 ait.
1061 2226 1148 2281 Vnus.
1159 2226 1204 2292 dt),
1224 2228 1268 2281 21.
1280 2256 1315 2265 -
1332 2224 1375 2281 «0
1400 2225 1492 2289 homo,
1509 2230 1537 2278 tu
1548 2222 1614 2296 quis
1625 2239 1664 2292 es,
1680 2245 1692 2271 r
1709 2229 1739 2278 ut
1754 2243 1766 2271 ι
1782 2238 1829 2278 re-

207 2315 427 2370 V8t8·17·-⁴=
444 2311 514 2366 Dicit
533 2310 616 2375 enlm,
632 2307 729 2381 inquil.
745 2309 884 2380 Scriptura
897 2308 971 2364 Pht·
1026 2314 1163 2386 spondeas
1175 2315 1234 2368 Deo
1244 2315 1258 2366 ‘l
1268 2311 1398 2383 Nunquid
1413 2312 1478 2367 dioit
1501 2310 1662 2385 figmentum
1680 2310 1707 2367 ei
1726 2310 1774 2383 qui
1796 2328 1827 2366 se

171 2405 249 2459 raoni
264 2401 363 2472 (deod.
380 2400 419 2471 tx)
439 2415 444 2453 :
467 2398 538 2468 Quia
552 2399 581 2452 in
605 2398 657 2453 hoo
687 2398 773 2469 ipsum
796 2397 911 2453 excitavi
934 2404 970 2480 te,
1025 2402 1127 2458 finxit:
1144 2402 1214 2472 Quid
1230 2418 1274 2456 me
1286 2401 1373 2458 iecisti
1382 2401 1493 2457 sioldn
1501 2416 1556 2457 non
1571 2400 1652 2455 habat
1658 2407 1826 2471 potestatem

170 2498 201 2549 ut
227 2491 369 2547 ostendam
399 2488 426 2542 in
441 2495 468 2542 te
496 2486 621 2542 virtutem
636 2501 734 2554 meam,
751 2493 777 2540 et
800 2484 973 2541 annuntietur
1024 2491 1125 2565 figulus
1138 2491 1186 2547 tuti
1200 2508 1234 2546 ex
1248 2492 1345 2546 eadem
1360 2504 1461 2559 massa,
1480 2512 1491 2538 ι
1509 2490 1602 2562 utique
1618 2489 1716 2544 merito
1735 2496 1829 2544 recte-

171 2595 271 2636 nomen
296 2594 389 2633 meum
418 2576 445 2631 in
473 2574 600 2630 universa
627 2582 738 2630 terre.»
768 2574 879 2629 Nullum
898 2573 971 2630 enim
1024 2581 1227 2652 quedamnatu‚
1243 2598 1254 2631 ι
1272 2578 1704 2635 laeerealiudvasinhonorem
1722 2600 1733 2624 a
1751 2576 1830 2633 inde-

170 2670 243 2724 Deus
259 2667 418 2740 angelorum
434 2665 476 2720 vel
491 2664 761 2729 hominumorearet,
779 2678 858 2733 quem
869 2662 971 2718 malum
1023 2669 1119 2735 bitum,
1144 2676 1258 2741 propter
1283 2666 1478 2723 misericordiae
1507 2666 1667 2738 gratiam«
1697 2664 1773 2720 aliud
1801 2665 1832 2720 in

171 2766 291 2823 futurum
316 2779 376 2819 esse
400 2761 550 2833 praesc-iret,
565 2760 616 2816 nisi
631 2760 732 2831 pariter
751 2767 844 2816 nosset
872 2760 970 2831 quibus
1023 2765 1226 2831 contumeliam,
1259 2790 1270 2813 υ
1300 2764 1421 2820 debitum
1449 2771 1562 2835 propter
1599 2763 1646 2818 irae
1669 2761 1831 2831 justitiam?

171 2879 221 2920 eos
236 2864 370 2918 bonorum
380 2859 539 2915 utilitatibus
553 2859 750 2928 commodaret,
765 2866 845 2930 atque
869 2858 907 2913 ite
925 2874 969 2913 or·
1024 2863 1160 2932 Quantum
1175 2862 1209 2918 ad
1222 2862 1355 2933 justitiam
1371 2869 1476 2932 spectat
1495 2868 1521 2916 et
1536 2859 1664 2934 gratiam,
1675 2865 1767 2930 potest
1781 2874 1830 2915 re·

171 2960 262 3016 dinem
278 2958 441 3015 saeeulorum
456 2955 969 3028 qnasipulcherrimumearmen,etiam
1023 2966 1067 3014 ote
1080 2958 1135 3014 diei
1151 2965 1178 3014 et
1191 2957 1226 3013 de
1241 2973 1288 3013 reo
1303 2957 1348 3029 qui
1363 2956 1494 3011 liberatur
1507 2965 1534 3011 et
1548 2956 1582 3011 de
1603 2970 1650 3012 reo
1672 2955 1719 3024 qui
1746 2953 1829 3009 darn-

171 3072 204 3112 ex
216 3055 376 3127 quibusdam
391 3054 527 3111 antithetis
542 3054 715 3110 honestaret.
735 3054 855 3110 Utonim
870 3069 969 3119 annun,
983 3079 1009 3143 G
1024 3064 1108 3110 natur
1123 3072 1129 3109 :
1149 3077 1160 3102 a
1176 3054 1252 3110 Tolle
1267 3052 1340 3126 quod
1362 3059 1437 3107 tuum
1453 3058 1503 3121 est,
1520 3059 1546 3108 et
1561 3051 1631 3107 vade
1646 3051 1756 3121 (narrt.
1769 3052 1827 3120 xx).

170 3154 283 3211 tieretur
297 3170 397 3210 nomen
420 3153 470 3209 Dei
497 3152 523 3206 in
543 3153 670 3208 universa
688 3160 768 3218 terra,
791 3151 862 3207 rasis
877 3151 968 3224 utique
1022 3153 1055 3208 Et
1068 3152 1131 3209 huie
1145 3152 1209 3208 volo
1224 3152 1296 3223 quod
1319 3151 1435 3207 debetur
1448 3150 1561 3209 donare.
1573 3152 1616 3206 An
1631 3164 1686 3206 non
1701 3148 1772 3205 rnihi
1790 3149 1825 3204 li·

170 3252 368 3311 misericordiae
381 3251 524 3322 proderat.
540 3250 583 3305 Ad
610 3264 707 3306 eorum
730 3264 798 3322 ergo
825 3248 968 3305 utilitatem
1022 3255 1064 3304 oet
1078 3250 1169 3306 faeere
1184 3246 1353 3320 quodvolo‘i

766 3616 930 3713 LIBER
974 3617 1211 3718 SEXTUS.

901 3853 1080 3869 ..Μή-ἠ

370 3999 550 4069 SEQUlTUR
569 3997 687 4055 CAPUT
706 3998 759 4052 1x.
1020 4000 1078 4056 dita
1103 4007 1145 4058 est
1174 4003 1276 4058 homini
1297 4011 1399 4076 quante
1425 4003 1520 4061 debuit
1545 4005 1649 4062 homini
1666 4024 1673 4063 :
1688 4023 1721 4064 ao
1734 4010 1758 4065 si
1772 4010 1821 4065 di·

205 4087 292 4148 Vana.
308 4089 407 4145 iri-til.
423 4086 553 4156 -Quod
570 4109 581 4135 u
599 4087 624 4142 si
634 4086 728 4143 rolens
739 4088 813 4142 Deus
822 4087 966 4144 ostendere
1020 4094 1119 4145 eeret:
1139 4091 1179 4146 Tu
1204 4091 1264 4161 quis
1285 4107 1325 4161 es,
1351 4094 1397 4165 qui
1426 4094 1595 4164 respondeas
1619 4095 1700 4154 Deo?
1719 4097 1743 4152 si
1766 4115 1820 4155 ro·

168 4179 238 4236 iram
253 4193 339 4244 sunm,
351 4185 378 4233 et
400 4184 493 4232 notam
521 4176 612 4232 lacere
638 4175 785 4246 potentiam
809 4190 895 4242 suam,
923 4193 966 4232 su·
1019 4175 1080 4233 lena
1095 4178 1169 4234 Deus
1195 4179 1340 4237 ostendere
1368 4182 1447 4247 iram,
1459 4190 1486 4238 et
1513 4183 1698 4241 demonstrare
1719 4190 1821 4257 poten·

169 4267 262 4324 stinuit
289 4266 316 4321 in
332 4266 417 4321 multa
440 4265 571 4336 patientie
599 4263 727 4321 reseirae
743 4273 807 4335 apta
825 4265 852 4319 in
867 4265 965 4321 interi·
1020 4265 1084 4322 tiam
1112 4282 1200 4337 auem,
1226 4269 1299 4338 quod
1328 4277 1355 4325 et
1381 4270 1459 4327 malis
1482 4272 1552 4328 hene
1577 4274 1698 4344 optimus
1732 4278 1822 4346 possit

167 4355 441 4426 tum,utostenderet
458 4354 566 4410 divitias
582 4353 745 4425 gloriaesuae
760 4353 865 4409 invase
879 4354 965 4410 miae·
979 4355 1070 4444 Dnti,
1100 4355 1180 4411 malis
1207 4356 1335 4413 duntaxat
1374 4373 1430 4413 non
1459 4360 1614 4416 conditione
1646 4361 1748 4431 divina,
1769 4365 1819 4421 sed

167 4444 385 4513 rioordiae;quae
404 4441 569 4512 praepuravit
584 4441 865 4513 ingloriamquoset
880 4457 965 4498 roca·
1021 4441 1115 4498 vitiata
1151 4443 1296 4499 voluntatis
1324 4444 1466 4517 iniquitate
1494 4456 1601 4515 nature,
1630 4466 1692 4521 quae
1719 4452 1819 4508 alteo

167 4531 427 4601 vit,nonsolumex
447 4529 556 4597 Judaeis,
576 4530 625 4585 sed
648 4529 731 4586 etiem
755 4545 787 4585 ex
802 4529 962 4602 gentibus»
1018 4529 1331 4589 eonditoreoonditeost
1348 4534 1429 4601 hona,
1445 4536 1573 4591 sustinuit
1600 4537 1629 4592 in
1657 4540 1741 4596 multa
1763 4557 1818 4612 pa·

164 4621 359 4690 subauditum«
381 4627 408 4674 tu
430 4617 554 4691 quises,
579 4617 624 4687 qui
639 4617 808 4688 respondeas
821 4617 888 4687 Deo,
907 4641 918 4667 u
936 4627 965 4674 ut
1018 4617 1112 4674 tientia
1135 4635 1200 4675 rasa
1222 4620 1271 4676 irae
1299 4630 1360 4693 apta
1388 4623 1416 4677 in
1438 4624 1587 4693 interitum,
1608 4643 1663 4683 non
1690 4629 1764 4701 quod
1780 4630 1820 4685 illi

166 4719 319 4769 recurrente
345 4708 481 4765 sententie
503 4707 537 4763 ad
566 4706 649 4763 rerba
679 4707 821 4778 superiore
852 4708 904 4762 iste
932 4707 966 4762 sit
1018 4710 1287 4777 essentneoesseria,
1304 4711 1362 4767 sive
1384 4713 1520 4784 angelica,
1536 4713 1594 4770 sive
1613 4717 1730 4772 humana
1748 4735 1818 4789 pee-

164 4816 261 4856 sensua
278 4815 284 4855 :
301 4800 330 4854 Si
351 4797 447 4853 volens
467 4797 539 4851 Deus
564 4795 706 4851 ostendere
734 4795 811 4864 iram,
839 4796 965 4852 sustinuit
1017 4805 1085 4864 eata,
1102 4797 1146 4853 oui
1160 4813 1212 4854 neo
1224 4799 1327 4869 justitie
1340 4798 1499 4872 cujusquam
1514 4811 1554 4858 est
1573 4805 1728 4862 necessaria
1745 4809 1818 4877 ,sed

164 4903 231 4945 rasa
242 4887 299 4953 irae,
315 4895 342 4941 tu
357 4886 416 4955 quis
431 4899 470 4950 es,
487 4883 532 4953 qui
547 4883 716 4954 respondeas
731 4882 813 4938 Deo?
827 4883 891 4940 Non
908 4900 961 4940 au·
1016 4892 1047 4940 ut
1059 4894 1137 4942 notes
1152 4885 1255 4943 iaceret
1268 4887 1375 4944 divitias
1389 4888 1484 4961 gloriae
1498 4907 1553 4947 suae
1570 4891 1598 4947 in
1613 4908 1681 4949 vasa
1707 4896 1816 4952 miseri-

164 4985 220 5033 tem
235 4975 323 5031 solum
351 4973 449 5029 volens
475 4971 621 5028 ostendere
644 4971 794 5043 potentiam
810 4987 900 5041 suurn,
913 4974 962 5029 sed
1015 4970 1129 5039 cordiae,
1142 4987 1177 5027 ne
1192 4987 1221 5026 ae
1236 4970 1265 5026 in
1275 4971 1495 5044 bonisoperibus
1506 4983 1632 5048 tanquam
1646 4978 1682 5034 de
1696 4981 1817 5051 propriis

163 5066 244 5124 etiam
259 5064 330 5135 quod
346 5061 479 5136 seqnitur,
493 5065 522 5115 ut
532 5068 612 5117 notas
626 5060 708 5116 iaciat
730 5060 839 5116 divitias
864 5062 961 5131 gloriar
1015 5058 1178 5115 extollerent
1191 5059 1306 5124 viribus,
1318 5061 1366 5117 sed
1385 5063 1523 5121 humiliter
1545 5065 1735 5140 intelligerent,
1763 5069 1817 5125 nisi

161 5171 219 5211 suae
232 5153 259 5207 in
273 5166 343 5208 reae
356 5149 559 5215 misericordiae,
578 5165 639 5221 quae
667 5149 833 5220 praeparevit
855 5149 882 5204 in
896 5150 960 5222 glo·
1011 5145 1068 5202 illis
1082 5147 1133 5203 Dei
1146 5149 1238 5220 gratia
1252 5164 1308 5204 non
1322 5149 1423 5218 dehita,
1440 5151 1489 5208 sed
1514 5157 1629 5225 gratuita
1645 5157 1814 5227 subveniret,

160 5241 242 5299 riam.
262 5240 333 5309 Quid
346 5239 423 5294 enim
437 5238 558 5310 prodest,
575 5237 647 5294 vasis
671 5237 741 5309 aptis
767 5236 794 5292 in
808 5237 957 5307 interitum,
1014 5234 1042 5291 id
1057 5235 1144 5292 luisse
1159 5236 1327 5293 reddendum
1344 5240 1449 5295 meritis
1463 5241 1706 5315 suisquodaliisin
1717 5246 1814 5304 eadem

162 5325 234 5397 quod
249 5338 282 5380 ea
309 5325 442 5394 patienter
465 5323 539 5377 Deus
566 5321 690 5389 sustinet,
707 5328 736 5376 ut
762 5321 887 5377 ordinate
901 5322 959 5378 dis·
1013 5339 1102 5380 massa
1116 5324 1251 5381 redditum
1265 5335 1409 5383 cernerent
1427 5345 1434 5383 :
1450 5331 1543 5386 oaeteri
1569 5341 1659 5389 autern
1688 5336 1816 5393 homines

161 5411 265 5485 perdat,
281 5418 422 5481 utaturque
437 5410 476 5464 eis
498 5409 534 5465 ad
562 5409 770 5464 instrumentum
789 5408 884 5464 salutis
908 5426 958 5468 eo·
1013 5412 1047 5469 ad
1061 5413 1139 5469 istam
1152 5414 1309 5471 serietatem
1324 5431 1379 5472 non
1393 5417 1571 5487 pertinentes,
1587 5439 1703 5494 quorum
1723 5432 1814 5481 tamen

163 5515 224 5558 rum
240 5514 355 5570 quorum
370 5498 533 5554 miseretur?
548 5496 602 5553 Sed
616 5497 671 5552 illis
686 5499 780 5570 utique
796 5498 909 5569 prodest
923 5499 957 5554 ad
1013 5508 1040 5557 et
1066 5503 1185 5558 animam
1214 5511 1241 5559 et
1268 5519 1367 5577 oorpua
1394 5504 1445 5561 Dei
1463 5506 1572 5565 bonitas
1597 5520 1710 5583 operate
1724 5510 1817 5584 est,et

160 5604 275 5664 quorum
283 5587 398 5646 niuem
416 5587 455 5647 sio
477 5582 533 5643 iliis
546 5584 637 5643 utitor.
652 5586 725 5644 Eone
745 5592 774 5644 et
800 5584 869 5645 ratio
897 5586 957 5646 red·
1012 5589 1144 5663 quidquid
1170 5591 1253 5650 hebet
1278 5592 1338 5666 ipsa
1362 5598 1461 5653 natura
1481 5604 1583 5669 prater
1608 5598 1718 5672 tritium,
1738 5601 1815 5678 quod
