3728 6000
95 239 146 296 lib

477 225 602 287 annurt
621 224 827 285 cenomanni
845 220 1148 283 snuuttttncttrtsc.
1166 220 1282 280 -htm
1301 221 1339 281 li.

1695 225 1747 282 lib

25 328 29 335 ,
95 377 196 436 papam
222 359 348 420 salutant.
373 371 434 412 sese
455 354 525 412 fliius
549 362 576 409 et
602 351 759 408 obedientes
781 350 890 405 droun·
904 354 931 413 A
946 347 1154 405 ctoritatisriri.
1170 346 1350 417 thnoniam
1373 363 1425 404 uos
1443 346 1555 406 utilitati
1571 355 1743 417 posterorum

97 455 178 514 ciant.
200 448 331 505 atiiiliiim
348 456 443 501 contra
460 443 603 500 Christiani
620 440 737 495 nominis
756 438 893 508 inimicos,

97 548 124 597 et
138 539 281 611 regionum
296 535 401 589 illarum
417 534 559 589 invasores
578 530 722 585 llorabites
737 528 896 600 suppliciter

97 628 259 701 efflagitant.
280 626 397 679 Fuerunt
415 621 549 693 siquidem
572 627 600 674 et
614 619 711 674 laetitiae
725 630 752 672 at
775 617 895 671 admira-

97 717 164 773 tioni
179 717 213 769 ed
230 715 256 769 id
268 711 405 783 negotium
422 711 590 781 pertinentes
600 704 895 762 excellentissimorum

98 805 271 862 eremitarum
287 800 516 857 Caribusionsiuin
533 798 636 861 litterae,
657 810 718 865 qiiae
733 811 783 865 pei·
797 809 895 865 quem-

97 896 160 951 dam
176 890 355 948 venerabilem
371 888 496 942 abbatem
516 885 551 940 ile
562 885 657 939 ordine
672 882 825 937 (listelleusi
843 882 896 936 dc·

98 984 172 1048 latae,
197 991 224 1037 et
247 980 273 1035 in
302 977 417 1034 concilio
438 991 486 1045 per
512 973 674 1028 Ganlridnm
700 971 897 1026 carnotensem

99 1072 256 1144 episcopum
272 1068 392 1122 recitata
410 1073 482 1119 sunt.
500 1061 584 1116 Erant
603 1076 694 1116 sutem
718 1059 896 1115 Cartliusien-

98 1179 141 1218 ses
155 1162 181 1214 in
194 1157 271 1231 jugis
288 1156 396 1224 Alpium
412 1153 565 1224 angelicam
582 1151 717 1223 degentes
737 1149 831 1213 vitam,
847 1165 896 1203 su-

949 441 1048 495 damus
1063 452 1184 508 operam,
1199 435 1343 509 epistolam
1362 453 1456 493 eorum
1476 439 1607 511 opusculo
1627 438 1688 496 huic
1703 439 1747 494 iu·

949 544 1039 583 serere
1054 525 1239 582 decrevimus.
1256 527 1304 581 list
1319 535 1408 582 autem
1423 527 1600 598 hujusmodi:

984 613 1752 688 DomiuoetPutricbarissimoetrcrsrmtiriimocpo·

949 707 1057 762 iloli'cnr
1063 706 1251 760 sedissumnro
1256 705 1385 776 pontifici
1392 705 1649 770 [consentianum
1662 706 1751 775 ctfiIil

951 794 1114 851 Ccrtliusioe
1125 809 1262 864 pauperes
1278 795 1359 850 iilum
1377 811 1459 866 cunm
1479 796 1601 852 mamilus
1612 795 1749 851 duremort

948 883 1748 957 potestpacemsaieqneprrnttiittrrenitimierittutem

949 976 977 1028 ct
985 973 1119 1027 licatnori
1130 973 1324 1027 necessarium
1332 973 1501 1043 obsequium.
1510 973 1654 1030 iluttcscd
1664 973 1751 1030 rastri

950 1061 1230 1133 eposiointasscorris
1239 1076 1324 1116 cares
1334 1077 1429 1131 preces
1481 1061 1594 1134 Reliqua
1603 1063 1665 1118 ride
1678 1063 1750 1118 iuter

951 1149 1090 1204 variorum
1118 1148 1153 1203 ad
1185 1149 1375 1206 Innocentium
1403 1149 1540 1224 epistolas,
1571 1151 1747 1224 Patrnlogiaa,

950 1245 1017 1293 tom.
1033 1237 1181 1293 CLXXIX.

100 1247 370 1323 pereminentissimae
388 1242 527 1316 religionis
549 1250 576 1297 et
599 1237 821 1310 incomparabilis
844 1253 896 1293 au·

558 1549 782 1618 PROLOGUS
803 1549 847 1616 IN
869 1547 990 1612 motio
1012 1548 1053 1610 111
1078 1548 1296 1614 HISTORIAE.

138 1931 212 1988 Siout
232 1928 316 1982 verbo
336 1923 417 1980 Verbi
441 1924 561 1977 bumaria
585 1920 716 1977 edocetur
743 1917 895 1982 infirmitas,
911 1920 938 1982 Β
953 1918 1034 1974 bilem
1050 1921 1103 1977 moi
1120 1922 1221 1996 ingenii
1237 1925 1393 1982 tenuitatem
1407 1925 1529 1984 ordinem
1546 1923 1666 1982 historiae
1683 1938 1752 1995 pru·

101 2036 155 2077 uon
174 2018 238 2074 idco
252 2016 287 2072 ab
306 2014 396 2085 aliquo
410 2013 516 2067 lucerna
532 2009 699 2076 accenditur,
710 2010 772 2061 utin
788 2008 904 2062 abscou-
954 2019 1109 2076 secuturus,
1125 2012 1259 2083 imprimis
1281 2015 1388 2071 abbatis
1410 2017 1522 2072 Thomae
1544 2015 1614 2072 facio
1636 2013 1754 2071 menno.

20 2160 24 2165 .
101 2109 168 2175 dito,
183 2107 225 2161 vel
239 2105 289 2160 snb
306 2104 396 2157 modio
411 2101 525 2157 celanda
541 2103 666 2169 ponatur.
688 2097 720 2151 Et
743 2097 802 2151 sine
819 2094 903 2151 dnbio
954 2117 1027 2168 nem,
1044 2102 1089 2172 qui
1110 2102 1215 2158 etiarnsi
1230 2104 1340 2160 humani
1363 2106 1418 2162 oris
1441 2106 1519 2161 laude
1533 2120 1588 2161 uon
1609 2105 1751 2171 recolitur,

104 2193 322 2265 divioaepietatis
336 2188 522 2245 munificentia
537 2184 758 2254 idcircnjnstitiae
781 2184 900 2256 rigorem
954 2205 1005 2259 ppo
1026 2190 1086 2259 ipso
1110 2199 1200 2246 igme„
1224 2209 1308 2263 opem
1330 2195 1391 2265 eju,
1414 2194 1574 2266 loquamur·
1592 2194 1643 2249 Hic
1667 2192 1752 2264 igin„

102 2283 263 2341 mortalibus
277 2279 442 2353 quibusdam
459 2275 586 2345 impertit,
599 2275 672 2329 ntde
684 2272 787 2328 intimis
805 2272 903 2327 anime
953 2280 1072 2335 Thomas
1095 2297 1129 2335 ex
1144 2282 1237 2338 humil,
1255 2283 1433 2340 descendes„
1458 2285 1569 2352 femore,
1592 2283 1641 2338 sed
1664 2283 1751 2354 imm

100 2373 285 2446 penetralibus
300 2385 349 2440 per
361 2369 493 2423 bonorum
510 2379 624 2436 operum
642 2362 796 2417 instantiam
809 2362 835 2414 in
853 2376 904 2430 pa·
953 2369 1104 2424 naturalem
1121 2371 1275 2443 mupfflem
1289 2373 1439 2428 redimebat
1454 2388 1560 2428 morum
1577 2388 1632 2429 nou
1647 2372 1752 2428 medio·

103 2463 186 2519 tulum
206 2462 345 2532 prodiens,
373 2472 467 2512 eornm
492 2454 536 2525 qtti
565 2452 592 2507 ln
617 2451 733 2507 circuitu
762 2450 902 2504 ambulant
954 2459 1156 2515 erphonem&
1173 2459 1301 2530 Quicum
1318 2461 1516 2518 servemissime
1530 2461 1565 2517 ad
1582 2460 1751 2516 Dominiwm

104 2550 235 2609 viciosum
256 2547 440 2604 tortitudinem
462 2541 557 2599 audaci
577 2540 729 2596 invectione
747 2539 903 2608 reprehen·
955 2556 1075 2606 „pappum
1091 2565 1199 2605 mgnum
1216 2551 1343 2618 misisse&
1359 2559 1384 2608 e,
1405 2567 1466 2606 eum
1482 2559 1542 2620 pos,
1559 2550 1701 2622 nugonem
1715 2548 1752 2607 ud

104 2642 172 2699 dere
188 2637 283 2711 possit.
301 2637 368 2691 llinc
383 2642 432 2700 est,
448 2638 519 2703 qnod
536 2631 627 2685 diviua
643 2629 776 2700 sapientia
793 2627 902 2682 beatum
953 2639 1130 2694 obtinendum
1142 2639 1193 2695 10„
1211 2641 1290 2708 hujus
1304 2641 1429 2713 regim
1445 2640 1567 2695 coelesm
1580 2639 1751 2710 dispensam-

102 2731 178 2787 illnm
190 2729 277 2782 uirum
288 2727 436 2780 secundum
450 2719 621 2777 novercalem
631 2715 902 2773 vultuosiPharaonis
953 2727 993 2782 fig
1008 2728 1129 2797 promi„
1143 2730 1330 2802 summm.
1349 2745 1401 2785 non
1416 2737 1519 2784 ,amum
1532 2727 1618 2784 volun
1634 2742 1751 2796 mem

104 2817 363 2892 Pf⁰m⁰¹b³¹i⁰¹¹²⁴mr
390 2809 591 2882 ¹¹¹ffi⁰lllffi³²i⁸⁰
616 2807 767 2863 len⁰bf⁰⁸ae
793 2803 903 2877 AEgypti
954 2834 1035 2892 quam
1051 2819 1193 2888 prodesse.
1222 2825 1375 2890 ttemoiuite
1398 2818 1469 2873 illius
1486 2816 1550 2873 dicti
1578 2815 1749 2886 prophetici:

103 2908 213 2964 lluiuine
229 2903 359 2959 violenter
373 2902 540 2970 expositum,
557 2897 609 2966 piae
630 2894 791 2967 provisionis
806 2893 902 2947 intuitu
956 2933 967 2957 α
989 2911 1067 2979 ppo„
1083 2913 1132 2965 tm,
1146 2913 1174 2964 ιι
1190 2910 1307 2969 [mcum
1325 2909 1462 2981 ,um-pm
1473 2922 1518 2963 me
1528 2906 1674 2963 mmmm
1683 2907 1754 2961 sm

103 2994 238 3053 reservari
259 2992 353 3048 soluit.
388 2988 437 3044 cot
468 2986 646 3042 sacramentis
673 2981 816 3038 alioribus
849 2980 903 3035 im·
953 2996 1369 3070 (pgapnignpietiirgam
1394 2993 1587 3065 indisciplina
1612 2993 1754 3060 tenuit,et

106 3083 226 3149 b⁰⁸¹¹d⁰i
250 3072 696 3148 r¹1bl¹¹¹¹ibique²³⁰¹¹⁵l¹¹¹¹ll¹²0¹⁴¹⁸
712 3072 837 3141 l³⁸8850¹¹e
857 3084 903 3124 Π·
954 3088 1078 3143 baculum
1099 3088 1125 3141 in
1141 3085 1330 3142 conso¹atione
1345 3101 1399 3141 non
1419 3083 1532 3140 dimisit.
1547 3080 1753 3138 Tautodisore·

104 3174 213 3231 dentem
228 3170 394 3228 osteridaret,
420 3180 468 3235 per
482 3179 562 3234 quem
590 3162 736 3216 multorum
760 3159 902 3231 signorum
954 3178 1036 3234 2500„
1056 3182 1271 3247 ,mmmmm
1287 3183 1402 3245 umque
1414 3171 1498 3229 meoli
1511 3171 1574 3241 ejus
1587 3170 1752 3239 insederam,

104 3279 174 3320 nora
188 3260 340 3316 ostentione
355 3255 516 3310 inimicantis
533 3248 679 3305 Pharaonis
693 3264 742 3305 cor
766 3250 861 3303 dorum
878 3255 904 3303 et
920 3267 945 3329 c
960 3274 986 3322 e,
1007 3266 1080 3336 juste
1108 3264 1255 3322 consulens
1268 3262 1453 3320 misericordia
1467 3271 1493 3317 e,
1507 3261 1551 3333 pie
1566 3259 1683 3316 miens
1692 3259 1754 3315 dis·

104 3351 281 3424 impoenitens
313 3344 465 3408 emolliret3
490 3342 533 3396 cui
566 3339 661 3410 populi
682 3338 727 3392 diu
756 3334 906 3418 exsulantis
955 3353 1480 3426 ciplina'u,„equemulmsperitm
1499 3349 1623 3406 subditos
1642 3348 1754 3407 exulce-

104 3456 247 3500 onerosum
277 3439 404 3491 ducatum
431 3427 675 3497 coiiinritteret;ad
703 3425 784 3497 cujus
812 3435 905 3480 nutum

104 3531 223 3586 marinus
236 3527 331 3580 lloctus
345 3523 464 3585 coderet,
481 3530 558 3590 petra
573 3532 702 3588 percussa
720 3523 813 3571 contra
837 3530 905 3569 con-

105 3619 276 3674 suetudinem
288 3614 381 3667 latices
390 3610 551 3664 ministraret
566 3625 573 3672 ;
586 3622 676 3676 quent,
688 3605 798 3674 repulsa
808 3613 907 3658 cratera

105 3703 283 3763 multitudine.
301 3702 327 3755 in
355 3708 475 3754 montem
504 3711 633 3763 evocans,
664 3692 805 3747 familiaris
820 3692 906 3746 colto-

105 3793 222 3852 cahonis
237 3790 380 3862 privilagio
392 3785 534 3857 insigniret
548 3801 554 3846 ;
567 3784 609 3838 ciri
626 3781 732 3836 tabulas
748 3777 907 3835 testamenti

106 3881 210 3943 uoelesti
224 3893 324 3936 amano
342 3881 513 3932 consecratas
533 3872 663 3936 traderet,
692 3885 740 3940 per
759 3885 838 3942 quem
855 3883 906 3937 po·

107 3974 172 4046 pulo
187 3970 272 4026 veteri
287 3976 350 4039 toga
369 3971 494 4020 recenter
512 3969 593 4016 eruto
608 3974 696 4014 novas
711 3955 908 4014 sacrificiorum

108 4059 214 4132 species
238 4057 341 4119 ederet,
374 4067 519 4121 moresque
548 4050 638 4116 gentis
663 4047 714 4102 sibi
740 4053 907 4102 consecratae

108 4147 234 4205 bonitatis
261 4161 318 4200 siiae
343 4141 451 4197 modulo
471 4140 649 4195 innormaret.
673 4136 756 4191 ltutia
778 4144 842 4189 suut
862 4135 907 4188 iri·

109 4253 188 4311 quam
215 4231 367 4304 biiJnsioodi
400 4228 514 4300 specula
555 4243 609 4299 qna
639 4224 718 4280 nobis
750 4224 810 4295 ipsa
841 4237 906 4284 pro·

109 4327 210 4399 posuit.
226 4322 332 4393 Quasi
352 4322 471 4374 hnmana
491 4316 624 4387 fragilitas
643 4314 746 4386 jugiter
765 4320 825 4365 anto
842 4323 908 4364 ocu·

107 4416 150 4472 los
167 4414 275 4475 haheat,
291 4428 322 4467 eri
352 4424 445 4464 eorum
465 4405 684 4462 consideratione
705 4400 818 4471 accipiet
835 4416 906 4470 qno-

108 4505 190 4562 modn
218 4500 394 4556 tentationum
421 4497 532 4566 laqueus
552 4493 646 4565 lugiet,
676 4501 702 4546 et
718 4507 750 4545 eii
782 4489 908 4543 imitatio-

106 4595 149 4651 uis
167 4592 282 4664 vestigio
297 4586 413 4661 qualiter
427 4585 454 4639 in
469 4585 603 4639 bonorum
619 4596 733 4652 operum
749 4592 901 4650 persevera·

108 4684 208 4741 tionem
224 4685 360 4750 assurgat.
384 4674 470 4748 lgitur
483 4671 629 4742 cujuslibet
646 4668 732 4724 sancti
747 4665 863 4722 hominis
878 4668 905 4720 in

109 4774 161 4829 hac
183 4772 239 4829 rita
258 4765 339 4840 positi
364 4764 446 4819 debet
471 4759 643 4818 conversatio
672 4756 776 4828 inspici,
803 4772 836 4811 ex
852 4769 906 4826 qua

108 4862 182 4916 utilis
206 4857 290 4930 possit
315 4854 428 4908 imitatio
448 4848 561 4906 assumi.
579 4849 619 4903 Ex
632 4863 686 4918 qno
713 4858 800 4901 autem
816 4853 906 4900 terre-

109 4951 170 5006 stris
188 4949 285 5002 domus
297 4943 378 5013 hujus
394 4938 568 4997 habitationis
589 4936 758 5001 dissolvitur,
773 4950 842 5005 opus
862 4938 906 4989 eal

110 5044 140 5093 ui
156 5033 279 5106 ejusdem
302 5030 431 5085 memoria
446 5026 616 5082 obsolescere
640 5040 693 5078 non
718 5025 829 5077 sinatur.
851 5020 905 5077 Sed

109 5125 235 5199 quarnris
249 5136 311 5175 eum
325 5136 341 5173 a
356 5118 456 5173 saecolo
470 5114 673 5184 dispensatoria
688 5128 761 5167 mors
771 5114 904 5175 absentet,

108 5232 159 5286 pro
174 5211 307 5284 religiosis
322 5217 415 5261 tameo
428 5206 558 5276 operibns
577 5201 849 5270 brinesieopinionis
863 5201 905 5269 ip·

107 5319 166 5359 sain
180 5298 357 5374 fragrantiam
373 5303 556 5367 repraesentet.
574 5295 633 5367 ligo
647 5293 738 5364 itaque
752 5291 828 5362 juxta
852 5290 905 5346 de·

148 5577 190 5650 (t)
202 5577 233 5635 ld
247 5581 290 5636 eit
303 5572 457 5636 dimissu.

957 3452 1039 3511 raret,
1055 3460 1144 3517 neque
1168 3444 1250 3498 nimis
1270 3442 1376 3498 ienitate
1390 3441 1559 3496 dissolveret.
1575 3437 1643 3495 lluic
1662 3446 1755 3495 sutem

956 3536 1016 3591 viro
1038 3533 1198 3588 multimoda
1216 3531 1369 3587 divinorum
1393 3532 1526 3586 donorum
1548 3527 1633 3600 gralia
1655 3525 1755 3597 iuerat,

957 3640 1038 3696 quern
1054 3626 1121 3678 inter
1137 3630 1235 3678 casura
1249 3636 1341 3677 sermo
1361 3619 1482 3677 scientia
1495 3616 1666 3674 eminentiori
1681 3632 1755 3687 praa·

957 3715 1082 3788 rogatiis
1098 3711 1223 3768 ornabat.
1240 3709 1330 3782 lpsius
1348 3725 1413 3766 reru
1424 3707 1545 3766 scienda
1557 3708 1629 3766 douo
1655 3707 1683 3763 in
1696 3721 1756 3762 ino·

957 3806 1022 3859 dum
1037 3801 1118 3858 otiosi
1133 3798 1289 3854 ferramenti
1304 3797 1340 3852 uti
1355 3797 1476 3864 nolebat,
1486 3814 1537 3854 nec
1547 3799 1666 3854 fructum
1680 3809 1753 3862 amo,

956 3891 1079 3956 lamenti,
1095 3889 1167 3960 quod
1182 3904 1216 3943 ex
1232 3887 1293 3957 ipso
1313 3894 1364 3953 eat,
1380 3886 1408 3941 in
1426 3886 1483 3942 sola
1501 3886 1563 3956 ejus
1581 3884 1755 3957 possessione

957 3980 1147 4038 constituebat.
1163 3977 1228 4033 Tota
1252 3983 1310 4032 erit
1333 3976 1534 4044 eiussedulitss
1556 3975 1632 4032 circs
1652 3975 1756 4030 milium

957 4072 1089 4133 divinum.
1111 4076 1168 4124 tota
1185 4066 1258 4122 circa
1283 4066 1498 4136 procurationem
1522 4064 1648 4119 fratrum.
1683 4061 1756 4132 Quid

959 4160 1061 4235 plorat
1075 4161 1208 4224 Tempore
1232 4171 1282 4211 suo
1297 4154 1401 4210 ordinis
1423 4154 1541 4227 rigorem
1563 4153 1674 4210 viriliter
1687 4151 1758 4207 ohti-

958 4269 1035 4315 nans.
1052 4248 1166 4306 aedilicia
1188 4246 1222 4302 de
1238 4245 1331 4316 paucis
1347 4244 1374 4299 iu
1393 4244 1517 4313 plurima,
1531 4243 1567 4298 tle
1589 4241 1711 4297 minimis
1728 4239 1758 4296 iu

959 4340 1075 4397 minima
1092 4334 1297 4409 transfigurans,
1313 4349 1367 4390 uon
1382 4333 1474 4388 babitu
1503 4331 1640 4403 sapienter
1658 4330 1756 4403 acqui·

958 4448 1033 4497 rens,
1046 4428 1181 4500 aoirnisita
1197 4424 1313 4479 iidelitar
1325 4422 1500 4494 dispensans,
1516 4420 1674 4491 dispensata
1689 4420 1758 4474 stri·

959 4520 1081 4579 ctissime
1094 4529 1271 4580 conservans,
1288 4528 1375 4583 usqne
1393 4512 1419 4565 in
1449 4513 1520 4567 banc
1544 4509 1617 4566 diam
1646 4507 1756 4565 celebra

964 4625 1063 4667 nomeu
1087 4607 1202 4676 adeptus
1211 4611 1262 4658 est.
1278 4601 1314 4656 Et
1328 4608 1356 4657 ut
1370 4615 1432 4657 rare
1446 4598 1546 4666 dicam,
1575 4597 1627 4654 ista
1640 4597 1701 4653 laus
1728 4597 1757 4653 ei

960 4701 1081 4770 ascripta
1095 4711 1179 4767 paria
1194 4690 1336 4754 ridebitur.
1361 4688 1385 4744 ai
1408 4687 1436 4744 iu
1450 4687 1540 4744 cordis
1566 4687 1668 4743 trutina
1694 4701 1755 4743 curu

959 4787 1131 4845 multitudine
1149 4795 1263 4853 operum
1277 4778 1456 4850 appendatur.
1471 4778 1555 4833 l’orro
1574 4792 1609 4832 ue
1623 4775 1680 4833 riui
1692 4790 1757 4832 acit-

959 4895 1023 4934 men
1037 4891 1104 4945 aqua
1115 4871 1233 4928 immista
1247 4875 1399 4935 consumat,
1426 4874 1455 4923 et
1468 4865 1607 4922 modicum
1633 4864 1757 4921 fermen-

960 4977 1016 5022 tum
1030 4973 1111 5020 totnm
1128 4975 1244 5017 massam
1259 4963 1428 5028 corrumpat.
1454 4956 1512 5012 haeo
1537 4971 1620 5028 pauca
1635 4970 1696 5025 quae
1721 4953 1758 5012 ds

959 5056 1044 5126 ipsius
1061 5052 1140 5108 lande
1155 5048 1359 5121 praeloquimur,
1375 5045 1447 5101 inter
1467 5043 1553 5100 nostri
1567 5043 1757 5100 sermonisru·

959 5145 1107 5200 sticitntem
1118 5149 1144 5196 et
1151 5137 1296 5196 locutionis
1303 5152 1361 5192 suae
1367 5134 1559 5193 celsitudinem
1568 5134 1630 5190 loco
1643 5131 1706 5188 idus
1716 5133 1757 5204 (l)

959 5235 1122 5290 habeantur.

786 5466 914 5538 Explicit
935 5464 1080 5541 prologus.
