3728 6000
94 232 146 287 tat

590 226 623 280 D.
642 221 771 278 athual
789 218 1014 278 suttohastlct
1034 216 1244 275 tnonttthsls

1693 212 1748 269 ¹188

94 356 205 430 patitur,
221 354 270 410 sed
286 353 370 425 ipsius
382 368 446 408 vere
460 349 600 407 memoriae
623 346 754 420 passionis
774 344 894 420 quotidie
907 344 936 405 h
950 342 1077 414 pleretur,
1084 343 1111 398 in
1120 357 1174 416 qua
1183 341 1303 399 Christus
1313 339 1531 413 propitiationem
1539 353 1624 395 suam
1631 335 1749 412 exsequi

96 446 177 502 nobis
192 446 315 500 iteretur.
328 442 407 511 Quod
416 450 444 497 et
453 438 676 513 ipsehmbrosins
687 437 776 508 (loen.
788 437 895 507 Chrys.)

98 543 196 590 notens
210 532 326 603 subjecit
344 547 350 584 τ
368 554 379 579 s
397 530 477 599 Quod
492 545 543 583 nos
554 527 679 594 iacimus,
690 526 718 581 in
733 538 898 582 commemo·

98 624 231 678 rationem
247 620 275 676 tit
290 621 351 691 ejus
362 619 434 691 quod
448 618 548 674 laetum
562 624 612 672 est.
634 618 687 673 ilco
707 617 783 672 enim
798 615 897 685 tacite,

98 702 899 783 inquisissemuscommemorationem.Noneliudsacri-

98 800 201 867 ficium,
210 799 258 854 sed
266 799 353 868 ipsum
365 812 471 866 semper
479 793 617 852 atterimus
625 793 809 863 magisantem
820 789 901 846 sacri·

99 887 381 945 liciirecordationem
390 899 550 954 operamur.
563 881 899 954 »Nenerpoestireipsiua

102 969 901 1042 Christiuetitotcdiversitus.sedinipsissimmoluticnlr

102 1065 224 1127 actione,
239 1059 375 1130 quaedum
390 1073 482 1113 veram
497 1056 598 1112 Christi
612 1056 768 1127 passionem
783 1060 808 1108 et
824 1067 900 1108 mor-

103 1159 157 1205 tem
173 1149 290 1220 quadarn
306 1163 354 1202 sua
368 1145 544 1202 similitudine
558 1143 701 1217 figurando
716 1148 900 1214 repraesentat,

104 1255 155 1294 nos
169 1238 204 1293 ud
218 1237 399 1291 imitationem
414 1235 498 1306 ipsius
512 1232 647 1305 passionis
662 1232 790 1287 invitetet
801 1245 901 1286 accen·

106 1326 151 1381 dat
165 1333 261 1382 eontra
275 1326 379 1380 hostem
395 1339 446 1378 nos
461 1322 570 1378 roboret
585 1330 611 1385 et
624 1320 741 1386 muniat,
758 1323 785 1374 et
800 1318 902 1374 avitiis

105 1430 225 1487 purgans
241 1421 268 1468 et
282 1412 425 1466 virtutibus
441 1410 637 1475 condecorans
653 1408 717 1464 vitae
730 1414 837 1463 aetemae
852 1421 903 1461 nos

104 1503 218 1559 idoneos
232 1517 263 1557 ac
278 1500 379 1573 dignos
394 1499 530 1555 exhibeat.
548 1499 626 1554 licet
637 1498 713 1554 enim
724 1499 784 1565 ejus
799 1494 903 1551 oblatio

104 1593 137 1648 in
145 1607 228 1649 cruce
239 1591 336 1657 semel,
347 1590 491 1661 suffecerit
501 1587 538 1642 od
549 1589 679 1642 omnium
690 1586 813 1640 adiutem
822 1588 851 1640 et
860 1600 903 1639 re·

951 426 1749 506 omnibusdignaretur.lnquoenimmelioresassemushis

952 519 998 589 qui
1012 534 1074 575 eum
1089 517 1288 587 erucifixerunt,
1304 517 1356 573 nisi
1370 517 1474 590 pietate
1490 524 1517 573 et
1534 514 1683 572 devotione
1694 511 1747 568 dit·

951 607 1084 664 lerremus
1097 608 1191 675 abeis,
1207 607 1253 679 qui
1277 622 1337 663 eum
1360 606 1474 677 perdere
1496 602 1749 676 praesumpserunt?

951 697 1032 754 Unde
1051 697 1211 753 Ambrosius
1234 697 1262 751 in
1283 693 1434 768 Epistulam
1453 694 1486 751 ed
1505 693 1637 750 ldebraeos
1659 690 1746 763 (ioan.

952 786 1108 858 chrysost.)
1122 803 1128 841 :
1149 809 1159 835 ι
1178 785 1231 842 Sed
1247 785 1273 840 iu
1289 784 1339 840 ista
1353 799 1434 840 carne
1448 791 1475 840 et
1489 781 1624 856 sanguine
1638 779 1675 836 nil
1686 796 1748 836 cru-

953 883 1055 941 entum,
1071 875 1109 929 nil
1122 873 1296 946 corruptibile
1310 888 1386 929 mens
1403 874 1523 928 humana
1537 869 1685 940 concipiat,
1700 869 1748 925 sed

953 962 1156 1019 vivificatricem
1193 962 1369 1018 substantiam
1400 969 1482 1033 atque
1522 958 1694 1016 saltatricem
1723 965 1750 1014 et

953 1052 1039 1124 ipsius
1054 1052 1136 1108 Verbi
1149 1052 1290 1123 propriam
1304 1051 1405 1108 iactam
1422 1049 1451 1105 in
1465 1064 1534 1122 pane
1556 1057 1583 1105 et
1603 1048 1670 1104 rino
1687 1062 1748 1104 cre·

953 1141 1017 1208 dat;
1034 1156 1083 1212 per
1097 1157 1166 1212 quae,
1180 1142 1204 1195 si
1223 1140 1306 1212 digne
1322 1141 1472 1207 sumantur,
1485 1136 1565 1194 uobis
1589 1145 1632 1193 est
1649 1150 1749 1207 peeca-

955 1237 1043 1286 torum
1058 1229 1186 1285 remissio
1198 1228 1306 1284 collata.
1326 1251 1337 1276 ι
1354 1227 1434 1285 Unde
1448 1226 1614 1299 Augustinus
1634 1225 1663 1280 in
1679 1224 1749 1281 libro

955 1320 994 1376 De
1018 1318 1192 1375 sacramentis
1214 1317 1329 1372 alteris:
1357 1315 1493 1372 «Veritas
1515 1314 1574 1371 ait:
1596 1315 1668 1372 Coro
1687 1330 1750 1371 mec

954 1424 1017 1465 vere
1027 1407 1167 1474 calcibus,
1179 1413 1208 1462 ct
1218 1407 1423 1476 scnpuiemetts
1442 1419 1505 1461 vere
1515 1408 1649 1477 estpotns
1659 1404 1748 1474 (tous.

954 1513 993 1566 rt,
1019 1497 1075 1567 56).
1105 1494 1229 1568 Alioquin
1258 1492 1395 1567 quomodo
1422 1508 1516 1549 verum
1544 1492 1597 1548 erit
1622 1509 1629 1546 :
1664 1492 1751 1549 Penta

955 1602 1036 1658 quem
1051 1601 1100 1656 epo
1112 1585 1192 1654 dubo,
1208 1599 1273 1640 curo
1288 1598 1351 1639 mcc
1369 1586 1411 1639 ert
1424 1597 1476 1655 pro
1496 1580 1599 1640 mundi
1614 1582 1685 1651 cito,
1701 1579 1752 1636 nisi

105 1681 306 1753 demptionem,
324 1686 414 1733 tamen
437 1676 558 1747 quotidie
581 1680 622 1732 est
642 1675 723 1730 etiam
747 1672 902 1729 necessaria
915 1698 942 1757 B
955 1690 1020 1732 vere
1035 1675 1069 1730 sit
1084 1675 1175 1731 caro?

104 1770 139 1825 ad
153 1768 328 1824 muniendam
351 1774 377 1822 et
398 1765 581 1821 mundandam
605 1765 750 1819 humanam
767 1762 901 1834 tragilita-

104 1866 170 1924 tem‚
187 1873 247 1928 quae
262 1856 383 1927 quotidie
399 1862 520 1911 tentatur
534 1858 561 1909 et
575 1853 682 1923 labitur,
699 1852 742 1910 vel
757 1850 904 1907 criminali·

106 1945 167 2014 bus,
183 1945 227 1999 rel
241 1945 337 1999 saltem
350 1943 500 1999 venialibus
514 1943 641 2014 peccetis,
657 1942 715 1997 sine
731 1941 828 2012 quibus
843 1941 903 1995 hoec

105 2034 161 2089 site
175 2033 237 2089 duci
252 2048 306 2089 non
321 2034 488 2104 potest.lt'on
499 2033 576 2088 enirn
592 2032 644 2088 hcc
659 2031 801 2101 singulari
817 2030 904 2085 victi·

105 2141 153 2178 mo
174 2121 371 2179 tantummodo
388 2126 569 2193 peccatorum
596 2119 800 2175 absolutionem
817 2135 834 2172 o
850 2118 903 2173 Deo

105 2213 313 2284 consequimur,
324 2209 373 2266 sed
391 2215 419 2264 et
429 2213 531 2265 contra
549 2209 722 2265 tentationes
736 2206 902 2268 munimur,-

104 2299 246 2370 quia,cum
262 2316 296 2354 ex
310 2299 485 2369 perceptione
496 2296 619 2367 corporis
633 2295 732 2351 Christi
746 2293 844 2349 viderit
857 2293 904 2348 ad·

104 2388 245 2442 versarius
274 2386 423 2457 hospitium
455 2393 577 2442 nostrum
598 2392 760 2454 occupatum
783 2381 902 2438 ooelestis

105 2475 213 2547 fulgere
243 2475 402 2545 praesentiae,
426 2474 583 2544 intelligens
612 2473 703 2529 locum
732 2470 904 2528 tentamentis

107 2564 162 2619 suis
175 2563 318 2618 intercludi
334 2578 382 2633 per
396 2563 543 2630 Christum,
559 2561 644 2635 lugiet
658 2577 690 2618 ac
705 2561 821 2618 recedet.

142 2651 287 2707 Sciendum
303 2653 387 2724 igitur
410 2652 483 2724 quia,
507 2651 568 2706 licet
587 2651 688 2707 oblatio
702 2651 801 2706 Christi
815 2647 902 2704 semel

104 2741 232 2796 incruce
253 2740 287 2795 sit
311 2756 384 2808 vera,
403 2740 562 2812 qrrotidiana
592 2748 681 2794 autem
712 2740 741 2793 in
771 2738 848 2794 altari
869 2739 903 2793 sit

106 2829 235 2902 figurata;
261 2845 374 2900 prorsus
394 2838 486 2884 tamen
510 2828 603 2884 eadem
625 2829 668 2883 bic
691 2836 717 2882 et
737 2828 775 2882 ibi
803 2836 903 2884 nostrae

105 2917 200 2973 salutis
213 2925 252 2972 est
267 2918 365 2990 gratia,
381 2918 425 2973 hic
439 2926 465 2972 et
479 2918 515 2972 ibi
530 2933 607 2982 rere,
622 2916 773 2981 subiciens,
790 2927 816 2972 et
829 2933 903 2971 sern-

993 1762 1046 1820 Sed
1069 1762 1197 1835 quoniam
1216 1761 1353 1816 Christum
1368 1760 1458 1817 vorari
1483 1758 1609 1816 dentibus
1634 1758 1677 1815 tas
1697 1773 1752 1814 non

957 1859 1007 1919 est,
1019 1851 1104 1908 voluit
1119 1854 1190 1907 hunc
1212 1867 1310 1923 panem
1329 1857 1356 1905 et
1376 1849 1468 1906 vinum
1487 1849 1516 1903 in
1539 1847 1668 1921 mysterio
1688 1863 1751 1905 vere

957 1957 1064 1997 carnem
1088 1956 1162 1996 suem
1184 1947 1210 1995 et
1228 1939 1390 2012 sanguinem
1411 1937 1615 1995 consecratione
1638 1936 1752 2009 Spiritus

956 2030 1043 2086 saneti
1064 2028 1249 2101 potentialiter
1270 2027 1367 2098 creari,
1393 2035 1419 2083 et
1443 2026 1563 2098 quotidie
1587 2041 1636 2098 pro
1658 2026 1752 2081 mundi

956 2120 1013 2175 rita
1027 2119 1139 2190 mystice
1153 2117 1297 2182 immolari,
1313 2125 1342 2172 ut
1356 2116 1426 2173 sicut
1440 2117 1474 2173 de
1487 2116 1598 2189 Virgine
1608 2129 1659 2187 per
1671 2114 1753 2186 Spiri-

957 2215 1013 2262 tum
1029 2223 1091 2263 rera
1109 2223 1172 2263 caro
1196 2208 1256 2262 sine
1277 2207 1348 2262 coitu
1369 2205 1535 2271 creatur,ita
1555 2220 1605 2276 par
1626 2202 1752 2259 eumdem

957 2314 991 2352 ex
1012 2297 1160 2352 substantia
1183 2295 1262 2368 panis
1285 2303 1312 2351 et
1335 2295 1403 2363 vini,
1426 2294 1540 2368 mystice
1562 2292 1635 2349 idem
1654 2307 1766 2369 corpus·

957 2386 1056 2442 Christi
1072 2394 1259 2442 consecretur.

992 2478 1105 2530 lteratur
1127 2483 1214 2531 autem
1237 2473 1356 2548 quetidie
1378 2476 1436 2530 haec
1460 2473 1572 2542 oblatio,
1588 2471 1652 2528 licet
1672 2469 1751 2528 Chri-

955 2572 1012 2620 stus
1023 2565 1110 2621 semel
1124 2563 1275 2636 passussit,
1292 2565 1358 2636 quia
1380 2562 1501 2635 quotidie
1523 2576 1680 2633 peccamus,
1696 2561 1751 2616 sal-

956 2660 1011 2709 tem
1023 2654 1151 2724 peccatis,
1168 2654 1225 2708 sine
1241 2652 1337 2723 quibus
1359 2652 1481 2708 mortalis
1502 2650 1646 2706 infirmitas
1660 2648 1752 2705 vivere

956 2758 1011 2797 non
1038 2750 1140 2812 potest.
1168 2743 1201 2797 Et
1223 2741 1284 2796 ideo
1309 2740 1372 2811 quia
1394 2739 1515 2811 quetidie
1536 2739 1665 2804 labimur,
1681 2752 1752 2809 quo-

957 2831 1020 2886 tidie
1036 2830 1159 2886 Cbn‘stus
1179 2846 1229 2902 pro
1254 2830 1331 2885 uobis
1354 2830 1466 2901 mystice
1488 2828 1658 2883 immolatur.
1678 2827 1753 2881 llanc

957 2928 1046 2974 autern
1071 2919 1286 2975 immolationem
1315 2935 1370 2975 non
1400 2933 1475 2983 vero,
1511 2917 1562 2973 sed
1593 2907 1753 2990 imaginario

102 3021 153 3076 per
167 3007 330 3072 necessarie,
353 3005 417 3072 quia
432 3004 476 3061 hic
491 3012 518 3060 et
540 3005 577 3059 ibi
593 3004 665 3060 idem
686 3020 766 3060 verus
781 3005 902 3060 Christus
959 3017 1018 3064 actu
1032 3009 1166 3080 passionis
1181 3015 1208 3064 et
1226 3009 1319 3064 mortis
1345 3007 1416 3067 lieri.
1433 3015 1460 3063 et
1482 3010 1574 3062 tamen
1598 3021 1689 3061 reram
1710 3019 1754 3059 sa·

102 3102 198 3165 potens
212 3100 254 3149 est
263 3095 297 3149 ad
312 3094 413 3149 omnia.
958 3097 1039 3154 lutem
1061 3098 1179 3169 operari,
1201 3105 1313 3152 testatur
1337 3096 1487 3169 Gregorius
1515 3095 1544 3149 ia
1567 3101 1662 3166 quade
1684 3092 1754 3149 libra

139 3181 218 3251 Quod
234 3198 317 3252 quam
333 3184 473 3239 evidenter
487 3183 572 3239 sancti
585 3187 755 3251 attestentur,
770 3184 901 3253 subjectis
956 3187 1130 3258 Dialogorum
1147 3188 1219 3257 (cap.
1238 3188 1283 3255 58,
1299 3185 1354 3242 col.
1370 3186 1433 3256 iit)
1450 3199 1458 3239 :
1476 3207 1487 3232 ·
1502 3185 1567 3240 llaec
1581 3181 1755 3255 singulariter

104 3287 197 3328 eorum
214 3272 419 3327 auctoritatibus
443 3271 592 3339 videamus,
610 3281 663 3328 tam
685 3273 719 3329 de
738 3272 835 3328 Christi
859 3273 902 3328 hic
955 3275 1064 3331 victima
1087 3275 1123 3329 ab
1152 3282 1255 3330 aterno
1287 3273 1397 3329 interitu
1429 3273 1547 3328 animam
1569 3271 1668 3336 salvat,
1693 3285 1754 3343 que

104 3369 131 3417 et
152 3361 191 3416 ibi
214 3361 354 3416 essentiali
380 3361 501 3428 veritate,
524 3378 603 3433 quam
626 3360 660 3416 de
687 3369 788 3418 nostrus
810 3362 902 3417 salutis
957 3364 1035 3421 nohis
1048 3372 1162 3418 mortem
1177 3363 1315 3436 Unigeniti
1331 3378 1380 3432 per
1394 3362 1551 3434 mysterium
1566 3363 1685 3431 reparat.
1701 3357 1753 3428 Qui

103 3450 148 3505 bic
163 3459 189 3505 et
204 3450 241 3504 ibi
257 3465 323 3505 vera
341 3460 365 3504 et
381 3466 458 3522 aequa
479 3451 602 3505 utilitate.
612 3452 785 3523 httgustintts,
795 3451 821 3505 in
831 3452 901 3507 libro
957 3453 1018 3508 lieet
1032 3468 1146 3525 surgens
1161 3468 1178 3507 e
1195 3453 1319 3515 mortuis,
1332 3455 1388 3523 jam
1411 3467 1466 3507 non
1489 3449 1615 3515 meritur,
1629 3456 1656 3504 et
1677 3463 1754 3503 mors

104 3537 306 3594 Sententiarum
318 3540 447 3610 Prosperi
464 3559 469 3594 :
487 3563 498 3588 s
515 3539 605 3595 Semel
628 3540 735 3596 oblatus
757 3549 799 3595 est
819 3540 901 3595 Chri·
957 3540 982 3595 ei
996 3540 1064 3595 ultra
1080 3555 1133 3594 uon
1148 3538 1332 3594 dominabitur
1345 3541 1436 3610 (hom.
1455 3556 1492 3604 rt,
1508 3540 1546 3607 st,
1563 3545 1653 3591 tamen
1668 3536 1697 3590 in
1712 3551 1755 3590 se·

105 3633 162 3680 stus
177 3628 203 3680 in
220 3628 319 3697 seipse,
336 3635 362 3682 et
377 3636 467 3682 tamen
482 3628 604 3699 quotidie
619 3628 902 3685 immolaturinsacra·
957 3628 1017 3700 ipso
1031 3628 1222 3684 immortaliter
1237 3634 1318 3698 atque
1328 3626 1568 3699 incorruptibiliter
1581 3625 1691 3689 vivens,
1703 3639 1753 3695 pro

105 3722 209 3769 mento.
230 3715 308 3783 Quod
324 3716 361 3770 ita
375 3716 581 3788 intelligendum
597 3726 648 3785 est,
664 3718 725 3786 quia
744 3719 773 3771 in
788 3719 902 3774 manife-
957 3716 1038 3772 nobis
1053 3716 1150 3772 iterum
1165 3717 1390 3788 inhocmysterio
1402 3731 1488 3771 sacrae
1498 3713 1693 3769 immolationis
1703 3711 1753 3766 im-

106 3803 220 3857 statione
236 3803 276 3856 sui
292 3805 424 3872 corporis,
440 3804 655 3860 indistinctione
677 3821 787 3860 suorum
812 3822 901 3862 mem·
958 3803 1085 3860 molatur.
1103 3804 1170 3874 Ejus
1185 3806 1284 3876 quippe
1299 3805 1336 3859 ibi
1353 3820 1451 3875 corpus
1475 3803 1601 3867 sumitur,
1618 3801 1677 3872 eius
1690 3815 1754 3858 caro

107 3891 219 3945 brorum
235 3891 364 3955 omnium,
381 3907 460 3945 verus
475 3893 549 3948 Deus
563 3900 590 3947 et
610 3910 691 3948 verus
713 3895 796 3950 homo
816 3897 902 3951 semel
959 3893 986 3946 in
1002 3893 1094 3964 populi
1108 3892 1223 3948 salutem
1238 3893 1364 3964 partitur,
1382 3894 1442 3963 ejus
1455 3890 1567 3964 sanguis
1580 3906 1635 3947 non
1647 3891 1708 3962 jam
1727 3888 1754 3943 iu

108 3986 211 4034 tantum
236 3978 263 4033 in
286 3994 365 4035 cruce
385 3981 521 4051 pependit,
545 3980 663 4037 offerens
678 3984 747 4038 Patri
771 3985 901 4056 seipsum,
957 3997 1054 4036 manus
1070 3981 1261 4048 fidelium,sed
1277 3982 1366 4037 inore
1390 3980 1510 4036 fidelium
1531 3980 1667 4034 tunditur.
1687 3977 1755 4034 llino

108 4066 904 4147 hostiamvirum,pussibilem‚mortalem,sirorumatque
958 4086 1023 4143 ergo
1047 4087 1191 4142 pensemus
1213 4071 1292 4142 quale
1323 4071 1358 4125 sit
1389 4085 1438 4140 pro
1469 4070 1549 4126 nobis
1581 4066 1754 4133 sacrificinm,

109 4162 278 4210 mortuorum
294 4156 489 4226 redemptionis
509 4156 649 4214 eliicacem
665 4177 672 4213 ε
689 4175 782 4214 eorum
805 4161 904 4218 rideli—
959 4158 1033 4232 quod
1056 4176 1105 4232 pro
1126 4160 1296 4216 absolutionc
1320 4168 1410 4215 nostra
1442 4159 1598 4231 passionem
1621 4155 1755 4228 unigeniti

110 4251 161 4311 eet,
178 4259 246 4316 qnos
262 4242 374 4300 altitudo
389 4244 475 4299 divini
490 4246 596 4301 consilii
611 4247 769 4304 redimendo
796 4251 903 4320 pudica·
961 4248 1020 4304 hilii
1034 4265 1145 4320 semper
1167 4249 1297 4305 imitatur.
1317 4273 1328 4298 s
1347 4248 1477 4317 Quemvis
1492 4262 1558 4319 erga
1576 4262 1628 4301 non
1645 4244 1755 4311 dixerit,

109 4332 156 4403 vit,
177 4333 323 4403 praescivit,
344 4332 557 4401 praedestinavit,
578 4335 666 4390 medis
696 4342 777 4409 atque
797 4342 921 4410 tempo·—
960 4337 1114 4409 pnssionem
1135 4336 1272 4411 Unigeniti
1302 4344 1430 4408 operatur
1461 4353 1535 4404 vere,
1558 4334 1605 4391 sed
1634 4335 1755 4391 imitatur

108 4421 184 4476 tibus
198 4421 296 4491 quibus
311 4421 338 4475 id
352 4419 410 4476 fieri
425 4422 603 4494 congruebat.
623 4447 634 4472 a
651 4425 726 4481 llicit
741 4443 804 4499 erpo
822 4401 1132 4500 Chri-Dimeginarie,
1163 4435 1252 4482 umen
1282 4435 1393 4481 testatur
1416 4425 1489 4481 illam
1527 4424 1677 4491 victimam,
1706 4439 1756 4479 nos

109 4515 185 4565 stum
194 4511 225 4565 in
234 4511 387 4581 mortisrsto
397 4527 511 4584 corpore
521 4529 580 4579 suo,
590 4513 653 4568 etin
664 4513 809 4571 distinctis
819 4533 906 4573 mem·
960 4532 1025 4571 vere
1039 4516 1191 4571 absterso
1210 4515 1319 4569 interitu
1342 4515 1465 4570 salvare.
1485 4514 1563 4571 Unde
1587 4511 1757 4569 Venerabilis

110 4600 167 4654 bris
182 4600 373 4656 humanitatis
388 4617 455 4669 succ,
471 4602 557 4657 semel
569 4619 683 4674 pessum
698 4605 730 4660 iar
744 4621 826 4661 cruce
839 4624 847 4658 .·
858 4609 905 4677 qui
960 4603 1032 4658 Beda
1045 4605 1073 4658 in
1087 4604 1205 4659 homiliis
1220 4604 1277 4659 suis
1293 4619 1300 4659 :
1320 4627 1331 4651 s
1347 4605 1409 4660 Non
1424 4603 1513 4659 solum
1535 4602 1601 4658 lavit
1616 4616 1667 4657 nos
1689 4618 1756 4672 pec-

108 4706 166 4746 πονο
184 4689 404 4759 manifestasset
420 4691 604 4747 invisibiliter
619 4695 661 4747 est
677 4694 708 4748 in
726 4700 905 4753 sacramento
959 4691 1026 4746 cutis
1048 4691 1149 4747 nostris
1170 4692 1197 4747 iu
1219 4692 1351 4765 sanguine
1373 4708 1434 4759 suo,
1460 4691 1570 4765 quando
1596 4690 1756 4762 sanptinem

108 4777 311 4848 quotidianos
324 4779 649 4851 parsessecqmsipatt
663 4787 900 4854 repraesentatus.
959 4795 1041 4835 suum
1064 4779 1133 4834 ludit
1155 4780 1182 4834 in
1202 4795 1296 4847 cruce,
1313 4797 1406 4837 verum
1437 4781 1517 4836 etiam
1541 4779 1662 4850 quotidie
1684 4778 1757 4833 lavat

110 4864 260 4920 l'eruenim
271 4866 396 4936 passione
407 4866 542 4921 Christum
553 4869 650 4923 iterum
669 4870 802 4926 immolari
814 4857 903 4927 nulls·
957 4885 1007 4924 nos
1020 4868 1047 4923 in
1061 4868 1193 4941 sanguine
1209 4885 1260 4924 suo
1276 4885 1291 4922 a
1306 4868 1545 4939 peccatisnostris,
1560 4884 1621 4922 curn
1632 4866 1755 4936 ejusdem

105 4962 185 5007 tenus
196 4954 374 5023 congruebat,
388 4963 441 5008 turn
452 4955 903 5026 quiaimpessibileeratimmorta·
958 4957 1044 5013 beata
1058 4956 1190 5028 passionis
1203 4957 1335 5013 memoria
1358 4958 1393 5011 ad
1414 4956 1498 5013 altare
1516 4956 1676 5026 replicatur,
1693 4971 1755 5011 cum

103 5041 265 5107 lemoceidi,
278 5051 334 5096 tum
351 5043 414 5114 quia
431 5044 642 5100 erudeleerntin
659 5047 790 5103 sacrificio
805 5048 901 5104 Eecle·
956 5046 1035 5116 panis
1059 5054 1084 5099 et
1104 5046 1158 5101 riui
1179 5053 1307 5102 creatura
1329 5045 1356 5101 in
1389 5054 1590 5102 sacramentum
1614 5045 1707 5100 carnis
1728 5053 1756 5100 et

103 5140 299 5195 siaehomincm
310 5156 384 5196 more
393 5140 538 5196 bestiarum
548 5143 828 5199 sacrificuttdolaniari
837 5145 903 5200 den·
955 5141 1096 5213 sanguinis
1111 5142 1171 5212 ejus
1189 5141 1318 5197 ineffabili
1333 5143 1449 5214 Spiritus
1472 5142 1632 5197 transfertur
1655 5142 1755 5198 sancti·

104 5228 232 5301 tibusque
255 5229 352 5284 vorari.
370 5230 439 5298 Quia
462 5230 553 5300 itaque
574 5232 602 5286 iu
625 5233 712 5287 Deum
735 5233 814 5288 simul
836 5250 900 5290 esse
954 5236 1098 5293 ficatione:
1116 5238 1207 5309 sicque
1222 5255 1322 5311 cerpus
1335 5247 1361 5295 et
1376 5240 1487 5312 sanguis
1502 5240 1573 5295 illius
1587 5255 1642 5294 non
1656 5239 1755 5296 inlide-

103 5338 158 5377 non
173 5332 329 5394 poteramus
344 5327 466 5382 crudeles
488 5336 513 5381 et
539 5328 639 5397 devoti,
655 5329 824 5386 incruentum
839 5347 901 5387 essa
952 5334 1018 5390 lium
1031 5335 1154 5391 manibus
1168 5336 1202 5391 ad
1217 5337 1364 5407 perniciem
1380 5337 1503 5408 ipsorum
1523 5337 1645 5392 tunditur
1658 5346 1686 5393 et
1702 5353 1753 5396 oo-

103 5421 283 5491 congruebet,
300 5424 371 5493 quod
388 5426 461 5494 pium
477 5435 533 5481 erat
549 5425 674 5484 fidelibus
683 5429 792 5495 Christi,
807 5435 899 5485 utnon
952 5434 1058 5500 ciditur,
1075 5433 1124 5490 sed
1138 5433 1256 5490 fidelium
1267 5450 1314 5490 ore
1328 5451 1405 5491 suam
1420 5435 1539 5491 sumitur
1552 5435 1579 5490 in
1594 5435 1721 5494 salutem.
1736 5464 1748 5488 a

103 5531 167 5576 rera
178 5517 276 5574 Christi
285 5520 414 5592 passione
423 5527 449 5579 et
462 5532 549 5581 morte
559 5525 593 5580 ab
604 5525 644 5582 eis
663 5525 898 5584 immolationem·
952 5528 1019 5586 ltem
1034 5529 1167 5586 Eusebius
1177 5527 1336 5586 Emissenus
1348 5545 1354 5585 :
1367 5552 1377 5582 ι
1390 5530 1459 5600 Quia
1467 5546 1567 5604 corpus
1574 5538 1749 5606 assumptum
