3704 6000
114 226 166 283 835

598 220 630 276 ι).
653 220 784 278 albeat
803 220 1035 277 scitotasttct
1056 220 1264 279 LEODiENSIS

1715 223 1763 279 836

109 348 610 425 nusarlCresconiumgrammaticum
627 346 1070 419 (lib.rr.c.bt,t.tX,Asamper
1097 364 1180 405 unum
1210 347 1352 420 baptisma.
1383 346 1412 405 Si
1439 346 1511 411 euim
1547 352 1614 421 quot
1643 345 1762 419 baptiste

111 458 137 499 c.
154 442 215 512 ⁸122)
232 459 239 496 :
259 466 270 488 e
287 440 315 496 Si
331 440 432 512 quaeris
448 438 584 511 quomodo
600 437 734 507 baptizent
749 454 817 509 qum
834 437 912 492 dum-

110 530 186 586 navit
195 528 328 594 Ecclesia,
341 527 504 599 respondeo,
517 526 556 581 sic
565 542 612 581 eos
621 525 767 596 baptizare,
778 526 913 595 quomodo

112 619 250 690 baptizant
271 632 339 687 quos
361 616 502 671 damnavit
525 615 606 680 Deus,
630 624 774 683 antequam
799 615 833 669 de
859 614 914 669 illis

113 706 260 777 quidquam
275 705 411 774 judicaret
428 704 561 759 Ecclesia.
584 728 595 751 a
613 704 677 758 Item
692 703 750 765 (lib.
764 718 801 758 ιιι.
812 718 873 773 cap,
885 706 911 767 ὅ,

111 812 141 851 n.
158 799 184 859 b,
200 812 227 850 c.
248 796 310 861 tots)
329 812 335 848 z
355 820 366 841 «ι
387 793 415 847 Si
429 794 498 848 inter
519 793 606 847 bunos
630 792 780 859 ministros,
796 808 857 847 cum
880 792 914 847 sit

112 884 181 939 alius
195 882 249 938 ulio
264 882 368 949 melior,
384 897 439 936 uon
455 888 495 935 est
509 880 606 935 melior
625 879 774 950 baptismus
798 879 842 950 qui
864 896 913 951 per

111 972 255 1027 meliorem
271 971 360 1033 datrrr,
378 969 453 1025 nullo
470 970 552 1024 niodo
568 977 609 1023 est
624 968 712 1022 malus
723 967 914 1037 quietiamper

110 1062 212 1117 malurn
236 1061 322 1127 datur,
348 1060 411 1129 quia
435 1058 506 1113 idem
522 1057 672 1128 baptismus
686 1057 782 1125 datur;
800 1066 825 1112 et
849 1056 911 1113 idco

109 1165 161 1220 per
173 1149 298 1221 dispares
314 1147 451 1202 ministros
467 1146 515 1200 Dei
531 1162 630 1200 munus
649 1145 763 1217 aequale,
780 1144 911 1215 quianon

111 1239 232 1300 illorum,
250 1237 298 1293 sed
313 1237 373 1307 ejus
389 1244 440 1291 est.
463 1260 473 1283 a
496 1236 561 1289 Item
585 1234 657 1289 idem
680 1234 707 1287 in
731 1233 802 1288 libro
824 1250 849 1288 vr
873 1235 912 1289 Dc

110 1330 249 1401 baptismo
269 1329 339 1397 (cap.
358 1326 383 1392 l,
401 1333 421 1379 t.
442 1324 491 1391 lX,
506 1324 559 1378 col.
585 1325 645 1391 161)
662 1340 667 1376 :
688 1322 805 1377 «Etiam
830 1322 911 1377 corde

113 1417 246 1475 tardiores
259 1414 415 1486 intelligunt
440 1412 603 1482 baptismum
627 1410 724 1466 Christi
748 1410 822 1464 natta
846 1426 911 1481 per-

111 1506 237 1563 versitate
251 1503 340 1557 dantis
355 1501 399 1557 vel
414 1500 571 1570 accipientis
598 1515 677 1570 posse
694 1499 796 1555 violari.
816 1522 827 1547 ι
844 1501 911 1554 ιιειιι

111 1597 185 1651 ιιιειιι
202 1594 260 1648 iac
277 1610 282 1645 :
302 1615 312 1638 a
331 1591 399 1645 lllud
415 1598 442 1644 et
457 1590 483 1644 in
500 1589 609 1644 homino
621 1589 704 1656 justo,
722 1597 746 1642 et
761 1588 787 1641 in
803 1588 911 1643 homine

112 1685 211 1753 injusto
227 1697 337 1749 semper
362 1687 486 1733 sunctum
514 1685 563 1741 est,
589 1677 662 1748 quod
687 1692 774 1745 neque
798 1676 951 1767 alicujusss

113 1772 238 1843 aequitate
261 1776 384 1841 augetur,
402 1783 488 1837 neque
513 1765 624 1832 alicujus
649 1764 789 1836 iniquitate
809 1763 912 1818 minui-

111 1870 165 1917 tur.
185 1884 195 1905 a
215 1861 280 1914 item
298 1858 369 1911 idem
388 1857 414 1909 in
431 1857 499 1909 libro
519 1870 550 1908 ιιι
574 1855 614 1908 ι)ε
639 1853 772 1924 baptismo
796 1854 867 1924 (cup.
882 1856 908 1919 E,

110 1945 163 2004 col.
181 1946 243 2016 113)
261 1962 266 1996 :
287 1964 296 1990 a
315 1939 451 1996 Catholica
467 1938 588 1994 Ecclesia
603 1947 744 2008 propterea
756 1953 808 1992 non
820 1936 909 2002 debet,

110 2036 207 2090 iterare
237 2033 404 2102 baptismum
434 2029 478 2098 qui
508 2028 580 2098 apud
608 2026 748 2081 hereticos
770 2027 909 2091 datusest,

110 2140 145 2180 ue
170 2121 293 2191 judicare
322 2118 444 2173 videatur
471 2117 589 2187 ipsorum
619 2131 679 2170 esse
708 2115 779 2184 quod
810 2113 910 2169 Christi

111 2219 160 2281 est,
187 2219 233 2265 aut
261 2224 310 2263 eos
333 2222 389 2260 nnn
413 2205 526 2271 habere,
550 2204 622 2274 quod
643 2203 715 2257 intus
737 2218 800 2257 curn
825 2217 909 2257 acce-

112 2300 212 2373 perint,
238 2296 365 2352 amittere
392 2295 486 2364 utique
506 2292 581 2347 foras
610 2291 733 2346 exeundo
761 2306 816 2345 non
843 2306 909 2361 pos-

111 2395 185 2443 sunt.
201 2389 275 2442 Untrs
298 2384 381 2456 igitur
408 2383 535 2450 idemque
564 2381 715 2451 baptismus
742 2378 841 2433 Christi
867 2375 909 2432 esi

111 2476 183 2548 apud
205 2490 310 2535 omnes,
340 2473 426 2526 bonos
454 2470 557 2524 scilieet
585 2478 610 2523 et
638 2469 733 2539 malos,
764 2468 908 2522 damnatos

114 2574 140 2621 et
167 2580 221 2619 nun
250 2562 404 2626 damnatos,
432 2558 576 2613 haereticos
605 2564 631 2612 et
659 2571 713 2610 non
742 2555 906 2611 lrmreticos:

115 2656 199 2710 itaut
220 2668 269 2723 per
292 2649 417 2720 dispares
440 2647 580 2701 ministros
604 2662 701 2700 munus
730 2645 779 2700 Dei
800 2660 909 2715 semper

110 2742 216 2811 aequalc
231 2746 276 2807 sit,
294 2739 423 2810 quianon
440 2737 546 2791 illorum
562 2735 609 2790 sed
625 2735 685 2804 ejus
710 2743 760 2803 est,
776 2750 827 2788 nec
847 2749 907 2788 me-

109 2832 163 2887 lius
186 2845 237 2885 nec
261 2827 341 2899 pejus
363 2831 491 2898 qnantum
513 2824 547 2878 ad
570 2822 747 2890 sanctitatem,
772 2837 824 2878 nec
846 2836 907 2875 ma-

107 2923 153 2991 jus
167 2936 218 2975 nec
233 2918 322 2973 minus
336 2923 467 2986 quantum
488 2913 522 2968 ad
537 2913 673 2967 veritatem
686 2931 692 2975 ;
709 2928 762 2965 non
786 2928 801 2965 a
826 2912 906 2965 dante

109 3010 154 3067 vel
169 3008 317 3078 accipiente
332 3005 464 3072 volatum,
477 3018 533 3058 non
557 3001 692 3056 recedenti
721 2999 756 3055 ab
782 2999 906 3055 Ecclesia

110 3099 252 3163 amissum,
269 3110 321 3149 non
335 3092 461 3148 redeunti
478 3090 641 3156 iterandum,
658 3088 727 3143 utin
743 3105 796 3158 quo
808 3088 908 3142 nullius

109 3186 243 3245 momenti
269 3184 361 3239 omnia
383 3182 525 3236 hominum
554 3179 712 3249 judicantur
730 3178 836 3243 merita,
853 3176 909 3231 sola

109 3278 161 3334 Dei
177 3276 269 3330 valere
284 3273 408 3330 credatur
423 3272 519 3343 gratia.
536 3270 563 3323 Si
579 3269 649 3322 enirn
666 3283 714 3338 pro
739 3266 839 3321 meritis
854 3266 909 3320 suis

110 3368 144 3424 ab
161 3364 282 3421 Ecclesia
296 3361 450 3418 recedendo
462 3359 714 3429 possentamittere,
724 3355 909 3426 permanendo

110 3455 242 3515 obtinere,
268 3452 340 3522 qnod
365 3450 414 3521 ipsi
438 3454 549 3519 possent
576 3446 700 3502 conicere
724 3445 767 3501 vel
791 3444 906 3509 aniene,

108 3546 230 3618 ipsorum
245 3558 300 3596 non
322 3540 370 3595 Dei
392 3538 499 3593 videtur
520 3552 592 3592 esse.
611 3559 622 3581 a
638 3536 704 3590 Item
730 3534 805 3604 quad
829 3547 907 3588 rece-

109 3634 184 3689 denti
200 3639 272 3686 esset
287 3629 428 3691 amissum,
445 3625 567 3680 redeunti
582 3634 657 3679 esset
684 3623 834 3678 iterandum
856 3623 907 3676 lie·

109 3730 224 3793 rentqtre
247 3719 301 3772 duo
336 3717 494 3786 baptimate,
520 3714 622 3782 quilius
646 3712 689 3766 bis
719 3718 908 3766 renasceretur

109 3808 292 3882 spiritualiter,
314 3804 402 3858 semel
427 3810 506 3856 natus
527 3802 680 3855 carnaliter.
697 3803 775 3861 item,
791 3799 813 3852 si
835 3797 907 3867 quod

109 3900 144 3954 sit
159 3896 229 3968 apud
246 3894 389 3949 haereticos
404 3907 459 3945 non
476 3900 514 3944 est
534 3899 741 3951 sacramentum,
753 3887 826 3958 quod
844 3902 906 3942 curn

111 3987 164 4042 illis
179 3986 323 4050 rclutatur,
339 3981 464 4051 ipsorum
481 3994 535 4033 non
550 3978 650 4033 Christi
675 3992 735 4031 esse
754 3976 901 4044 judicatur.

112 4078 180 4131 Item
196 4069 422 4139 annulaturapud
443 4084 489 4122 eos
511 4067 646 4121 invocatio
669 4064 753 4119 divini
778 4063 904 4132 nominis,

109 4163 237 4220 iteranda
252 4169 281 4215 ut
296 4160 381 4215 valeat
405 4173 421 4213 a
449 4156 608 4220 Canachus,
623 4155 716 4225 sicque
739 4154 828 4225 gratia
856 4151 905 4207 Dei

106 4254 166 4326 jam
186 4250 261 4325 quasi
277 4265 325 4321 per
353 4264 382 4303 se
411 4247 555 4313 impotens,
572 4243 643 4315 quod
669 4241 741 4297 valet
767 4241 904 4297 hominum

107 4343 212 4400 meritis
238 4340 326 4405 debet,
339 4337 397 4407 jam
412 4336 458 4389 ubi
472 4349 525 4389 non
540 4333 668 4404 gratuita,
685 4331 731 4385 sed
742 4330 846 4386 meritis
856 4331 905 4385 ho·

106 4433 207 4489 minum
223 4428 352 4492 obnoxia,
368 4426 432 4480 dum
447 4426 521 4495 apud
535 4421 678 4478 lrmreticos
693 4419 759 4474 nihil
772 4419 828 4473 sine
843 4434 903 4474 rne-
917 4410 944 4471 D

106 4521 175 4589 ritis,
191 4518 266 4590 apud
290 4514 444 4571 Catholiccs
467 4520 556 4567 autem
578 4519 708 4581 operatur
729 4515 829 4563 tantum
853 4521 902 4578 pro

106 4609 219 4671 meritis,
235 4615 261 4661 et
276 4605 311 4659 ita
324 4603 410 4678 gratia
423 4603 479 4671 jam
495 4616 552 4655 non
567 4607 607 4655 est
621 4597 721 4670 gralia.

143 4700 231 4755 linum
246 4695 328 4767 igitur
342 4694 469 4764 idemque
483 4690 554 4761 apud
569 4704 664 4744 omnes
688 4687 714 4740 in
727 4702 775 4741 sua
789 4683 904 4741 veritate

108 4787 272 4847 credendum
296 4790 337 4839 est
360 4798 418 4838 esse
442 4781 588 4851 baptisma,
603 4784 633 4832 ut
654 4776 784 4832 catholica
809 4774 903 4829 eadem

108 4880 136 4936 in
152 4895 201 4933 sua
215 4875 317 4930 unitate
335 4871 472 4927 Ecclesia.
495 4869 569 4925 Sicut
584 4867 657 4923 cuim
677 4881 746 4920 unus
761 4871 802 4919 est
826 4863 905 4917 Pater

108 4966 261 5037 nosterqui
276 4972 317 5019 est
332 4963 358 5017 in
387 4960 471 5029 cmlis,
489 4959 528 5015 sic
554 4964 581 5013 et
608 4972 706 5027 sponsa
732 4955 791 5023 ejas
818 4962 904 5007 mater

106 5076 202 5123 nostra
216 5062 337 5121 Ecclesia
351 5075 405 5115 una
428 5066 469 5115 est
490 5073 544 5129 quo
565 5062 691 5129 generat,
707 5053 747 5108 sic
768 5059 795 5106 ct
818 5068 903 5106 unum

105 5164 243 5235 baptisma
258 5177 319 5232 quau
334 5164 464 5231 gencrat;
480 5154 551 5226 quia,
565 5153 626 5207 licet
638 5149 903 5220 diverssesintaqure

105 5261 220 5317 dirersis
244 5259 311 5314 locis
334 5264 360 5312 et
378 5253 554 5325 temporibus,
571 5267 625 5306 non
645 5258 735 5304 tamen
760 5247 904 5303 conlitetur

105 5359 158 5415 nisi
183 5374 268 5413 unum
287 5357 419 5426 baptisma
441 5352 468 5407 in
491 5350 680 5406 remissionem
704 5352 901 5418 pcccatorum;

104 5456 178 5529 quia,
194 5462 264 5509 teste
278 5449 416 5523 apostolo,
432 5465 502 5505 uuus
517 5448 658 5517 bantinus,
666 5464 720 5505 aaa
730 5446 805 5519 sides,
819 5460 902 5503 unum

87 5550 217 5623 hgatrhm
230 5551 342 5622 (Ecba.
357 5565 400 5619 rr,
416 5549 456 5621 s).
465 5548 602 5607 Sinrilitcr
613 5555 641 5607 ct
654 5546 757 5607 diversi
764 5545 902 5621 baptiste,

968 444 1006 491 tot
1029 446 1117 508 patres
1138 452 1306 510 regenerare
1325 437 1510 505 crederentur,
1525 444 1597 493 esset
1618 450 1762 509 regenera-

969 525 1186 598 tiogeneratione
1200 526 1326 582 deterior.
1342 526 1568 582 Generatioenim
1579 524 1701 582 carnalis
1716 524 1762 579 ab·

967 631 1021 669 nno
1045 616 1154 670 homine
1181 615 1273 686 erepit,
1293 630 1328 671 ne
1349 624 1444 671 contra
1465 630 1494 670 se
1509 615 1629 669 humana
1643 627 1763 685 propage

967 705 1127 775 erigeretur,
1143 712 1199 759 eta
1226 720 1256 759 se
1284 703 1452 759 divideretur
1482 719 1531 775 per
1557 701 1732 773 superbiam,
1743 701 1762 756 si

967 807 1021 846 nou
1036 792 1070 847 ab
1085 808 1152 859 uno,
1168 793 1216 848 sed
1233 792 1266 847 ab
1281 792 1333 848 isto
1348 799 1375 848 et
1391 792 1426 847 ab
1449 791 1496 848 illc
1517 791 1617 848 melius
1638 798 1666 847 et
1689 789 1761 861 pejus

966 880 1104 936 habuisset
1127 880 1261 952 originem
1283 881 1413 953 primam.
1432 878 1521 949 Quam
1542 881 1628 935 multo
1647 878 1761 935 deterius

966 970 1139 1041 regeneratio
1154 970 1303 1039 spiritualis
1317 986 1371 1025 non
1386 969 1420 1024 ab
1434 985 1489 1026 uuo
1508 970 1575 1033 Deo,
1593 968 1644 1025 sed
1664 968 1700 1022 ab
1715 966 1761 1025 isto

966 1067 992 1112 et
1007 1058 1040 1111 ab
1055 1057 1102 1114 illo
1115 1058 1213 1115 melius
1228 1059 1270 1115 vel
1286 1059 1365 1129 pejus
1381 1057 1469 1123 lieret,
1485 1058 1508 1113 si
1531 1064 1570 1115 tot
1590 1064 1683 1128 patres
1701 1064 1761 1127 quat

966 1146 1096 1217 baptistas
1109 1147 1230 1203 haberet.
1247 1147 1372 1204 Secunda
1385 1147 1457 1202 enim
1469 1145 1610 1220 generatio
1623 1144 1694 1201 nihil
1708 1160 1760 1201 am·

964 1236 1194 1307 plinsconlerens
1209 1253 1290 1307 quam
1304 1236 1389 1307 prima
1412 1251 1466 1291 uon
1490 1235 1611 1293 caelestis
1635 1234 1687 1289 sed
1707 1246 1759 1291 ter-

965 1340 1041 1391 rena,
1065 1326 1133 1380 sieut
1155 1334 1181 1380 et
1204 1325 1300 1396 prima,
1330 1325 1484 1392 diceretur;
1510 1324 1612 1398 hliique
1634 1322 1759 1381 Ecclesia

966 1413 1079 1468 terrenis
1092 1414 1213 1484 patribus
1234 1413 1334 1479 renati,
1349 1413 1412 1485 quia
1436 1410 1483 1467 filii
1502 1412 1552 1468 Dei
1579 1428 1635 1468 noti
1660 1418 1757 1479 essent,

965 1518 1015 1557 nec
1033 1502 1155 1558 haeredes
1179 1502 1239 1567 Dei,
1260 1517 1310 1557 nec
1339 1501 1497 1558 cohaeredes
1524 1501 1624 1557 Christi
1656 1500 1758 1568 herent,

966 1590 1029 1660 quia
1042 1590 1068 1643 in
1084 1591 1293 1662 regeneratione
1305 1606 1353 1646 sua
1377 1589 1443 1645 tanti
1465 1589 1549 1662 patris
1572 1589 1715 1646 nobilitate
1735 1597 1760 1646 et

968 1679 1121 1734 hereditate
1136 1679 1223 1734 orbati
1245 1688 1344 1734 essent.
1362 1678 1485 1734 Ecclesia
1507 1678 1589 1734 etiam
1615 1678 1707 1733 divisa
1725 1686 1761 1735 tot

968 1767 1100 1835 Patribus,
1116 1769 1254 1823 variorum
1270 1767 1444 1823 schismatum
1468 1766 1631 1823 contusione
1654 1767 1758 1838 pericli-

966 1856 1157 1919 tardandum
1182 1872 1235 1928 ego
1260 1856 1366 1927 Apollo,
1390 1871 1442 1928 ego
1464 1864 1557 1912 autem
1581 1856 1693 1926 Cephea,
1709 1870 1759 1929 ego

965 1953 1055 1999 autem
1078 1944 1152 1999 Pauli
1175 1946 1201 2015 (t
1221 1946 1310 2011 Corn,
1334 1946 1377 2015 ta)
1399 1944 1435 1999 ab
1456 1944 1583 2000 omnibus
1605 1944 1759 2000 adulterinis

965 2031 1035 2097 litiis,
1056 2033 1133 2102 quasi
1159 2033 1186 2087 iu
1214 2033 1375 2089 divisionem
1403 2032 1502 2088 Christi
1530 2041 1756 2105 perstreperetur.

965 2123 998 2175 Et
1013 2138 1073 2193 quae
1087 2128 1158 2177 esset
1172 2122 1289 2177 charitas
1304 2121 1349 2177 ubi
1364 2137 1418 2178 non
1429 2121 1619 2177 essetuuitas?
1629 2121 1701 2177 Cum
1712 2121 1759 2194 igi-

965 2217 1008 2264 tur
1022 2211 1099 2265 radix
1115 2212 1235 2266 omnium
1249 2210 1382 2266 bonorum
1397 2209 1560 2275 sitdilectio,
1570 2210 1758 2267 Ecclesiasiue

964 2299 1117 2355 dilectionis
1131 2301 1235 2356 unitata
1260 2300 1382 2356 omnium
1406 2300 1539 2356 bonomm
1558 2298 1716 2372 privaretur
1734 2308 1760 2357 et

965 2388 1062 2444 merito
1077 2389 1235 2459 etpraemio.

1272 2460 1387 2516 CAPUT
1405 2461 1451 2515 tv.

965 2547 1043 2616 Quod
1058 2548 1135 2633 dieas
1147 2550 1275 2633 pretiosa
1289 2552 1470 2605 sacramenta
1492 2550 1529 2634 ta·
1548 2563 1610 2634 aaa
1625 2550 1759 2633 pretiosis

998 2622 1254 2762 Ξξὲεὲειίιιιῖἑῧίοίειι,
1269 2637 1328 2676 noa
1343 2626 1376 2677 at
1387 2623 1483 2676 escant
1503 2621 1573 2677 valta
1590 2625 1620 2677 et
1638 2622 1759 2691 obtecta,

997 2780 1038 2835 Ne
1053 2796 1121 2851 ergo
1137 2779 1262 2835 Ecclesia
1272 2788 1309 2835 tot
1322 2782 1415 2836 Patres
1430 2780 1531 2836 habere
1544 2779 1682 2848 videatur,
1699 2780 1760 2851 qui-

962 2867 1013 2923 bus
1029 2870 1160 2924 unitatem
1175 2885 1255 2925 suam
1271 2870 1395 2940 dissipet,
1414 2877 1441 2925 et
1455 2886 1471 2925 a
1492 2868 1632 2925 nobilitate
1656 2869 1761 2926 coelesti

960 2958 1119 3029 degeneret,
1135 2957 1227 3012 omnia
1241 2967 1414 3013 sacramenta
1433 2958 1517 3013 solius
1539 2957 1589 3013 Dei
1613 2958 1762 3013 creduntur

922 3053 1034 3115 cesse,
1063 3061 1123 3116 quta
1152 3062 1233 3116 quam
1261 3047 1387 3117 gratuita,
1415 3062 1497 3118 quam
1521 3046 1608 3112 utilia,
1625 3062 1762 3119 quamque

963 3134 1109 3205 magnifica
1132 3135 1236 3200 lecerit,
1257 3136 1418 3190 studeamus
1443 3135 1626 3206 perpendere,
1648 3142 1677 3189 at
1699 3150 1761 3191 cum

963 3222 1110 3278 viderimus
1125 3224 1159 3278 de
1171 3224 1308 3293 quantulis
1323 3223 1404 3279 rebus
1420 3232 1520 3294 quanta
1544 3222 1679 3279 Ecclesiae
1705 3238 1761 3279 sue

963 3312 1094 3378 conterat,
1108 3312 1130 3366 si
1145 3312 1229 3367 solius
1246 3312 1293 3368 [tei
1309 3312 1365 3366 siut
1379 3312 1448 3383 ipsa,
1466 3320 1492 3367 et
1507 3328 1555 3383 per
1569 3312 1630 3383 ipsa
1651 3311 1762 3383 opemri

962 3399 1213 3455 manifestissimum
1229 3399 1284 3455 hat.
1300 3399 1403 3455 Omnes
1420 3398 1632 3457 sacramentales
1649 3400 1761 3470 species

963 3496 1061 3543 nutura
1081 3490 1123 3544 vel
1141 3489 1288 3559 quantitate
1310 3504 1359 3543 sua
1379 3488 1417 3542 ita
1448 3488 1547 3543 nullius
1573 3486 1762 3543 estimationis

962 3586 1023 3632 scrut
1050 3578 1078 3631 in
1105 3579 1203 3647 pretio,
1220 3585 1252 3633 ut
1280 3577 1315 3632 ad
1343 3577 1566 3632 sacramentalem
1594 3577 1761 3649 dignitatem

962 3667 1036 3722 nullo
1050 3683 1098 3722 suo
1114 3683 1259 3738 assurgere
1271 3666 1416 3723 videantur
1432 3666 1576 3738 privilegio
1594 3683 1601 3720 :
1618 3665 1672 3720 nisi
1687 3664 1761 3738 quod

961 3756 1025 3810 dum
1041 3756 1155 3811 naturali
1170 3755 1344 3810 similitudine
1363 3771 1412 3809 sua
1434 3753 1546 3810 allectus
1569 3762 1759 3811 sacramenta·

962 3845 994 3899 lis
1009 3845 1179 3916 praetendant
1195 3846 1319 3899 umbram
1341 3845 1386 3898 vel
1408 3843 1566 3914 imaginem,
1581 3843 1617 3898 ad
1642 3843 1761 3899 similem

960 3934 1046 3989 suncti
1061 3934 1177 4003 Spiritus
1190 3933 1303 4005 gratiam
1318 3932 1518 4003 percipiendam
1543 3932 1635 4005 magis
1657 3948 1759 3989 acceu-

961 4022 1026 4077 dunt
1041 4030 1069 4077 et
1080 4022 1226 4077 certificant
1242 4021 1334 4075 fidem.
1353 4018 1432 4077 Verbi
1458 4020 1566 4092 gratia:
1583 4023 1613 4075 ln
1639 4028 1760 4093 quatuor

959 4112 1104 4182 speciebus
1117 4111 1248 4167 Ecclesiae
1262 4118 1432 4165 sacramenta
1452 4110 1570 4165 inanime
1593 4109 1757 4179 consistunt,

960 4217 1028 4271 aqua
1044 4200 1155 4266 scilieet,
1167 4200 1239 4266 olco,
1255 4216 1325 4271 pane
1340 4207 1367 4254 et
1381 4198 1455 4254 vino.
1478 4202 1567 4270 Aqua,
1583 4197 1648 4255 licet
1671 4199 1759 4255 omni·

960 4291 1010 4345 bus
1026 4292 1060 4344 sit
1076 4288 1240 4355 necessaria,
1255 4288 1329 4343 nulla
1353 4296 1442 4342 tamen
1465 4303 1513 4342 sua
1538 4286 1687 4343 venalitate
1714 4295 1758 4345 est

959 4378 1088 4450 pretiosa.
1105 4378 1201 4433 Oleum
1228 4392 1305 4443 varo,
1324 4375 1414 4447 panis,
1435 4383 1463 4431 et
1489 4376 1581 4433 vinum
1610 4375 1640 4431 iu
1661 4391 1757 4433 sacra·

959 4467 1102 4523 mentoita
1125 4466 1258 4537 paucitate
1279 4481 1329 4520 sua
1357 4462 1489 4536 effugiunt
1516 4463 1593 4536 pretii
1618 4466 1757 4537 quantita·

957 4566 1020 4623 tem,
1037 4562 1067 4612 ut
1078 4556 1181 4611 nullam
1193 4554 1246 4610 uisi
1271 4555 1299 4607 in
1327 4553 1458 4624 spirituali
1483 4553 1573 4627 gratia
1594 4553 1649 4609 sibi
1665 4553 1757 4610 vindi·

955 4661 1017 4703 carc
1043 4644 1184 4699 videantur
1209 4642 1361 4699 utilitatem.
1383 4641 1464 4712 Quod
1491 4651 1580 4699 tamen
1611 4658 1669 4700 nou
1693 4643 1755 4701 ideo

956 4734 1021 4790 lecit
1039 4734 1121 4799 Deus,
1137 4741 1167 4788 ut
1193 4734 1256 4803 quia
1284 4740 1454 4788 sacramenta
1479 4749 1530 4788 sua
1557 4731 1650 4803 specie
1679 4740 1756 4787 teum

956 4824 1093 4882 venalitati
1109 4839 1164 4878 nun
1177 4830 1240 4877 sunt
1253 4821 1362 4889 idonea,
1377 4821 1466 4893 magis
1491 4820 1556 4877 vilia
1572 4820 1716 4877 videantur
1727 4828 1755 4877 et

956 4915 1071 4983 abjecta,
1087 4914 1135 4969 sed
1158 4911 1245 4983 magis
1269 4910 1396 4982 gratuita,
1423 4919 1453 4965 ut
1479 4908 1544 4965 dum
1569 4910 1596 4965 iu
1621 4910 1661 4965 eis
1688 4907 1755 4965 nihil

955 5005 1062 5063 videtur
1077 5002 1176 5069 valere,
1193 5000 1246 5056 nisi
1260 5000 1333 5073 quod
1347 5015 1425 5054 suum
1440 5003 1490 5063 est,
1502 4998 1641 5055 omuesde
1651 4998 1693 5054 eis
1701 4996 1754 5053 sibi

954 5094 1004 5149 soli
1020 5092 1184 5147 haberentur
1198 5089 1304 5162 gratiae,
1321 5088 1365 5160 qui
1388 5088 1416 5141 in
1444 5088 1501 5143 suis
1528 5084 1669 5143 beneficiis
1698 5101 1752 5142 nu-

956 5192 1038 5239 stram
1067 5180 1180 5237 abstulit
1207 5194 1357 5249 expensam
1392 5192 1427 5232 ne
1459 5191 1648 5249 gravaremur,
1676 5190 1754 5232 suam

955 5271 1066 5330 contulit
1082 5267 1324 5339 incomparabilem
1339 5267 1467 5339 gratiam,
1478 5274 1504 5320 ut
1520 5265 1635 5321 hilarius
1646 5266 1755 5337 juvarc·

956 5378 1025 5418 mur.
1046 5361 1075 5416 Si
1089 5361 1161 5415 enim
1177 5358 1203 5412 in
1220 5356 1386 5427 quibuslibet
1413 5354 1620 5426 pretiosioribus
1647 5354 1756 5425 specie·

954 5452 1007 5508 bus
1021 5455 1192 5507 sacramenta
1213 5461 1264 5503 sua
1285 5447 1359 5500 Deus
1381 5443 1551 5509 instituisset,
1567 5458 1630 5516 qum
1653 5451 1751 5499 ustura

954 5550 983 5601 et
1008 5539 1155 5614 quantitate
1173 5550 1225 5595 sua
1249 5535 1286 5591 ita
1312 5541 1405 5591 esseut
1429 5533 1563 5606 pretiosa,
1576 5541 1606 5591 ut
1631 5532 1754 5605 mundas
