3728 6000
57 238 109 293 225

658 231 887 288 itauttht'tvm
905 231 1117 288 ORATIONES.

58 361 172 429 habent,
200 375 379 432 quecumque
398 357 528 426 impediat
543 353 586 410 rel
601 356 719 411 retardet
734 356 858 411 necessi·
872 356 900 415 Α
916 353 984 410 sicut
1007 355 1123 410 Thomas
1146 355 1241 427 (doun.
1265 357 1321 426 rr),
1344 355 1392 412 sed
1416 355 1443 410 in
1463 365 1584 427 apertum
1611 359 1711 415 ostium

58 455 112 512 tas,
127 451 262 521 malisque
277 450 304 504 in
321 449 391 503 malo
406 463 457 501 suo
472 446 602 500 terminos
615 444 769 515 praefixisti,
790 458 859 514 quos

56 538 198 610 praeterire
214 538 317 593 nonsit
336 543 466 608 potestas,
485 534 593 589 etiamsi
609 549 663 588 non
677 532 747 588 desit
760 531 859 586 volun·

55 634 107 682 lu.

90 713 270 779 DDomine,
292 713 352 768 haec
366 711 489 777 altitudo,
520 711 571 765 hoc
595 708 770 780 profundum,
801 709 861 763 hteo

53 804 202 877 sapientia,
225 804 282 857 haec
297 802 403 867 virtus;
434 798 555 870 nunquid
578 799 630 853 hoc
644 802 756 862 coeium,
781 796 861 865 cujas

56 902 85 949 tu
108 908 139 947 es
164 891 292 947 ostium?
315 889 360 944 Sic
383 888 475 959 plane,
499 889 539 942 sic
563 894 611 941 est.
635 886 712 942 Unde
727 895 753 939 et
767 892 859 955 aperto

58 981 141 1049 ostio,
159 981 233 1035 sicut
245 978 312 1034 dicit
324 977 396 1032 idem
410 978 533 1032 loannes
558 992 565 1029 r
591 1000 601 1023 u
620 976 691 1030 hrca
704 972 862 1029 testamenti

59 1071 116 1126 risa
128 1080 175 1125 est
190 1069 217 1122 in
231 1068 300 1123 coelo
312 1067 410 1138 (Apoc.
428 1066 457 1137 ι).
475 1088 486 1112 n
516 1063 588 1133 Quid
603 1064 674 1118 euim
690 1073 730 1117 εει
742 1078 803 1117 arra
819 1072 862 1115 te·

54 1158 186 1215 elementi
204 1156 385 1228 recognitam
400 1155 480 1221 eaelo,
498 1153 560 1217 nisi,
577 1152 647 1208 sieut
662 1151 728 1207 dicit
743 1155 861 1222 tlposto-

54 1247 106 1317 ha,
136 1244 314 1314 dispensatio
328 1242 491 1299 sacrementi
507 1240 658 1296 absconditi
674 1256 688 1292 a
704 1240 811 1294 seculis
833 1239 862 1292 in

57 1337 130 1403 Deo,
155 1334 203 1406 qui
219 1332 310 1389 onmia
324 1331 429 1387 crearit
444 1330 554 1402 (Ephes.
572 1330 635 1398 utl‘?
653 1329 692 1383 Tu
708 1328 779 1382 enim
797 1343 863 1382 vere

57 1440 122 1480 arca
136 1420 295 1477 testamenti
310 1437 349 1488 es,
365 1420 392 1474 iu
403 1435 459 1490 quo
470 1418 636 1472 reconditum
654 1423 695 1470 est
710 1431 727 1471 a
743 1417 861 1484 saeculis,

56 1522 82 1568 et
98 1512 128 1566 in
138 1510 422 1578 norissimotempore
437 1507 577 1578 impletum
590 1506 720 1575 quidquid
737 1506 771 1558 ab
786 1503 863 1558 initio

57 1600 154 1655 mnndi
171 1615 187 1654 a
207 1598 310 1653 sanctis
329 1596 456 1652 omnibus
477 1603 503 1649 et
526 1594 667 1664 prophetis
690 1592 862 1646 restilieatum

55 1699 103 1757 est,
122 1689 196 1759 lege,
213 1685 376 1757 prophetiis,
391 1683 479 1756 signis
499 1690 526 1736 et
537 1681 680 1753 prodigiis.
695 1681 733 1735 'lu
753 1695 815 1735 area
830 1696 860 1735 es
875 1709 901 1769 B

54 1779 237 1833 circumtexta
256 1791 290 1830 ex
313 1773 387 1829 omni
413 1779 489 1842 parte
513 1786 581 1826 auro
596 1770 718 1833 mundo;
747 1770 811 1840 quia
832 1769 859 1820 in

55 1875 80 1922 te
93 1864 242 1936 requierit,
263 1872 344 1933 teque
367 1870 452 1915 totum
472 1859 615 1928 complexa
638 1866 682 1911 est
704 1855 860 1926 glorificans

54 1949 199 2020 sapientiae
220 1946 273 2002 Dei
296 1944 448 2015 plenitudo.
481 1945 511 1998 ln
525 1950 551 1999 te
575 1951 614 1998 est
629 1958 695 1995 urna
712 1956 794 1995 aurea
810 1940 860 1994 ho·

56 2039 256 2104 benemanna,
285 2042 377 2089 sancta
400 2042 426 2088 et
452 2031 624 2086 immaculata
652 2031 752 2097 anima,
781 2043 862 2099 quam

58 2125 244 2198 corporaliter
276 2121 436 2178 inhabitarit
468 2120 607 2192 plenitudo
635 2118 805 2179 dirinitatis;
836 2125 863 2172 et

58 2216 138 2288 virga
166 2216 256 2269 Aaron
286 2229 347 2283 quae
376 2209 542 2275 fronduerat,
572 2208 691 2279 dignitas
720 2204 862 2261 sacerdotii

60 2304 176 2369 aeterui3
200 2310 229 2357 et
248 2300 349 2356 tabutas
363 2297 527 2365 testamenti,
558 2297 656 2366 quibus
670 2298 757 2350 haeres
767 2295 863 2367 gratim

61 2399 116 2447 tum
130 2390 294 2446 constitutus
315 2395 355 2442 est
376 2386 505 2453 mundus,
526 2394 675 2457 gentesque
691 2386 787 2454 positae
802 2388 865 2437 suut

66 2479 234 2546 cohaeredes,
255 2485 281 2532 et
296 2476 515 2546 concorporales,
535 2483 564 2528 et
579 2471 790 2543 comparticipes
804 2486 866 2541 pro·

67 2568 203 2623 missionis
213 2574 277 2622 tuae.
289 2565 377 2636 Supra
387 2581 446 2635 quae
456 2563 602 2618 Cherubim
611 2561 715 2632 glorie,
726 2559 865 2632 plenitudo

70 2658 190 2713 scientiae
204 2670 212 2724 ;
227 2671 308 2726 supra
318 2661 418 2718 autem,
429 2668 483 2708 non
499 2651 577 2723 quasi
593 2649 727 2723 dignitate
742 2647 867 2718 praeemi-

74 2746 170 2813 nentia,
195 2744 244 2800 sed
268 2743 303 2798 ab
333 2743 374 2797 his
399 2741 498 2812 portari
527 2748 552 2796 et
581 2738 669 2793 fulciri
698 2737 864 2808 indigentia3

10 2876 12 2881 .
78 2833 262 2890 obumbrantia
288 2831 515 2903 propitiatorium,
543 2829 641 2893 idest,
675 2827 866 2899 mysteriorum

10 2972 12 2977 .
80 2921 238 2992 propitiantis
258 2920 353 2993 gratiae
375 2926 428 2974 tuta
453 2915 803 2981 incomprehensibilitatem
832 2919 868 2966 te.

85 3010 180 3065 stantia.
211 3010 277 3065 llaec
296 3008 369 3062 bona
391 3022 407 3062 a
430 3005 539 3061 secutis
561 3006 588 3059 in
612 3002 682 3060 coelo
706 3003 801 3057 secreti
824 2997 866 3054 tui

85 3095 230 3166 thimnata,
254 3097 282 3152 iu
303 3095 358 3151 fine
382 3094 542 3151 saeculorum
575 3091 742 3147 desideranti
765 3089 867 3144 mundo

10 3206 13 3273 q
89 3187 220 3255 ostendisti,
241 3201 301 3242 cunr
317 3183 490 3254 temetipsum
511 3184 610 3238 ostium
625 3181 653 3235 in
667 3180 740 3237 eoelo
754 3178 867 3248 aperui-

10 3284 13 3325 t
87 3273 122 3327 sti.
139 3275 268 3346 hperuisti
283 3283 385 3344 autem,
401 3289 463 3329 curu
477 3271 601 3343 apparuit
614 3269 703 3343 gratia
717 3276 761 3323 tua
776 3268 867 3321 omni-

10 3390 13 3425 ι
88 3358 298 3428 bushomiuihus,
326 3362 456 3417 erudiens
468 3374 540 3428 nos;
570 3357 771 3429 cumapparuit
787 3355 866 3411 beni·

10 3454 12 3459 '
89 3449 202 3519 quintet
225 3450 380 3506 humanitas
398 3460 454 3513 tua,
482 3465 534 3504 nou
559 3464 592 3502 ex
616 3444 868 3518 operibusjustitiae

90 3552 137 3606 que
148 3538 254 3595 lecimus
268 3554 329 3604 nos,
345 3538 392 3593 sed
405 3537 556 3593 secundum
568 3534 783 3591 misericordiam
794 3541 867 3587 tuarn

89 3625 159 3681 tatros
173 3645 220 3683 uos
236 3627 340 3684 faciens
350 3628 417 3698 (Tit.
434 3628 475 3695 u).
504 3626 580 3680 Tunc
595 3632 689 3693 aperto
703 3622 772 3678 eoelo
787 3635 869 3676 omne

90 3712 183 3782 honum,
202 3716 291 3772 omnis
312 3716 432 3770 suavitas
447 3713 509 3771 ooeti
524 3731 554 3768 se
568 3712 647 3768 terris
661 3712 771 3766 inludit.
793 3710 868 3764 Tunc

90 3812 170 3872 quauta
191 3806 217 3860 in
232 3814 259 3860 te
278 3811 352 3859 esset
373 3803 481 3857 bonitas
500 3802 572 3857 cirea
593 3816 653 3868 nos,
674 3815 690 3856 o
712 3801 796 3862 Deus,
823 3796 869 3868 qui

87 3895 179 3962 proprio
202 3894 268 3949 etho
292 3900 338 3949 tuo
366 3908 421 3946 noa
454 3891 610 3963 pepercisti,
643 3890 689 3943 sed
718 3904 768 3958 pro
790 3887 869 3941 nobis

88 3982 193 4037 omnibus
212 3981 346 4037 tradidisti
371 3997 445 4049 eum,
469 3978 597 4035 omuibus
621 3977 712 4049 palam
733 3974 867 4042 introtuit;

88 4078 238 4127 coauctam
256 4070 343 4126 iecisti
360 4071 463 4125 mundo
478 4069 597 4123 salutare
612 4074 696 4129 tuum,
716 4064 783 4120 etin
799 4080 868 4120 cou-

89 4167 164 4226 spocta
189 4159 312 4233 gendum
333 4159 458 4214 revelasti
477 4156 608 4227 Justitiam
628 4164 711 4223 tuam,
742 4169 824 4225 quam
841 4154 869 4208 iu

87 4248 200 4320 anguine
217 4248 290 4304 unici
312 4247 350 4303 tui
374 4247 454 4303 nobis
475 4246 580 4312 lecisti3
606 4260 667 4301 eom
688 4243 748 4315 ipse
766 4251 870 4298 castam

87 4334 213 4392 thanatio
239 4335 424 4393 obedientiam
451 4334 524 4391 circa
545 4334 721 4390 salvationem
749 4340 868 4386 nostram

914 444 962 498 toti
991 444 1123 499 intremus
1151 461 1237 515 usque
1264 446 1298 499 ad
1324 453 1480 510 cortuum,
1509 447 1583 514 lesu,
1609 453 1712 503 certam

913 531 1005 586 sedem
1024 533 1229 600 nttscricordtae,
1254 550 1339 604 usque
1362 534 1395 588 ad
1416 534 1534 588 animam
1554 542 1626 589 tuam
1646 551 1712 591 san·

914 631 995 685 ctam,
1020 621 1128 690 plenam
1148 624 1238 676 omnis
1254 622 1430 692 plenitudinis
1446 622 1506 689 Dei,
1528 623 1712 695 plenamgra-

915 711 958 764 tiae
986 717 1011 763 et
1039 709 1171 776 veritatis,
1199 709 1295 765 salutis
1322 715 1350 766 et
1379 711 1573 766 consolationis
1598 721 1712 773 nostra.

915 797 1007 866 Aperi,
1039 798 1165 864 Domine,
1192 799 1291 852 ostium
1307 798 1397 853 lateris
1409 813 1480 854 arcae
1494 808 1557 865 tuae,
1574 807 1602 854 ut
1616 801 1712 872 ingre·

915 886 1023 940 diantur
1046 902 1141 941 omnes
1166 886 1292 941 salvandi
1311 888 1349 942 tui
1378 903 1394 942 a
1422 887 1490 942 lacie
1518 887 1615 944 diluvii
1630 889 1712 960 hujus

916 973 1074 1028 inundantis
1093 983 1302 1044 superterram
1320 977 1393 1045 aperi
1412 975 1491 1030 nobis
1505 975 1575 1031 latus
1590 977 1724 1048 eorporis.

916 1062 954 1116 tui
979 1071 1008 1117 ut
1035 1062 1223 1135 ingrediantur
1246 1064 1291 1136 qui
1316 1063 1472 1120 desiderant
1495 1065 1587 1120 ridere
1609 1065 1713 1122 occulta

916 1150 985 1219 Filii,
1008 1159 1033 1206 et
1046 1152 1198 1222 suscipiant
1219 1151 1381 1222 profluentia
1396 1169 1428 1207 ex
1444 1168 1477 1207 eo
1488 1162 1669 1223 sacramenta,
1684 1158 1713 1211 et

916 1241 1030 1309 pretium
1056 1239 1251 1311 redemptionis
1274 1256 1340 1296 suae.
1369 1241 1452 1310 Aperi
1472 1243 1569 1296 ostium
1586 1242 1646 1297 coeli
1662 1242 1712 1310 tui,

916 1336 943 1383 ut
959 1329 1067 1383 rideant
1081 1329 1153 1384 bona
1170 1329 1278 1383 Domini
1295 1330 1320 1383 in
1336 1335 1411 1385 terra
1422 1330 1568 1384 virentium
1580 1330 1714 1398 redempti

917 1417 963 1485 tui,
989 1418 1033 1488 qui
1057 1418 1146 1473 adhuc
1167 1417 1287 1472 labomnt
1312 1418 1426 1473 interra
1444 1419 1641 1483 morientium
1670 1418 1714 1472 ri·

916 1506 997 1560 deant
1011 1516 1037 1560 et
1052 1507 1254 1576 concupiscant,
1290 1507 1406 1562 ardeant
1424 1515 1451 1562 et
1470 1517 1587 1574 currant,
1616 1505 1715 1578 quibus

918 1594 1006 1649 iactus
1021 1611 1050 1649 es
1066 1597 1107 1649 ria
1129 1612 1275 1666 perquam
1292 1596 1354 1651 illuc
1368 1595 1438 1665 itur;
1470 1597 1568 1650 veritas
1582 1597 1616 1649 ad
1632 1611 1714 1666 quam

917 1682 986 1748 itur;
1016 1683 1070 1736 rita
1091 1691 1299 1755 propterquam
1321 1684 1393 1747 itur;
1422 1687 1476 1748 ria,
1492 1684 1648 1755 exemplum
1661 1683 1714 1738 hu-

917 1770 1051 1837 militatis;
1069 1772 1175 1835 veritas,
1192 1772 1334 1842 puritatis;
1352 1773 1416 1841 rita,
1432 1772 1487 1827 rita
1501 1780 1614 1827 aeterna.

950 1859 1013 1913 ttae
1042 1860 1134 1913 omnia
1165 1859 1248 1914 lactus
1271 1865 1312 1915 est
1335 1860 1423 1925 nobis,
1448 1860 1602 1916 misericors
1625 1861 1713 1931 Pater,

915 1947 1005 2002 suavis
1021 1946 1148 2016 Domine,
1177 1948 1265 2003 dulcis
1279 1947 1372 2018 irater,
1401 1949 1446 2020 qui
1462 1965 1554 2002 sumus
1575 1947 1649 2003 lilioli
1666 1949 1713 2015 lui,

916 2035 1017 2108 quibus
1037 2036 1147 2091 dicebas
1164 2053 1170 2090 :
1194 2036 1295 2093 Filioli
1308 2038 1376 2103 mei,
1400 2035 1494 2093 adhuc
1508 2037 1649 2092 modicum
1665 2049 1714 2092 vo·

917 2123 1023 2179 hircum
1036 2140 1099 2179 sam
1115 2125 1206 2189 (loon.
1222 2127 1279 2194 ιιιι)
1297 2144 1303 2180 :
1319 2125 1390 2179 serri
1406 2127 1454 2193 toi,
1471 2125 1569 2197 quibus
1582 2125 1714 2181 dicebas:

922 2214 968 2268 Vos
980 2214 1084 2269 uocatis
1094 2229 1149 2277 me,
1159 2214 1327 2283 lloqirteret
1337 2214 1469 2270 Domine:
1480 2217 1508 2268 et
1518 2215 1586 2269 bene
1597 2213 1693 2270 dicitis
1705 2233 1716 2283 ;

918 2317 980 2356 ram
997 2304 1103 2357 etenim
1117 2300 1208 2372 (ibid.)
1224 2319 1230 2355 :
1248 2301 1344 2356 iratres
1358 2301 1511 2371 tui‚quibus
1525 2302 1672 2370 mandasti,
1687 2309 1717 2357 ut

918 2391 1001 2458 irent,
1027 2389 1070 2444 ubi
1086 2399 1112 2444 te
1128 2389 1264 2445 riderent.
1289 2389 1313 2445 0
1329 2390 1399 2445 bone
1414 2391 1502 2457 Pater,
1523 2390 1609 2446 dulcis
1622 2389 1716 2460 irater,

920 2477 1013 2533 suavis
1037 2477 1163 2543 Domine,
1188 2478 1277 2533 bonus
1305 2477 1435 2548 quidquid
1464 2495 1502 2546 es,
1532 2486 1559 2533 et
1573 2478 1670 2548 dulcis,
1689 2486 1716 2536 et

920 2566 1021 2635 suavis,
1043 2566 1070 2620 in
1086 2583 1140 2637 quo
1159 2565 1278 2621 abundat
1294 2575 1347 2622 tota
1361 2565 1480 2635 bonitas,
1500 2567 1574 2635 aperi
1587 2567 1667 2622 nobis
1678 2575 1716 2639 te,

920 2664 946 2708 ut
963 2654 997 2709 de
1010 2662 1036 2709 te
1056 2671 1140 2724 usque
1155 2655 1191 2709 ad
1206 2671 1256 2710 nos
1273 2662 1367 2710 manet
1385 2662 1430 2710 tua
1448 2656 1575 2721 suavitas,
1604 2655 1717 2726 impleat

921 2759 981 2798 uos.
998 2742 1081 2814 hperi
1098 2743 1164 2797 mihi
1180 2752 1216 2806 te,
1239 2744 1284 2814 qui
1299 2759 1329 2798 es
1343 2744 1452 2805 ostium.
1473 2751 1503 2798 ut
1516 2744 1717 2816 pertealiquo·

922 2832 971 2886 ties
986 2829 1098 2896 ellectu,
1124 2831 1175 2886 etsi
1195 2831 1282 2887 adhuc
1304 2847 1359 2886 non
1381 2848 1489 2886 mereor
1510 2831 1593 2903 pleno
1608 2831 1717 2904 effectu,

921 2920 1062 2990 ingrediar
1076 2918 1102 2973 in
1122 2919 1210 2974 locum
1226 2918 1390 2975 tabernaculi
1405 2920 1571 2975 admirabilis
1585 2920 1720 2993 usquead

922 3008 1032 3063 domum
1049 3007 1097 3063 Dei
1120 3007 1217 3079 (Psoi.
1234 3012 1302 3076 xta).
1334 3008 1470 3064 llerelasti
1484 3009 1555 3063 enirn
1571 3009 1718 3082 aliquando

923 3097 1073 3151 auriculam
1089 3098 1223 3168 servitui,
1239 3096 1428 3166 utaliquando
1443 3096 1609 3152 subaudierit
1623 3112 1719 3154 rocem

921 3184 979 3240 illic
994 3183 1179 3241 exsultationis
1193 3193 1218 3239 et
1233 3183 1412 3241 consessionis
1426 3186 1483 3240 soni
1499 3185 1644 3256 epulantis;
1668 3186 1718 3244 scd

921 3273 1071 3345 procedere
1090 3288 1145 3329 non
1160 3273 1248 3328 licuit.
1266 3274 1380 3344 Propter
1394 3273 1467 3345 quod
1479 3275 1574 3330 morito
1589 3274 1672 3329 tristis
1686 3290 1718 3332 ec

921 3363 1107 3426 animamea;
1138 3362 1235 3416 merito
1259 3363 1406 3417 conturbas
1427 3377 1480 3417 me.
1510 3361 1564 3416 Sed
1586 3378 1666 3433 spera
1688 3362 1719 3419 iu

921 3452 988 3519 Deo,
1005 3452 1132 3522 quoniam
1150 3450 1239 3505 adltuc
1260 3448 1409 3505 confitebor
1422 3450 1472 3514 illi,
1497 3449 1615 3506 salutare
1629 3449 1719 3508 aulius

922 3540 975 3594 mei
990 3547 1018 3594 et
1036 3539 1109 3594 Deus
1124 3538 1315 3607 messiliam).
1339 3537 1421 3606 aperi
1441 3537 1517 3605 mihi,
1533 3538 1658 3606 Domine,
1674 3547 1717 3610 ut,

922 3628 986 3701 quia
1010 3629 1093 3684 homo
1117 3627 1233 3687 alienus.
1262 3643 1315 3682 nou
1339 3642 1400 3682 sum
1424 3627 1523 3700 dignus
1545 3628 1633 3684 adhuc
1650 3627 1719 3684 ciris

923 3717 978 3771 ilho
989 3715 1097 3781 ascribi,
1114 3716 1231 3772 donante
1246 3725 1281 3785 te,
1298 3715 1341 3770 rel
1355 3715 1499 3787 aliquoties
1512 3717 1555 3772 rel
1570 3717 1719 3787 aliquantu·

923 3806 977 3860 lum
1002 3804 1039 3858 ibi
1056 3804 1134 3860 liceat
1149 3804 1215 3858 mihi
1230 3805 1413 3876 peregrinari,
1443 3812 1473 3859 ut
1496 3803 1591 3860 ridens
1611 3805 1719 3862 rideam

922 3893 1039 3966 gloriam
1056 3900 1142 3959 tuam,
1164 3908 1216 3948 nac
1231 3892 1284 3947 uisi
1299 3892 1429 3963 expulsus
1444 3908 1550 3949 exeam.
1575 3893 1602 3949 Si
1619 3894 1718 3965 saepiuo

925 3981 988 4036 illttc
1002 3996 1128 4037 meruero
1143 3980 1300 4049 ascendere,
1317 3982 1342 4035 si
1356 3981 1514 4051 aliquandiu
1529 3983 1681 4049 immorari,
1696 3981 1721 4039 si

924 4071 1013 4125 serius
1032 4069 1132 4141 redire,
1157 4070 1326 4125 innotescam
1355 4070 1460 4125 civibus
1486 4071 1549 4142 tuis,
1578 4072 1631 4127 illis
1663 4085 1720 4128 non

923 4158 1086 4227 taenntthus,
1110 4158 1159 4214 sed
1173 4158 1244 4214 sicut
1258 4158 1413 4214 laetantibus
1429 4159 1555 4215 omnibus
1574 4160 1720 4217 habitanti·

923 4247 976 4302 bus
991 4246 1055 4312 illio,
1086 4261 1201 4316 quorum
1224 4246 1344 4302 laetitiam
1367 4245 1442 4302 nulla
1455 4249 1540 4303 rerba
1554 4250 1719 4322 exprimunt,

924 4351 1039 4408 quorum
1054 4335 1228 4407 participatio
1242 4334 1415 4408 inidipsum,
1430 4351 1481 4392 nec
1497 4341 1526 4392 ut
1540 4337 1658 4393 alienum
1675 4354 1720 4398 mc

81 4422 201 4496 impendit
214 4425 275 4494 tihi,
299 4423 379 4480 uobis
392 4427 483 4479 aulem
498 4422 659 4479 obedieutiae
674 4420 760 4492 ipsius
775 4420 866 4476 chari·
880 4419 908 4480 D
923 4425 1071 4489 habebunt,
1100 4426 1123 4479 si
1141 4425 1289 4497 aliquando
1312 4426 1342 4479 in
1357 4425 1448 4496 aliqua
1463 4434 1514 4481 tuae
1533 4426 1608 4482 illius
1622 4427 1721 4484 domus

80 4519 162 4569 taleni.
184 4514 259 4570 Tune
282 4512 355 4568 euim
375 4511 539 4568 benedixisti
566 4520 664 4567 terram
689 4518 821 4576 nostram,
841 4517 868 4564 et

78 4610 169 4657 extunc
182 4602 266 4675 eoepit
277 4601 347 4656 dare
362 4599 477 4656 fructum
493 4616 582 4655 suurn.
603 4601 706 4654 Extunc
719 4597 752 4653 ad
767 4597 867 4654 carlum

77 4700 146 4747 tuum
160 4698 245 4746 strata
260 4697 301 4745 est
320 4689 364 4745 ria
378 4688 497 4760 publica,
527 4687 591 4743 trita
611 4686 798 4758 apostolorum
818 4703 867 4742 re·

73 4781 168 4854 stigiis,
188 4788 215 4835 et
243 4789 404 4850 manerem,
433 4785 461 4833 ει
487 4785 641 4833 sanctorum
662 4777 797 4838 omnium,
822 4775 868 4847 qui

74 4869 198 4940 exemplo
213 4876 239 4925 et
253 4868 340 4940 gratia
355 4866 493 4923 charitatis
507 4873 619 4936 accepta
634 4881 650 4920 a
664 4870 702 4927 te,
717 4865 869 4920 dilexerunt

70 4976 96 5025 te
110 4982 201 5039 usque
216 4967 249 5022 ad
265 4972 451 5035 contemptum
466 4966 521 5030 sui,
545 4968 572 5019 et
584 4978 633 5033 pro
649 4970 675 5017 te
689 4963 795 5017 animas
806 4978 869 5017 suas

70 5082 172 5141 ponere
198 5081 251 5121 aon
276 5067 433 5121 timuerunt.
458 5062 667 5135 iuvestigabiles
691 5063 747 5117 ista
768 5061 870 5117 divitite

69 5165 166 5240 gloriae
180 5173 242 5228 tue,
270 5163 395 5228 Domine,
423 5177 508 5233 penes
522 5169 548 5217 te
564 5160 682 5216 latebant
701 5159 727 5214 in
742 5160 812 5216 eoelo
826 5175 870 5215 se-

71 5265 140 5320 creti
157 5263 208 5326 tui,
222 5261 315 5317 donec
331 5260 423 5315 lancea
439 5260 533 5314 militis
546 5263 642 5330 aperto
662 5258 744 5314 latero
761 5257 818 5311 ertit
834 5257 871 5313 tui

71 5360 182 5419 Domini
202 5364 232 5416 et
249 5358 441 5430 Redemptoris
456 5357 538 5414 nostri
552 5358 580 5413 in
595 5373 674 5414 cruce
698 5358 870 5426 (toamxrx),

69 5458 268 5531 redemptionis
285 5466 390 5513 nostrae
417 5455 553 5514 effluxere
581 5464 761 5523 sacramenta,
790 5462 820 5510 ut
844 5453 872 5510 iu

68 5555 143 5612 latus
157 5553 221 5627 ejus
237 5567 294 5610 noa
305 5550 367 5623 jam
382 5550 498 5625 digitum
513 5551 663 5623 mittamus,
686 5558 732 5609 aut
749 5565 871 5620 manum,

921 4523 999 4587 parte
1020 4513 1120 4584 jubeas
1145 4529 1187 4568 ma
1213 4515 1354 4569 intereos
1381 4514 1561 4585 requiescere,
1592 4515 1719 4584 Domine,

921 4604 1072 4675 inquietum
1097 4610 1124 4658 ει
1149 4603 1293 4674 impatiens
1316 4609 1358 4657 ost
1382 4602 1418 4657 ad
1442 4612 1468 4658 ta
1488 4619 1653 4673 cormeum,
1668 4620 1721 4662 nec

921 4699 998 4744 ettra
1023 4697 1048 4743 te
1073 4687 1195 4759 requiem
1214 4688 1239 4743 ei
1259 4687 1378 4743 invenio.
1408 4689 1519 4759 Propter
1547 4687 1629 4760 quod,
1657 4705 1721 4745 curn

923 4775 1047 4846 expellor
1060 4793 1075 4831 a
1090 4776 1170 4841 coelo,
1196 4791 1212 4831 a
1230 4776 1314 4831 taedio
1329 4775 1390 4830 vitae
1409 4790 1477 4830 meae
1497 4775 1564 4830 hbet
1582 4778 1661 4832 etiam
1676 4792 1721 4835 me

922 4859 1069 4932 aliquando
1089 4859 1257 4915 descendero
1280 4859 1315 4914 ad
1338 4858 1475 4914 iniamum
1502 4860 1637 4916 virentem
1669 4863 1719 4935 (ue

922 4958 1062 5030 contingat
1083 4973 1126 5013 me
1146 4957 1213 5013 illuc
1227 4957 1395 5013 descendere
1411 4958 1595 5030 morientem),
1624 4965 1654 5016 ut
1675 4960 1719 5015 vi-

924 5056 1001 5110 deam
1018 5056 1082 5125 quid
1098 5056 1175 5110 etiam
1188 5056 1226 5110 ibi
1245 5065 1354 5128 agatur.
1371 5055 1424 5111 Sed
1439 5056 1535 5110 cumin
1550 5058 1638 5126 primo
1657 5055 1717 5126 ejus

923 5152 1020 5208 limine.
1044 5153 1175 5222 scripturn
1193 5153 1313 5220 invenio,
1343 5152 1406 5224 quia
1427 5152 1455 5206 iu
1478 5151 1585 5209 inferno
1607 5163 1719 5210 nonest

925 5254 970 5325 qui
986 5250 1160 5308 confitebitur
1174 5253 1235 5318 tibi,
1258 5253 1404 5307 anathema
1418 5252 1443 5307 ei
1462 5252 1563 5322 dicens,
1592 5252 1655 5308 iude
1669 5268 1718 5310 re·

926 5351 1013 5425 logio.
1035 5351 1124 5407 hudio
1148 5352 1219 5407 intro
1242 5351 1335 5407 fletum
1357 5351 1499 5407 oculorum
1523 5359 1550 5407 et
1573 5353 1719 5410 stridorem

925 5453 1064 5519 dentium;
1089 5451 1136 5506 scd
1159 5466 1212 5507 non
1237 5451 1303 5506 mihi
1321 5451 1471 5523 contingat,
1489 5451 1611 5519 Domine,
1632 5465 1720 5526 usque

925 5547 993 5605 illuc
1006 5547 1183 5606 descendere.
1213 5548 1254 5604 hd
1270 5554 1305 5618 to,
1335 5545 1461 5617 Domine,
1484 5547 1520 5603 ed
1536 5554 1561 5603 te
1581 5547 1651 5605 oculi
1667 5549 1720 5607 mei

1657 230 1822 294 W„
