3728 6000
626 221 809 281 EPISI’OLAE
824 212 867 276 ET
886 217 1109 277 emineant.
1642 207 1715 267 1581

79 344 174 402 lebito
186 345 684 419 nostrioiilcilprovidererolentss,
698 361 830 420 presen-
848 348 872 404 Δ
887 345 994 402 veteris
1012 342 1147 402 ecclesie
1168 345 1273 401 contra
1291 339 1497 398 auctoritatem
1516 333 1630 395 noviter
1643 348 1714 392 con·

92 435 268 492 auctoritate
286 436 454 503 statuimus,
471 443 504 494 ut
518 437 655 494 Ecclesia
668 443 726 494 tue
737 436 833 493 abbas
887 437 1031 491 structam
1053 431 1259 505 cognovimus,
1279 429 1318 489 ad
1333 426 1506 487 evitandum
1524 424 1615 482 stiam
1634 424 1715 483 lutu-

79 539 119 581 ›ro
131 529 264 597 tempore
273 524 469 582 tueritcuram
482 526 659 584 ecclesiastic
668 525 834 599 Keymetba
887 538 955 579 rum
965 522 1227 589 scandalum,eam
1240 517 1455 577 removendam
1468 531 1534 573 essa
1543 528 1712 572 canemus.

79 629 204 670 manum
222 618 338 672 tantum
356 614 572 689 archiepiscopi
587 614 772 672 Trevirensis
786 629 834 670 ac·
888 612 1070 670 ιιιιιοιιιιιιιιι
1086 611 1192 669 ιιοιιιιιι
1212 608 1338 667 Ariberti
1352 606 1391 665 de
1405 604 1537 663 ecclesiis
1557 602 1596 660 de
1614 601 1714 660 calva·

84 701 359 767 l;arcbidiaconus
375 708 475 761 autem
488 703 560 761 nihil
572 702 833 778 parochialisltnis
887 705 957 759 tone
981 706 1072 774 alque
1090 701 1207 765 Alflani,
1228 699 1353 757 minime
1372 700 1580 755 retractamus.
1606 696 1630 748 Α
1653 705 1714 763 qua

80 790 200 864 equirat
210 796 239 848 et
258 791 371 849 nullam
387 792 498 849 ibidem
508 794 835 851 exactionemexcrceal
888 790 1036 847 sentsnba
1048 789 1209 863 μωᾱιοιιιι
1222 789 1314 846 irater
1327 791 1430 844 noster
1448 784 1576 843 obertus
1595 779 1714 838 Cremo·

80 880 246 937 »nimirum
259 896 351 938 ceusu
368 882 421 955 qui
446 888 555 955 quarto
570 899 651 941 anno
666 884 693 940 ei
707 883 834 955 antiquo
888 879 990 936 nensis
1003 878 1165 953 spiscopus
1184 877 1223 935 ad
1238 883 1370 935 nostram
1386 871 1564 931 moeream
1579 867 1713 945 appalla-

80 969 301 1027 debetexsclvi.
325 975 467 1028 Preterea
495 973 713 1031 confirmamus
738 972 835 1032 tibist
888 971 939 1026 vit.
957 971 1086 1041 Utraque
1104 968 1192 1040 igitur
1207 972 1291 1040 parte
1305 965 1337 1021 in
1351 969 1453 1021 nostra
1468 960 1626 1035 praesentia
1644 973 1713 1017 con·

80 1058 136 1114 tsie
152 1063 210 1116 lue
223 1073 277 1131 per
297 1065 325 1116 te
350 1059 492 1116 allodium
521 1061 610 1118 situm
640 1061 716 1117 iuter
733 1059 833 1117 rivum
889 1058 1000 1124 stiluta,
1015 1063 1044 1115 et
1062 1054 1291 1128 allegationibus
1313 1051 1533 1111 curationibus
1552 1049 1622 1107 viva
1639 1062 1713 1107 voce

80 1147 238 1203 tetricum
252 1146 387 1203 Liserein
403 1149 507 1216 vineis,
523 1149 615 1220 agris,
628 1149 734 1222 pratis,
750 1148 834 1210 silvis
888 1146 976 1206 nobis
1001 1161 1103 1205 coram
1126 1143 1287 1219 propositis
1308 1150 1337 1200 et
1358 1140 1444 1208 actis,
1468 1138 1662 1210 allegationes
1685 1139 1713 1193 et

80 1253 86 1290 t
105 1240 134 1292 et
144 1235 263 1292 incultis
277 1236 360 1309 quod
375 1237 542 1308 Sigelridus
555 1240 593 1296 de
608 1238 790 1296 lliieuburch
804 1237 834 1294 at
887 1236 1091 1295 attestationes
1109 1234 1264 1307 utriusque
1281 1232 1374 1305 pertis
1387 1226 1608 1287 continentibus
1622 1223 1712 1283 nobis

83 1325 149 1396 ejus
165 1325 280 1382 lustina
304 1326 441 1382 Ecclesia
463 1333 522 1384 tue
541 1328 756 1386 rationabiliter
771 1333 832 1385 tra·
886 1329 1084 1383 ememorsto
1094 1324 1183 1380 tratre
1193 1326 1296 1379 nostro
1311 1319 1423 1391 Regino
1433 1316 1575 1391 episcopo
1588 1312 1645 1370 sub
1657 1326 1712 1371 sue

80 1419 147 1470 unt.
165 1415 243 1470 Nulli
254 1429 325 1486 ergo
344 1415 504 1473 hominum
524 1417 612 1474 liceat
626 1417 696 1473 huic
721 1422 830 1474 nostre
886 1414 982 1487 sigillo
1004 1413 1197 1478 transmissis,
1212 1410 1370 1482 diligenter
1383 1405 1535 1479 inspectis,
1550 1408 1579 1461 at
1599 1401 1712 1474 sepius

79 1519 114 1559 ιω
130 1504 262 1574 vigorem
280 1504 441 1576 intringere
456 1507 501 1562 vel
524 1506 550 1562 ei
577 1522 653 1563 ausu
672 1505 830 1563 temerario
884 1503 1005 1562 anobis
1020 1503 1146 1571 relectis,
1159 1500 1357 1572 cognovimus
1372 1494 1553 1554 sententiam
1567 1492 1665 1565 ipsam
1680 1490 1711 1549 in

83 1594 154 1648 aire.
169 1592 274 1665 Siquis
289 1600 389 1650 autem
403 1594 610 1653 hccallentare
627 1610 827 1668 presumpse·
884 1594 1017 1653 maxima
1037 1593 1083 1650 sui
1106 1595 1190 1664 parte
1205 1594 1310 1647 contra
1327 1585 1481 1659 privilegia
1496 1582 1576 1641 sedis
1590 1584 1712 1655 aposte-

80 1680 292 1751 rdignationem
313 1684 526 1756 omnipotentis
547 1685 596 1741 liei
615 1689 644 1741 et
667 1684 825 1742 bealorum
842 1698 864 1754 g
883 1683 958 1749 lice,
975 1681 1155 1740 monasterio
1168 1682 1283 1739 Sancta
1299 1675 1383 1734 lulie
1397 1672 1521 1744 indtdta,
1534 1671 1626 1728 iuius
1640 1684 1711 1743 pro-

89 1773 116 1824 el
128 1769 209 1826 Pauli
227 1771 435 1844 apostolorum
459 1773 524 1843 ejus
538 1789 571 1830 se
597 1773 714 1830 noverit
729 1771 826 1830 incur·
881 1772 986 1830 latam.
1003 1774 1034 1827 ln
1052 1769 1208 1844 privilegio
1227 1780 1358 1840 namquo
1371 1762 1455 1823 Pauli
1475 1774 1563 1835 pape
1578 1757 1618 1817 ita
1632 1758 1710 1815 inter

81 1872 114 1913 ²¹·
880 1870 987 1918 castere
999 1858 1127 1931 legimus
1140 1874 1147 1914 ι
1165 1878 1178 1911 s
1198 1858 1291 1927 igilur
1304 1853 1378 1929 quie
1387 1848 1563 1926 postulastis
1577 1863 1597 1905 a
1610 1845 1710 1911 nobis,

81 1952 141 2003 ¹⁰⁰²
158 1946 308 2020 Sissssissbv
328 1948 393 2005 Kal·
409 1949 500 2008 lunii.
880 1955 1030 2023 quatenus
1041 1947 1210 2006 venerabile
1221 1943 1438 2004 monasterium
1446 1935 1566 1996 Domini
1575 1934 1710 1994 salvato·

376 2056 455 2111 llllll.
880 2039 920 2096 ris
941 2038 1036 2097 nostri
1055 2039 1125 2095 lesu
1140 2034 1256 2101 Christi,
1277 2034 1366 2090 situm
1385 2028 1462 2087 inira
1477 2026 1628 2085 civitatem
1652 2021 1709 2079 Bri·

81 2168 88 2207 ι
103 2167 163 2223 quo
179 2153 381 2210 controuersia
391 2159 479 2210 autea
494 2153 609 2224 agitata
625 2153 662 2211 ab
673 2154 826 2212 abbatissa
879 2128 972 2195 flami
990 2126 1073 2201 q⁰⁰d
1092 2126 1207 2182 ”mim
1225 2122 1353 2223 f⁰⁰d9f⁸
1373 2119 1438 2220 'iffa
1457 2122 1502 2175 ‘⁸‘
1515 2118 1597 2213 ΑΨ
1615 2110 1711 2213 ‘ml'

81 2225 205 2280 ncsteru's'
217 2225 360 2282 Brixiam
370 2225 585 2282 Sobrietatis·
600 2231 707 2284 centra
719 2226 826 2294 episcc-
879 2217 1045 2274 lenlissima
1057 2216 1170 2287 regina,
1183 2213 1345 2286 privilegus
1356 2203 1618 2280 sedisapostolicae
1631 2200 1710 2259 iniu-

81 2311 101 2350 ιι
118 2294 825 2370 Cl'etiwmemproblel’ecclett‘ssmdeCicoona·
879 2306 916 2364 lis
940 2307 1106 2371 decoretur,
1125 2298 1379 2360 concordantibus
1401 2296 1488 2355 nobis
1509 2288 1710 2351 reverentissi-

85 2367 773 2440 00'0mei'3001'0fl‘952'2‘32demumdmmi‘w'·
880 2396 939 2453 mis
955 2394 1104 2467 episcopis
1126 2392 1247 2456 nostris,
1268 2405 1305 2447 ex
1323 2384 1479 2446 communi
1500 2396 1627 2441 assensu
1648 2382 1709 2436 sta·

241 2470 339 2533 (Αιιῃο
354 2467 434 2531 1152»
457 2467 525 2522 1⁰¹¹·
542 2465 588 2536 9·)
880 2488 963 2542 tuere
981 2483 1180 2549 decrevimus,
1197 2485 1229 2538 ut
1243 2477 1404 2553 prefatum
1418 2470 1639 2532 monesterium
1653 2469 1710 2525 ilc·

149 2558 320 2633 [Μΰιιιθιιι
334 2563 434 2637 Atilii·
450 2564 575 2631 ltnl.,V,
592 2563 682 2636 ¹0²9]
881 2573 955 2631 mini
976 2572 1147 2637 salvatoris,
1161 2575 1331 2641 cunctaque
1352 2561 1536 2622 monasteria
1558 2572 1628 2617 curn
1644 2556 1709 2614 uni·

82 2673 166 2714 taurus
192 2660 363 2733 episcopus,
388 2677 492 2718 servus
520 2677 676 2719 servorum
697 2663 759 2731 liei,
779 2662 827 2721 di·
880 2663 973 2719 versis
992 2659 1121 2719 basilicis
1144 2659 1236 2717 adse
1260 2653 1487 2731 pertinentibus,
1510 2664 1579 2723 que
1598 2663 1616 2705 e
1637 2644 1710 2720 piis·

92 2747 250 2804 inebriato
263 2747 331 2806 illie
346 2751 487 2808 llrcnrnnn
500 2749 666 2809 abbatisse
679 2757 827 2811 monasta-
880 2751 959 2808 sima
972 2752 1052 2808 Ausa
1062 2750 1130 2823 jure
1140 2750 1313 2805 constructa
1325 2759 1392 2802 esse
1404 2738 1709 2809 noscuntur,apcsto-

84 2841 159 2892 ncta
173 2836 268 2904 lullae,
289 2837 458 2895 salutemet
470 2839 668 2912 apostolicam
683 2839 825 2897 benedic·
879 2838 941 2896 lice
964 2838 1044 2896 sedis
1063 2837 1217 2911 privilegii,
1233 2834 1281 2893 cul
1305 2836 1365 2892 lleo
1380 2834 1503 2890 auctore
1521 2824 1709 2885 deservimus

82 2938 118 2979 m·
880 2927 982 2986 inlulls
997 2927 1163 2985 decoretur.
1184 2946 1200 2979 s
1216 2928 1249 2982 lit
1265 2924 1342 2981 inira
1364 2939 1371 2978 ε
1387 2944 1402 2973 ι
1424 2921 1464 2977 ile
1478 2917 1565 2990 cujus
1584 2915 1709 2986 insuper

87 3012 145 3069 hcc
161 3013 189 3068 in
204 3013 410 3086 sedejustitie,
423 3016 604 3089 disponente
614 3017 750 3086 Domino,
760 3016 824 3075 allis
841 3051 863 3111 C
879 3017 1052 3075 monasterii
1064 3016 1299 3091 uniuscujusque
1311 3010 1473 3072 abbatisse
1484 3002 1708 3064 consecratione

85 3100 205 3168 demus,
221 3108 253 3158 ut
270 3102 398 3175 singulis
411 3104 826 3179 ecclesiisctpersonisescle·
880 3106 990 3165 sanciri
1009 3106 1209 3164 communiter
1227 3103 1425 3165 decrevimus,
1448 3101 1480 3155 ut
1499 3095 1557 3153 sibi
1581 3093 1668 3151 liceat
1687 3104 1707 3149 e

82 3190 125 3245 cis
141 3206 196 3247 sua
206 3191 275 3261 jnra
290 3200 454 3261 servantes,
471 3194 495 3249 si
508 3195 657 3267 quainter
669 3196 751 3268 ipsas
765 3196 825 3252 lue·
879 3211 1063 3269 quocunque
1077 3203 1106 3252 et
1119 3195 1157 3252 de
1169 3205 1352 3266 quacunque
1366 3188 1484 3246 civitate
1499 3181 1632 3246 voluerit,
1646 3178 1706 3252 epi·

82 3283 109 3333 la
124 3278 282 3346 dissensio,
297 3279 357 3336 line
372 3281 475 3337 debito
489 3283 826 3340 terminemuscontro-
880 3300 972 3358 scopo
987 3283 1167 3342 consecrari.
1179 3283 1395 3355 cujuscunque
1405 3290 1476 3333 vero
1486 3265 1707 3331 ordinisclerici

83 3382 124 3422 tm
151 3368 241 3438 igilur
262 3385 330 3441 que
351 3369 426 3426 iuter
451 3377 477 3427 te
497 3375 526 3428 et
544 3371 744 3429 venerabilem
767 3372 826 3430 lta·
880 3371 1015 3444 ejusdem
1030 3370 1193 3428 abbatisse
1211 3373 1319 3439 rogatu
1331 3363 1466 3421 similiter
1480 3376 1499 3418 a
1512 3368 1705 3433 quecunque,

88 3463 224 3513 nostrum
240 3458 380 3516 obertum
397 3461 628 3517 Cremonensem
649 3461 824 3535 episcopum
880 3468 908 3519 el
922 3463 959 3517 de
974 3475 1156 3533 quacunque
1174 3458 1291 3516 civitate
1311 3454 1447 3520 voluerit,
1464 3448 1602 3523 episcopo
1618 3458 1707 3519 expe·

94 3547 220 3603 ccclesia
235 3548 272 3603 de
293 3548 469 3618 cicognaria
488 3549 677 3616 versabatur,
693 3551 732 3607 ad
752 3551 825 3623 peli-
880 3555 983 3606 tantm
1006 3549 1052 3605 vel
1074 3551 1298 3605 conserventur.
1313 3542 1428 3611 ouibus
1445 3539 1535 3597 etiam
1554 3531 1705 3593 licentiam

82 3635 249 3706 nejusdem
262 3635 399 3709 episcopi
411 3636 825 3698 venerabililratrinostroll.
880 3638 1021 3696 concordi
1041 3637 1225 3694 institutione
1244 3631 1461 3699 concessimus,
1480 3625 1613 3684 chrisma
1633 3627 1706 3679 tam·

86 3739 104 3778 o
125 3725 267 3797 episcopo
289 3724 499 3781 commisimus
519 3726 748 3784 terminandam.
769 3728 825 3795 Qui
880 3743 953 3800 pore
975 3726 1179 3799 baptismatis,
1197 3730 1226 3782 et
1244 3724 1345 3781 oleum
1364 3720 1403 3778 ad
1417 3713 1585 3777 exercenda
1605 3709 1707 3768 divine

83 3827 119 3867 ue
133 3819 217 3885 parte
233 3813 263 3869 in
279 3815 440 3885 presentia
457 3831 513 3871 suc
529 3816 701 3885 constituta,
715 3821 744 3874 et
756 3817 825 3874 alle-
880 3817 1034 3889 mysteria,
1048 3832 1100 3873 seu
1113 3815 1320 3889 cujuscunque
1334 3807 1472 3883 specialis
1487 3803 1597 3876 negotii
1610 3798 1705 3859 subsi-

83 3899 206 3956 ribusac
215 3901 462 3960 rationibuslrinc
472 3903 542 3960 inde
552 3903 824 3976 diligenterauditis
879 3906 975 3975 dium,
987 3923 1006 3963 a
1016 3920 1198 3977 quocunque
1212 3903 1363 3974 episcopo,
1374 3914 1445 3956 cum
1458 3911 1506 3954 res
1519 3892 1621 3965 exigit,
1633 3903 1706 3961 apo·

83 3988 340 4054 :nitis,mnltcrum
351 3991 523 4063 sapientum
536 3992 823 4067 consiticrequisitc,
879 3996 982 4054 stolica
994 3994 1152 4065 largitione
1167 3992 1328 4066 percipere.
1349 4012 1365 4041 s
1380 3991 1414 4045 nt
1427 3986 1458 4044 in
1473 3981 1619 4058 privilegii
1631 3992 1705 4054 pras·

102 4092 191 4150 super
210 4079 316 4136 eadem
335 4081 541 4138 controversia
557 4082 736 4139 sententiam
755 4098 825 4157 pro·
879 4085 947 4143 dicti
967 4084 1042 4142 serie
1056 4084 1099 4141 alc
1112 4082 1283 4141 invenimus
1298 4099 1305 4139 ι
1323 4100 1338 4132 a
1358 4077 1505 4144 Chrisma,
1520 4073 1621 4131 oleum
1636 4082 1704 4126 san·

83 4165 150 4234 avit,
168 4170 201 4222 ul
222 4167 359 4225 videlicet
379 4168 519 4227 homines
539 4169 576 4226 de
592 4176 721 4243 quatuor
735 4173 825 4232 villis·
878 4180 971 4244 ctum,
990 4172 1231 4232 consecrationes
1249 4169 1399 4236 altanum,
1420 4165 1482 4224 sive
1499 4160 1704 4223 basilicarum,

83 4260 103 4309 et
119 4254 228 4323 casali,
241 4256 313 4313 llilla
325 4259 577 4326 Ravennensium,
590 4258 700 4333 Gurgo,
709 4267 738 4320 at
753 4263 823 4319 Scu-
878 4263 1083 4320 ordinationes
1096 4261 1267 4325 abbatissas,
1281 4258 1325 4316 rel
1340 4255 1571 4317 monacharum,
1581 4265 1635 4307 seu
1646 4245 1703 4305 cle·

83 4344 134 4415 qni
155 4346 319 4416 antiquitus
341 4354 526 4404 consuerunt
547 4348 649 4406 venire
672 4349 711 4407 ad
733 4351 824 4408 eccle·
878 4352 1007 4409 vicorum
1023 4357 1203 4420 vestrorum,
1222 4348 1275 4422 qui
1292 4347 1332 4406 ad
1345 4361 1447 4403 sacros
1461 4343 1570 4400 luerint
1583 4337 1704 4397 ordinas

92 4432 130 4488 de
148 4433 337 4503 cicognaria,
357 4435 434 4491 sicut
455 4453 491 4493 ex
516 4437 683 4508 prolatione
704 4440 822 4497 testium
839 4402 862 4458 D
878 4440 1147 4513 promovendi,seu
1158 4437 1306 4513 quidquid
1320 4437 1359 4493 sd
1372 4449 1492 4492 sacrum
1507 4428 1703 4488 ministerium

84 4537 146 4593 ¹que
166 4524 260 4595 partis
279 4525 489 4597 precepimus,
510 4526 630 4585 decreto
647 4529 777 4595 veniant.
794 4521 823 4586 ei
878 4531 1013 4603 pertinet,
1039 4545 1058 4588 a
1085 4529 1317 4603 quibuscunque
1345 4521 1522 4590 malueritis,
1550 4516 1704 4578 catholicis

84 4610 159 4668 ualia
182 4612 222 4668 ab
244 4628 280 4668 ea
305 4613 465 4685 accipiant.
482 4618 521 4672 lle
542 4615 668 4673 ecclesia
690 4633 760 4675 raro
784 4618 822 4675 de
877 4618 1049 4692 suscipiatis
1070 4617 1229 4690 episcopis.
1250 4636 1264 4669 s
1287 4613 1373 4682 Quod
1395 4612 1486 4683 igitur
1510 4611 1541 4669 in
1560 4606 1703 4682 predicis

84 4700 167 4757 naria
179 4701 220 4757 ila
235 4700 376 4757 dicimus.
387 4701 542 4768 ottalanus
557 4703 713 4761 abbatissa
726 4721 821 4763 sacer·
877 4708 1024 4764 sententia
1036 4713 1140 4763 contra
1152 4703 1325 4777 apostolice
1343 4701 1422 4760 sedis
1436 4698 1593 4773 privilegia
1607 4694 1702 4753 conti·

84 4805 93 4845 ι
105 4787 204 4860 eligat,
217 4796 246 4846 et
256 4789 296 4848 ibi
308 4798 412 4863 ponat,
421 4791 463 4848 ita
473 4796 572 4849 tomen
584 4794 666 4866 quod
679 4795 821 4869 episcopo
875 4800 974 4863 netur,
994 4795 1033 4853 sd
1047 4810 1185 4853 normam
1201 4791 1384 4850 rectitudinis
1402 4803 1543 4847 revocare
1557 4784 1701 4851 volentes,

87 4884 191 4946 santet,
206 4884 235 4936 et
249 4880 288 4936 ab
305 4896 341 4935 ec
362 4896 466 4937 curam
485 4880 656 4941 animarum
673 4885 820 4957 accipiet;
875 4885 952 4942 sicut
972 4883 1107 4957 superius
1131 4883 1275 4948 diximus,
1299 4879 1460 4955 privilegiis
1480 4876 1637 4948 diligenter
1659 4873 1703 4933 in·

84 4982 132 5024 nm
148 4984 218 5025 vero
237 4976 355 5041 partem
369 4971 568 5039 deeimarum,
585 4974 661 5031 sicut
675 4974 820 5033 hactenus
875 4973 986 5046 speciis
1005 4979 1034 5031 et
1048 4972 1276 5044 allegationibus
1290 4971 1446 5044 utriusque
1465 4967 1558 5041 partis
1572 4978 1651 5038 steps
1665 4978 1702 5023 ac

87 5055 116 5112 ia
132 5057 171 5113 de
192 5058 369 5129 cicognaria
391 5060 496 5127 tenuit,
511 5061 552 5117 ita
570 5063 689 5121 decreto
704 5069 815 5123 teneat.
874 5062 962 5136 plens
976 5063 1085 5120 audilis
1097 5067 1126 5118 et
1138 5060 1275 5133 cognitis,
1288 5068 1319 5117 et
1333 5056 1575 5117 attestationibus
1596 5052 1701 5111 cebro

85 5146 248 5211 nauteam
270 5153 408 5204 sanctum
430 5148 553 5222 aplehs
572 5151 685 5209 casalis
700 5153 819 5225 llajoris
874 5151 1249 5224 perlectis,communicato
1259 5149 1385 5208 fratrum
1396 5150 1566 5205 nostrorum
1576 5140 1701 5201 consilio

85 5238 126 5292 ιιι.
141 5234 186 5291 Ad
206 5236 374 5309 Capitulum
399 5241 429 5292 et
445 5238 596 5297 Lemniam
610 5247 668 5297 sal.
684 5242 819 5301 Publicos
871 5241 1085 5312 judicavimus,
1109 5246 1140 5297 ut
1159 5242 1189 5298 in
1215 5237 1340 5297 ecclesia
1362 5237 1399 5293 de
1418 5233 1596 5309 cicognaria
1614 5232 1702 5308 juxte

85 5323 207 5380 entiales
228 5324 298 5381 illuc
321 5326 361 5382 ad
385 5327 591 5398 penitentiam
615 5330 817 5403 recipiendam
873 5329 1100 5401 privilegiorum
1123 5335 1256 5387 tenorem
1271 5344 1325 5403 per
1344 5333 1372 5385 ta
1392 5326 1548 5400 presbyter
1560 5324 1698 5398 eligatur.

85 5414 342 5485 at.Temporalem
355 5415 646 5474 administrationem
654 5418 817 5477 abbatisse
874 5424 902 5476 et
915 5418 1028 5476 ibidem
1044 5423 1183 5491 ponatur.
1199 5418 1335 5476 chrisma
1350 5432 1483 5492 quoque,
1498 5416 1600 5474 oleum
1615 5430 1700 5473 sane·

85 5500 209 5558 icamus.
230 5502 392 5560 Ecclesiam
416 5518 488 5561 vero
509 5518 577 5578 que
601 5505 641 5564 ad
661 5506 816 5567 lesionem
875 5513 949 5576 tum,
962 5514 992 5567 ct
1015 5511 1123 5568 cetam
1139 5507 1306 5585 spiritualia
1322 5508 1404 5567 idam
1419 5506 1576 5583 presbyter
1590 5510 1653 5566 tam
1667 5505 1698 5565 ln
