3728 6000
76 172 79 177 ’
137 194 208 256 resa
829 200 974 261 sunnin
997 200 1035 258 ιιι
1055 200 1160 259 narn
1784 194 1844 255 rau

138 321 274 380 cordiam
301 322 467 380 terminata.
489 326 560 381 Tota
582 324 792 400 calciatuque
819 332 864 384 est
876 329 963 400 juxta
977 329 1002 384 l
1016 331 1046 384 et
1057 325 1201 384 canonice
1219 324 1362 400 possidat,
1378 329 1431 383 aut
1443 324 1473 382 in
1497 324 1632 382 luturum
1650 320 1842 381 concessione

138 415 270 469 castrum
287 411 325 468 de
337 413 426 480 Thur,
442 412 638 471 aritccclesias
650 415 678 472 S.
695 415 803 472 Nicasii
813 416 881 489 jura
897 433 963 489 par-
1017 414 1369 490 pontificum,lnrgitione
1378 431 1481 488 regum
1490 414 1537 471 sel
1547 413 1748 487 principium,
1770 410 1843 469 obtr-

137 500 272 567 rocbiaii,
284 502 483 575 eiqueomnes
490 502 627 574 ejusdem
637 503 770 562 calciatae
779 505 962 564 habitatores
1016 505 1096 564 tione
1105 504 1239 562 bdelium
1254 520 1306 562 seu
1317 504 1383 562 aliis
1394 505 1483 576 justis
1501 502 1608 570 modis,
1625 503 1691 559 Deo
1706 500 1841 575 propitio,

138 589 324 664 parochialia
343 591 413 663 jura
437 606 506 647 cum
521 593 688 665 integritate
700 595 879 667 persolvent.
896 596 964 652 0m·
1016 596 1122 667 poterit
1136 593 1271 667 adipisci,
1284 593 1371 650 tirma
1388 592 1475 649 robis
1487 591 1652 665 vestrisque
1670 590 1842 647 successori

138 692 193 736 nes
208 694 279 737 vero
292 679 345 753 qui
358 679 388 736 in
396 678 550 746 domibus,
561 698 630 756 quae
642 687 726 739 extra
739 688 857 757 portam
868 685 963 757 ipsius
1016 685 1086 750 bus,
1096 682 1245 740 etillibata
1256 682 1505 755 permaneant;in
1518 681 1630 756 quibus
1638 680 1709 737 brec
1722 678 1843 753 propriis

139 767 274 828 calciata
287 774 368 835 sunt,
381 776 413 826 ut
425 770 598 843 quicunque
610 770 647 827 da
669 777 776 829 cataro
790 772 868 830 intra
882 774 964 846 ipsas
1017 772 1160 830 duximus
1173 772 1369 844 exprimenda
1385 771 1538 827 vocabulis
1553 786 1561 824 ι
1588 770 1694 826 locum
1712 768 1843 826 videlieet

138 855 247 913 domos
256 861 285 913 et
294 857 451 914 ecclesiam
464 860 540 915 Beati
551 859 667 916 Petride
679 861 868 919 lardincurte
879 863 966 919 babi·
1016 860 1162 934 ipsumde
1172 860 1366 927 bassofonte,
1377 858 1476 916 locum
1490 858 1527 915 de
1537 858 1758 931 lisgnissilium
1767 858 1842 928 (iles

139 945 965 1025 tarerinl,erantparoebianis.Petri3abaliascroparte
1016 953 1085 1022 nit),
1109 965 1178 1007 cum
1205 948 1394 1015 molendinis,
1419 950 1577 1020 grangiam
1600 946 1640 1005 de
1665 946 1841 1021 Verpelieris

139 1033 964 1111 domorum,qulcunqueinteripsasdomoseteoclesiam
1017 1035 1840 1112 (Vespiiiiirelcumomnibusearumappendiciis,quid·

139 1121 170 1180 S.
183 1123 328 1180 Simeonis
336 1123 544 1193 habitaverint,
554 1127 728 1199 parochiani
738 1129 964 1187 arunteoolasise
1017 1129 1088 1205 quid
1101 1145 1119 1186 a
1132 1129 1266 1186 Waltaro
1281 1128 1389 1185 comite
1404 1127 1544 1184 lirenensi
1567 1127 1657 1184 vobis
1678 1126 1788 1183 datum
1805 1132 1839 1183 est

138 1209 170 1267 S.
195 1211 316 1271 Niossii.
340 1212 491 1287 Quidquid
512 1215 697 1273 habitatores
726 1218 858 1275 calciata
879 1219 964 1276 robis
1017 1224 1046 1277 et
1063 1217 1198 1291 episcopi
1221 1216 1375 1273 Trecensis
1396 1216 1493 1287 sigillo
1514 1216 1695 1283 firmatum
1717 1215 1839 1272 decimas

138 1304 203 1359 tam
217 1300 255 1358 de
267 1301 370 1370 bortis,
385 1318 480 1376 quam
495 1304 533 1360 de
553 1304 697 1363 domibus
717 1306 812 1381 ipsius
832 1308 965 1365 calciatae
1017 1307 1200 1374 bleincurtis,
1215 1308 1303 1363 lloroe
1324 1304 1413 1371 villa,
1438 1304 1569 1371 vitriaci,
1588 1303 1717 1378 Gepeoii
1730 1302 1838 1376 (spois),

139 1395 192 1448 aut
202 1389 269 1447 aliis
283 1391 503 1463 persolvebant,
524 1393 720 1453 nibilominus
747 1397 833 1454 robis
854 1397 966 1470 parsol·
1018 1395 1158 1454 convenii
1166 1395 1365 1468 (couvignon)
1375 1398 1405 1451 ct
1418 1393 1838 1466 Froerallisli'roevullwcts·

137 1481 217 1535 seni.
228 1479 411 1554 litquoniem
423 1484 456 1536 tu
470 1480 627 1540 abbatissa
638 1482 681 1540 liti
691 1487 729 1540 de
742 1485 965 1558 calciatasuper
1018 1500 1086 1543 sam
1099 1485 1210 1558 pariter
1229 1484 1353 1541 decimse
1376 1482 1414 1540 de
1435 1498 1515 1541 nova
1536 1484 1720 1557 etantiqua
1747 1484 1838 1545 Brona

135 1567 204 1641 Jure
218 1569 383 1643 parochiali
399 1569 430 1626 in
455 1587 548 1628 manu
560 1573 675 1630 abbatis
691 1575 719 1632 S.
734 1575 841 1632 Nicasii
856 1591 964 1632 renun-
1017 1589 1087 1630 oum
1102 1573 1227 1630 decimis
1241 1570 1365 1629 calderii
1389 1571 1573 1644 (cheidray),
1600 1570 1706 1628 Sancti
1720 1568 1841 1627 Nasosti

137 1658 227 1725 tinsti,
237 1658 333 1715 abbas
348 1674 376 1715 rx
392 1660 539 1717 sextarios
549 1677 678 1719 annonae
691 1663 743 1720 tibi
753 1664 875 1732 remisit,
890 1678 998 1739 quon
1018 1663 1060 1738 (S.
1073 1662 1196 1733 Naborl,
1213 1667 1303 1735 atque
1312 1661 1427 1717 Pressei
1436 1661 1573 1733 (Praese),
1587 1664 1735 1717 octavam
1743 1658 1843 1732 pariter

138 1762 206 1805 rum
220 1763 271 1804 sex
285 1747 454 1806 ecclesisis.
469 1749 811 1823 Petripromolendinis,
825 1758 966 1811 trassero
1017 1752 1108 1810 totius
1129 1755 1214 1809 terres
1240 1755 1270 1808 et
1290 1766 1378 1825 equae
1403 1766 1473 1824 qua
1490 1750 1611 1822 adjacet
1625 1753 1719 1805 terrra
1740 1746 1842 1804 ilberti

137 1852 194 1911 pro
210 1837 345 1910 quadam
360 1836 477 1894 cultura
493 1839 617 1911 singulis
632 1841 720 1898 annis
733 1843 863 1900 ecclesias
878 1846 905 1900 S.
921 1844 966 1900 lli·
1018 1841 1133 1898 ilonilis
1146 1840 1409 1913 (didicit-Autem).
1423 1840 1513 1896 Porro
1524 1838 1665 1896 laborum
1678 1844 1842 1895 vestrorum

138 1925 213 1983 casii
236 1925 439 1998 persolvebat.
463 1926 521 1983 Nos
544 1943 616 1999 ergo
643 1930 837 1987 concordiam
862 1932 963 1999 istam,
1017 1928 1312 2004 quosinnosalibus,
1324 1929 1454 2003 propriis
1465 1928 1605 1985 manibus
1617 1927 1664 1983 vel
1676 1924 1844 2001 sumptibus

138 2014 400 2089 quemadmodum
413 2015 526 2073 dicium
537 2023 591 2085 est,
601 2020 827 2088 confirmamus,
835 2026 965 2079 stratam
1017 2021 1123 2085 colitis,
1140 2020 1252 2076 sisede
1266 2018 1456 2076 nutrimentis
1474 2022 1644 2074 vestrorum
1655 2015 1842 2077 animalium.

138 2102 468 2162 maneredecarnimus.
478 2106 902 2184 Quadragintaquoquesolid.
913 2113 966 2168 Ca·
1016 2110 1148 2167 nullusa
1163 2109 1249 2166 vobis
1263 2108 1398 2165 decimas
1409 2107 1527 2178 exigere
1542 2111 1726 2180 praesumat

138 2192 339 2261 talsunenses‚
351 2193 655 2271 quiabecclesia(ot)
672 2199 894 2266 buciliensium,
910 2217 965 2273 pro
1053 2194 1840 2269 Deoaruimusergoutnulliomninobominumbane,

138 2280 293 2339 abbatissa
302 2282 439 2354 ejusdem
448 2284 506 2341 loci
516 2301 550 2341 ex
562 2286 723 2344 concordia
733 2288 810 2344 inter
823 2290 921 2361 ipsam
936 2294 966 2347 ct
1016 2288 1174 2362 proeiatam
1188 2286 1345 2345 ecclesiam
1359 2287 1480 2344 turbare
1492 2292 1614 2353 temere,
1631 2290 1686 2342 aut
1701 2285 1770 2357 ejus
1783 2298 1841 2356 pos

137 2385 192 2444 per
206 2371 403 2428 buciliensem
412 2372 553 2430 abbatem
562 2374 693 2432 ecclesias
704 2382 817 2445 vestra,
827 2376 924 2434 donec
934 2378 964 2434 in
1017 2378 1166 2434 sessiones
1177 2377 1303 2448 auterre,
1316 2373 1631 2438 velablstasretinere,
1640 2373 1841 2441 minuerem

137 2474 174 2516 ea
186 2458 300 2526 vixerit,
312 2459 470 2528 debentur,
483 2462 570 2519 vobis
584 2463 614 2519 in
626 2465 685 2520 sita
700 2480 755 2521 sua
770 2465 964 2523 nibilominus
1016 2465 1202 2539 quibuslibet
1214 2480 1322 2523 vexare
1339 2464 1482 2521 molestiis
1495 2464 1592 2520 liccat.

137 2547 366 2605 confirmemus.
386 2550 417 2606 Si
431 2550 500 2624 quis
518 2556 618 2609 autem
632 2553 723 2626 hujus
739 2559 848 2612 nostrae
858 2555 964 2612 contir-
1052 2556 1158 2611 Datum
1171 2553 1696 2628 apudClaram·rallempermanum
1706 2550 1837 2610 Gnidonis

138 2635 279 2693 mationis
293 2639 540 2710 paginamscians
551 2646 654 2699 eontra
666 2658 733 2700 eam
745 2648 855 2701 tamara
864 2645 964 2703 venire
1016 2651 1128 2703 sanctae
1149 2643 1287 2701 Ecclesia
1311 2647 1453 2700 Romanae
1471 2640 1634 2698 cardinalis
1654 2647 1684 2698 et
1706 2640 1836 2698 cancella

138 2725 306 2790 tentaverit,
316 2726 774 2803 indignationcmomuipotentis
784 2733 845 2799 liei,
857 2733 965 2791 ctbaa·
1016 2734 1060 2804 rii,
1076 2748 1126 2790 sur
1142 2733 1205 2790 llal.
1224 2734 1299 2800 llaii,
1319 2733 1478 2789 indictione
1492 2747 1534 2798 ιι,
1560 2730 1780 2787 incarnationis
1793 2732 1835 2786 lio

138 2821 237 2871 torum
253 2814 326 2871 Petri
342 2821 370 2872 et
392 2816 471 2872 Pauli
493 2818 697 2891 apostolorum
721 2822 786 2892 ejus
801 2838 833 2879 se
850 2823 965 2881 noverit
1016 2824 1133 2880 minicae
1148 2838 1230 2879 anno
1253 2822 1330 2889 tilii,
1354 2820 1545 2894 pontificatus
1567 2819 1769 2877 verodomni
1789 2820 1835 2875 Eu·

136 2902 792 2978 incursurum,atquainextremoexamineda
801 2913 964 2971 commisso
1016 2912 1096 2983 genii
1109 2927 1197 2984 papie
1210 2911 1246 2966 lll
1265 2925 1346 2968 anno
1359 2925 1397 2966 rr.

136 2997 221 3050 reatu
233 2993 379 3050 rationem
394 2994 520 3053 Domino
535 2996 731 3055 redditurum.
980 3041 1000 3097 c
1368 3026 1497 3083 ΜΕΝ,

148 3128 151 3135 .
173 3083 285 3140 Datain
299 3083 444 3141 territorio
453 3086 587 3142 'trecensi
598 3086 681 3160 apud
693 3091 851 3156 Brennum,
863 3107 891 3148 rx
908 3092 964 3149 lla-

137 3169 244 3230 lendas
257 3172 333 3230 llaii.

489 3265 623 3323 ccxciii.

137 3352 961 3431 Prioitegiumpromososterios.l{oriaBesso-sommi.

363 3446 461 3515 (anno
478 3448 555 3515 illu,
569 3446 659 3519 April.
676 3448 733 3519 24.)
1126 3430 1226 3501 [Ηῦὓθι
1243 3428 1355 3487 Aml-
1368 3429 1489 3499 Primis
1504 3430 1524 3482 ¹·
1541 3426 1599 3491 rr,
1614 3441 1647 3499 1>-
1662 3426 1742 3498 ³³⁶]

298 3533 399 3607 [illico.
419 3534 530 3591 Amal·
543 3534 662 3603 Primo
678 3537 700 3602 Ι,
718 3538 789 3609 ibt]
1052 3548 1190 3603 Eucaerus
1202 3543 1374 3617 episcopus,
1386 3558 1489 3599 sersus
1513 3557 1672 3599 servorum
1688 3540 1755 3607 liei,
1775 3539 1837 3597 dilc-

172 3631 487 3704 Eussnrnsepiscopus‚
498 3648 604 3688 servus
615 3649 768 3690 servorum
780 3636 841 3702 liei,
850 3635 963 3695 dilectis
1017 3635 1072 3692 ctis
1087 3634 1155 3691 filiis
1166 3637 1281 3691 Pansrco
1293 3632 1394 3689 abbati
1408 3631 1581 3688 buciliensis
1604 3630 1760 3697 Ecclesiae,
1770 3631 1837 3702 ejus·

136 3717 963 3796 liliisBacnuusoabbatideBasso-tonteejusquelratribus
1016 3740 1075 3798 que
1092 3723 1233 3780 iratribus
1248 3729 1308 3779 tem
1318 3722 1516 3795 presentibus
1531 3736 1626 3793 quam
1637 3719 1751 3776 tuturis
1762 3734 1835 3791 regn·

137 3808 199 3863 tem
214 3807 410 3879 presentibus
424 3823 519 3881 quam
531 3808 649 3876 futuris,
663 3810 693 3866 in
709 3819 898 3883 perpetuum.
1017 3817 1109 3871 larem
1127 3814 1217 3870 vitam
1234 3811 1385 3886 professis,
1406 3811 1435 3866 in
1451 3815 1639 3882 perpetuum.

173 3895 292 3962 Quoties
307 3894 380 3951 illud
394 3912 413 3953 a
428 3896 516 3953 nobis
525 3897 635 3969 patitur
647 3899 729 3972 quod
743 3900 852 3959 rationi
866 3908 895 3959 et
907 3904 962 3961 bo·
1053 3902 1112 3959 Pisa
1127 3900 1287 3959 voluntatis
1295 3898 1418 3956 affectus
1424 3898 1530 3955 effectu
1541 3897 1631 3954 debet
1644 3900 1835 3971 prosequente

137 3984 244 4040 nestati
269 3984 429 4040 convenire
447 3985 644 4058 dignoscitur,
671 3989 772 4047 animo
796 4006 851 4048 nos
877 3993 961 4050 decet
1017 3992 1171 4067 compleri,
1188 3996 1219 4047 ut
1233 3989 1400 4047 devotionis
1414 3989 1566 4044 sinceritas
1579 3984 1836 4044 laudabiliter-eni

136 4071 240 4128 libenti
253 4073 416 4130 concedere
424 4075 622 4148 etpetentium
633 4077 960 4151 desideriiscongruum
1017 4087 1119 4147 tescat,
1135 4086 1163 4137 et
1174 4079 1285 4136 utilitas
1295 4078 1446 4151 postulata
1461 4076 1538 4132 vires
1546 4075 1754 4133 indubitanter
1766 4088 1836 4132 assa

135 4160 279 4232 impertiri
294 4160 481 4233 suffragium.
497 4164 669 4238 llapropter‚
684 4166 781 4224 dilecti
794 4167 825 4224 in
836 4170 962 4228 Domino
1017 4176 1089 4228 mat.
1103 4169 1256 4236 Quocirca,
1273 4168 1372 4225 dilecti
1393 4166 1424 4222 in
1445 4166 1571 4224 liomino
1591 4164 1657 4231 lilii,
1680 4167 1788 4223 sostris
1800 4164 1837 4236 ju

136 4248 199 4316 lilii,
211 4250 316 4307 vestris
323 4251 413 4322 justis
424 4252 673 4325 postulationibus
686 4255 962 4316 clementerannui·
1017 4261 1068 4317 stis
1083 4258 1334 4333 postulationibus
1356 4257 1516 4314 clementer
1529 4255 1697 4313 annuimus
1712 4258 1745 4311 at
1756 4252 1838 4311 ecclc·

136 4354 206 4395 mus
222 4343 251 4395 et
264 4339 420 4398 ecclesiam
436 4342 536 4398 santa
550 4343 646 4400 ilaris
662 4343 699 4400 da
713 4345 911 4416 Basso-ionia,
931 4350 961 4406 in
1017 4351 1092 4406 siam
1111 4349 1210 4406 Sancti
1223 4348 1295 4404 Petri
1309 4347 1346 4403 de
1362 4347 1489 4413 Buciliis,
1503 4347 1600 4419 inqua
1612 4345 1721 4401 divino
1738 4342 1837 4402 manci·

136 4443 198 4501 quo
208 4427 311 4486 divino
323 4431 486 4504 mancipati
499 4431 569 4488 estis
584 4433 713 4500 servitio,
728 4436 784 4491 sub
801 4439 830 4492 ll.
844 4436 919 4493 Petri
934 4444 963 4494 et
981 4406 1002 4461 ὓ
1018 4439 1078 4512 pati
1094 4439 1164 4494 estis
1178 4435 1336 4509 obsequio,
1351 4436 1409 4492 sub
1424 4435 1503 4492 beati
1519 4434 1593 4490 Patri
1612 4438 1643 4490 et
1663 4439 1771 4490 nostra
1781 4446 1836 4506 pro

136 4528 239 4576 nostre
254 4520 433 4592 protectione
448 4522 628 4596 suscipimus
642 4529 671 4580 et
686 4525 840 4596 prsesenlis
860 4527 962 4601 scripti
1017 4527 1143 4585 tectione
1156 4526 1346 4599 suscipimus,
1361 4530 1390 4581 et
1404 4524 1559 4598 pressantis
1571 4522 1676 4596 scripti
1692 4519 1837 4596 privilegio

136 4606 290 4680 privilegio
305 4610 532 4667 cummunimus
549 4626 556 4677 ;
573 4610 721 4684 imprimis
740 4614 889 4687 siquidem
904 4620 963 4673 sta·
1016 4610 1838 4687 communimus.inprimissiquidemstatuentes,utordc

137 4698 254 4752 tuentes
272 4701 303 4752 ut
317 4696 392 4754 ordo
416 4700 580 4755 canonicus
599 4700 766 4758 secundum
786 4703 881 4760 sancti
901 4704 962 4759 Au·
1016 4706 1179 4764 canonicus
1192 4704 1358 4761 secundum
1382 4702 1460 4759 beati
1479 4701 1635 4772 Augustini
1656 4701 1804 4772 Regulam
1817 4702 1839 4753 et

137 4784 246 4854 gustini
268 4784 413 4855 Regulam
435 4791 463 4845 et
485 4790 815 4848 Prasmonstratensium
835 4791 961 4848 iratrum
1018 4789 1838 4853 premonstratensiumfratruminstituiioneminvestra

136 4870 352 4931 institutionem
382 4876 413 4930 in
441 4880 539 4933 vestra
564 4877 688 4937 ecclesis
723 4880 831 4937 futuris
856 4897 959 4956 perpe·
1016 4883 1143 4942 ecclesia
1157 4882 1263 4938 tuturis
1278 4887 1423 4954 perpetuo
1436 4878 1622 4952 temporibus
1634 4878 1839 4936 inviolabiliter

137 4965 189 5020 tuo
213 4962 398 5035 temporibus
426 4963 634 5023 inviolabiliter
661 4978 862 5027 conservetur.
887 4974 962 5027 Prin·
1016 4975 1219 5030 conservetur.
1240 4972 1384 5027 Prsstarca
1406 4982 1605 5043 quascunque
1625 4969 1837 5041 possessiones,

138 5054 961 5132 laresquascunquepossessiones,quoecunquebona,in
1015 5077 1203 5136 quaecunque
1218 5057 1838 5133 bonainproesentiarumjustaetcanonios

142 5142 231 5213 egris,
243 5142 348 5211 vineis,
359 5143 464 5215 pratis,
477 5143 568 5215 silvis,
580 5148 711 5219 pascuis,
723 5149 807 5205 terris
819 5149 905 5207 cultis
914 5151 962 5208 val
1016 5150 1155 5226 possidat,
1181 5154 1232 5206 eut
1244 5149 1272 5205 in
1290 5148 1422 5205 luturum
1436 5145 1631 5203 concessione
1656 5146 1838 5219 pontificum.

142 5230 270 5299 incultis,
280 5231 414 5299 decimis,
426 5250 478 5290 seu
487 5233 628 5308 nliisquae
636 5236 739 5294 eadem
752 5239 962 5311 ecclesiajusto
1016 5240 1172 5311 largitione
1178 5254 1282 5309 regum
1290 5238 1337 5295 sel
1349 5235 1528 5310 principum,
1540 5233 1839 5299 oblationatidelium,

1018 3134 1111 3192 Bulla
1120 3135 1301 3205 confirmans
1314 3133 1647 3191 Praemonslratcnsiasm
1663 3130 1838 3203 subrogatio·

1303 3220 1367 3262 nem
1379 3205 1410 3261 in
1432 3203 1558 3261 Basilio.

1230 3314 1328 3383 (Anno
1346 3314 1423 3382 litii,
1438 3309 1529 3383 April.
1544 3310 1602 3381 28.)

137 5418 385 5548 tufflfflium
397 5424 612 5484 monasterium
627 5425 739 5485 ordinis
751 5427 1042 5487 Pramonsuassnsis
1054 5429 1085 5487 in
1100 5427 1223 5487 dioecesi
1236 5424 1425 5484 Lauduncnsi
1447 5439 1466 5481 a
1484 5421 1596 5481 comite
1618 5419 1840 5483 vrrommdensi
