3728 6000
103 269 160 323 825

696 272 743 327 DE
758 272 1001 330 srtcnannttro.
1018 304 1052 315 -
1068 273 1132 328 Llll.
1148 273 1183 327 ll.

1706 276 1759 334 828

103 391 199 447 anima
226 392 344 464 perierat
370 410 422 466 per
449 395 552 467 liguum
576 395 776 461 inobedientiae,
801 396 905 452 viveret
921 398 948 457 Α
963 398 992 453 in
1005 398 1166 472 sanguinem
1181 411 1231 468 per
1244 413 1274 452 se
1296 406 1499 468 consecrentur,
1523 403 1551 455 et
1571 399 1637 455 illud
1660 417 1708 472 per
1729 417 1758 457 se

104 479 187 535 etiarn
209 480 237 537 in
255 497 340 538 carne
365 482 532 539 alternanter
552 500 602 555 per
624 500 784 541 eoncessum
800 485 905 557 lignum

103 569 299 637 vitae,e1toto
320 571 463 643 periisset,
486 573 551 628 dum
572 588 653 628 carne
673 573 838 629 eternaliter
861 574 906 628 vi-

107 672 183 726 vens,
200 665 226 713 et
242 656 269 712 irr
284 659 374 714 anima
390 662 530 730 peccando
545 661 707 716 aeternaliter
720 664 850 729 moriens,
861 662 905 716 iu-

103 745 237 801 curnbilis
252 755 323 802 esset
338 751 367 802 ui
383 749 533 816 daemones,
547 750 589 804 vel
605 750 685 805 etiam
701 759 763 820 post
778 751 848 806 hane
864 750 906 806 vi-

104 840 162 888 tam
179 849 241 890 eum
257 850 339 892 carne
354 837 451 892 victuri
465 838 629 894 aeternaliter
641 847 669 894 ut
684 839 750 893 mali
765 839 900 894 homines.

103 922 169 977 llali
183 923 254 978 enim
270 924 349 979 etiarn
375 926 404 980 irr
426 942 541 996 corpore
563 929 649 982 vitam
672 935 798 983 aeternnm
818 928 904 983 hahe-

103 1011 181 1082 bunt,
198 1028 280 1082 quam
297 1021 388 1069 tamen
404 1015 493 1088 magis
507 1024 620 1070 mortem
635 1016 759 1084 dixerim,
770 1016 832 1087 quia
847 1018 905 1072 Deo

107 1100 155 1172 qui
172 1117 238 1156 vere
254 1102 309 1158 vita
322 1109 372 1171 est,
388 1120 443 1159 non
455 1104 609 1174 placebunt,
621 1114 647 1161 et
661 1106 724 1160 ideo
739 1106 799 1160 sine
814 1106 906 1161 diviua

960 502 1034 552 carc,
1052 486 1161 541 utillud
1176 503 1224 556 per
1239 502 1270 543 se
1286 488 1405 560 sanguis
1426 489 1539 554 dicutur,
1558 505 1620 544 eum
1636 488 1759 546 incarne

960 583 1031 631 lotus
1047 576 1177 640 Christus,
1201 583 1228 629 et
1250 574 1280 630 in
1306 578 1439 649 sanguine
1458 585 1530 633 totus
1551 578 1673 633 Christus
1691 578 1760 633 sumi

960 664 1094 731 credatur,
1124 681 1174 720 nec
1202 673 1289 719 tamen
1318 665 1426 720 divisim
1449 665 1503 722 cluo
1528 667 1634 733 Christi,
1661 667 1709 721 setl
1732 667 1760 722 in

960 761 1074 823 utroque
1089 770 1158 808 unns
1174 753 1248 808 solus
1263 753 1412 809 Christus?

995 851 1036 905 dd
1052 851 1124 922 qnod
1149 850 1340 920 respondetur,
1364 851 1428 923 quin
1450 851 1500 908 iste
1522 868 1582 908 mos
1603 851 1717 909 inolevit
1732 853 1760 907 in

959 938 1085 995 Ecclesia
1099 938 1134 993 ab
1149 940 1210 1008 ipso
1233 940 1350 1007 Christo,
1367 941 1411 1011 qni
1434 956 1531 1010 eorpus
1551 958 1630 996 sunm
1645 950 1672 996 et
1693 956 1758 996 san·

959 1027 1069 1100 guinem
1084 1027 1192 1084 divisim
1208 1029 1379 1083 consecravit
1393 1037 1419 1084 et
1433 1028 1517 1095 dedit,
1534 1030 1629 1085 nonad
1644 1029 1759 1086 divisio·

959 1133 1022 1172 nem
1037 1117 1196 1172 substantive
1209 1133 1274 1183 suae,
1299 1124 1328 1171 nt
1349 1117 1386 1171 illi
1410 1119 1479 1172 dnos
1505 1119 1626 1175 Christos
1648 1118 1757 1189 accipe-

107 1189 197 1261 gratia
212 1190 312 1247 misem
327 1192 367 1247 ⁰5⁸
383 1193 434 1248 elil
455 1193 602 1262 θέῑθΐΰῑῑιθι
626 1194 689 1264 (luia
710 1202 810 1250 aelefflll
825 1195 905 1251 mise·
959 1211 1031 1270 rent,
1057 1221 1118 1260 eum
1144 1206 1171 1259 in
1191 1211 1306 1275 utroque
1325 1222 1408 1260 uuum
1433 1206 1567 1261 Christum
1592 1208 1756 1279 acceperint,

107 1277 159 1334 ria·
959 1294 1006 1350 sed
1018 1295 1051 1349 nd
1066 1294 1261 1349 discretionem
1286 1294 1388 1365 figurae,
1404 1302 1432 1349 ut
1454 1296 1532 1367 panis
1553 1295 1616 1351 dum
1634 1296 1760 1351 dentibus

412 1369 525 1426 CAPUT
539 1372 599 1426 Vll·
959 1384 1062 1447 teritur,
1079 1399 1190 1438 earnem
1206 1383 1302 1439 Christi
1319 1384 1345 1437 in
1362 1385 1488 1452 passione
1503 1384 1634 1449 attritam,
1651 1392 1677 1440 et
1691 1385 1759 1439 dum

144 1471 215 1530 Cum
231 1476 549 1544 temporalibusmerilis
559 1481 667 1533 (eterna
682 1479 832 1535 retributio
840 1479 903 1548 fiat,
960 1472 1054 1527 vrinttm
1068 1472 1094 1526 in
1110 1487 1160 1528 Ol'a
1173 1470 1293 1526 fidelium
1304 1471 1435 1540 funditur,
1451 1473 1611 1546 sanguinem
1626 1473 1660 1528 de
1675 1473 1760 1529 latere

142 1561 281 1631 Quaeritur
302 1563 400 1619 iterum
425 1581 511 1638 quare
535 1565 672 1621 aeternitas
701 1566 834 1622 felicitatis
861 1567 904 1623 vel
960 1560 1058 1616 Christi
1073 1561 1162 1615 susum
1178 1561 1309 1633 signasti-

104 1665 196 1722 poenra
209 1651 376 1708 retribuatur
397 1654 593 1725 temporalibus
617 1655 730 1719 meritis,
746 1663 849 1712 recatus
862 1657 905 1711 vel
994 1658 1048 1713 Sed
1066 1673 1114 1713 nec
1138 1658 1201 1714 ideo
1223 1674 1323 1728 corpus
1346 1667 1373 1714 et
1396 1660 1509 1731 sanguis
1529 1675 1579 1729 per
1601 1676 1630 1714 se
1650 1658 1757 1732 dieitur,

103 1739 240 1810 justitiae?
918 1753 945 1817 Β
960 1746 1037 1817 ‹puasi
1049 1762 1149 1817 corpus
1160 1747 1297 1814 exanime,
1313 1755 1340 1802 et
1362 1748 1475 1818 sanguis
1497 1746 1600 1803 effusus
1614 1755 1641 1802 et
1656 1746 1759 1802 divisus

141 1828 186 1883 Ad
201 1828 273 1899 quod
287 1830 512 1901 respondendum
527 1840 576 1900 est,
590 1834 654 1906 quia
668 1837 741 1890 Deus
756 1853 811 1892 nen
832 1844 901 1893 tem·
962 1849 1101 1905 acorpore
1128 1834 1203 1889 credi
1231 1834 1339 1903 debeat,
1370 1852 1431 1891 euru
1459 1845 1605 1907 utrumque
1634 1852 1702 1891 unus
1726 1837 1759 1892 sit

103 1917 227 1987 pcralem
243 1919 379 1975 actionem
391 1920 439 1974 sed
454 1931 613 1992 perpetuam
635 1923 697 1979 boui
719 1926 761 1979 vel
776 1925 840 1979 mali
855 1941 901 1982 re·
961 1922 1084 1979 Christus
1105 1924 1276 1988 immortalis,
1299 1923 1452 1986 indivisus;
1478 1923 1527 1978 sed
1551 1924 1578 1978 in
1598 1923 1757 1980 memoriam

103 2015 231 2062 munerat
245 2007 289 2063 vel
305 2007 415 2063 damnat
429 2008 603 2078 voluntatem,
621 2029 681 2083 quaa
696 2013 756 2067 siin
770 2016 905 2070 niernum
959 2011 1093 2082 passionis
1107 2012 1167 2081 ejus
1191 2013 1226 2067 ita
1250 2012 1360 2077 dieitur,
1377 2012 1440 2082 quia
1462 2012 1488 2067 irr
1509 2012 1569 2083 ipso
1588 2022 1758 2069 sacramento

103 2094 218 2162 viveret,
235 2095 263 2150 in
279 2104 409 2152 aeteruum
430 2099 455 2152 iu
480 2114 530 2155 suo
551 2101 691 2170 proposito
715 2112 902 2172 permaneret,
960 2107 1074 2154 mortem
1095 2100 1202 2155 Domini
1225 2101 1385 2155 anunntiare
1409 2101 1553 2156 dehemus.
1579 2101 1656 2157 Unde
1674 2101 1757 2156 etiarn

103 2183 224 2254 ideoque
249 2185 322 2254 juste
342 2187 519 2243 aeternitatem
546 2189 733 2245 retributionis
756 2192 902 2247 aeternitati
960 2203 1033 2259 aqua
1048 2188 1078 2242 in
1097 2195 1268 2244 sacramento
1283 2189 1459 2254 admiscetur,
1473 2189 1624 2244 nousolnnr
1638 2190 1758 2260 utcapiti

102 2273 252 2330 voluntatis
266 2275 407 2345 appendit.
423 2277 500 2332 Unde
515 2276 595 2331 etiarn
614 2293 674 2334 cunr
690 2288 718 2334 ut
733 2280 769 2335 alt
783 2285 901 2352 Aposto-
960 2292 1010 2332 suo
1025 2276 1143 2343 Christo,
1160 2278 1289 2348 populum
1306 2278 1520 2334 ecclesiasticum
1533 2277 1602 2332 uniri
1613 2276 1756 2350 significet,

104 2361 157 2428 lus,
174 2361 318 2434 passiones
329 2364 408 2433 hujus
422 2365 551 2435 tenrporis
564 2382 618 2421 uon
637 2368 691 2421 siut
710 2368 853 2441 condignas
868 2369 903 2424 nd
958 2366 1007 2420 sed
1022 2366 1102 2420 etiarn
1119 2372 1149 2420 ut
1164 2382 1262 2438 nquam
1279 2384 1339 2437 quae
1353 2368 1388 2422 de
1403 2367 1486 2422 latere
1501 2366 1597 2421 Christi
1613 2383 1674 2422 eum
1689 2382 1757 2420 sun-

104 2449 223 2506 luturnm
238 2451 367 2523 gloriam,
384 2469 447 2525 quae
461 2454 629 2510 revelabitur
643 2456 670 2509 iu
686 2456 786 2522 nubis;
804 2458 866 2527 quin
880 2456 904 2512 si
958 2454 1041 2525 gnine
1055 2454 1144 2520 lluxit,
1165 2464 1349 2525 repraesentet.
1375 2456 1510 2511 Dicuntur
1530 2463 1620 2510 nutem
1642 2455 1696 2510 duo
1711 2454 1756 2510 ‹ti-

103 2538 139 2595 nb
155 2539 233 2595 initio
247 2541 340 2595 mundi
356 2558 441 2612 usque
456 2543 490 2597 ad
506 2541 585 2598 finem
602 2546 688 2614 (dnm.
701 2560 761 2611 vnr,
779 2547 833 2613 18),
850 2561 905 2601 non
958 2558 1038 2597 versa
1053 2553 1225 2598 sacramenta
1239 2544 1318 2614 panis
1338 2551 1363 2598 et
1388 2545 1492 2611 vinum,
1515 2551 1644 2614 quantum
1669 2543 1703 2598 ad
1717 2542 1758 2597 di-

103 2628 188 2685 modo
203 2629 265 2698 quis
279 2646 330 2700 pro
346 2630 403 2685 [leo
417 2630 564 2700 laboraret,
581 2633 630 2688 sed
645 2641 673 2687 et
686 2641 833 2704 pateretur,
849 2651 904 2690 non
958 2646 1053 2687 versas
1068 2648 1131 2686 suas
1146 2633 1269 2701 speeies,
1293 2648 1352 2687 cnm
1378 2638 1469 2686 tumen
1490 2632 1543 2686 sint
1567 2648 1660 2696 unum,
1677 2645 1759 2702 quar-

103 2724 197 2773 tnmen
214 2727 288 2774 esset
302 2720 478 2791 condignum,
495 2728 523 2774 ut
544 2721 596 2777 hoc
611 2722 752 2790 temporali
767 2736 904 2777 commer-
958 2727 1015 2774 turn
1029 2719 1062 2773 ad
1078 2736 1161 2775 unam
1176 2722 1300 2775 eamdem
1321 2736 1395 2775 sunm
1421 2719 1656 2792 significationem.
1680 2719 1758 2776 Unde

103 2805 148 2862 cio
161 2807 341 2863 aeternitatem
356 2817 533 2875 mercaretur,
550 2826 583 2866 ue
604 2818 692 2865 tamen
708 2810 786 2865 malis
801 2810 905 2866 diutius
958 2809 1129 2879 Augustinus
1143 2808 1309 2865 sacrificium
1335 2809 1549 2865 Ecclesiaedieit
1569 2809 1757 2864 dnobuscon-

101 2894 197 2951 liceret
220 2911 336 2968 peccare
360 2898 395 2952 nd
418 2899 546 2965 maiorem
570 2899 610 2954 sui
629 2915 747 2970 poennm,
773 2916 807 2955 ne
822 2902 904 2955 etiam
956 2896 1010 2964 liei,
1026 2897 1187 2968 duobusque
1208 2907 1331 2955 constare
1349 2916 1354 2954 :
1372 2916 1426 2954 uno
1449 2899 1553 2954 scilieet
1575 2904 1755 2962 sacramento,

100 2982 189 3040 bonos
202 2984 230 3038 in
245 2985 338 3040 muudi
353 2987 452 3041 exsilio
463 2988 575 3043 tederet
590 2987 693 3053 vivere,
704 2990 725 3042 si
740 2989 824 3043 nimia
836 2989 904 3044 loret
957 2986 1020 3056 cruia
1036 2987 1115 3056 panis
1130 2994 1156 3041 et
1172 2988 1262 3041 vinum
1285 2988 1359 3042 idem
1377 2987 1540 3058 significant,
1558 2994 1584 3041 et
1606 3001 1659 3041 una
1673 3001 1702 3041 re
1716 3001 1758 3040 sn·

100 3073 139 3128 eis
154 3072 248 3129 dilatio
263 3073 296 3128 ad
311 3075 437 3145 patriam,
454 3075 586 3130 breviavit
608 3077 682 3132 Deus
697 3079 824 3134 humanae
840 3078 902 3132 vitae
956 3075 1172 3149 insinuatricis
1187 3091 1285 3144 corpus
1298 3086 1324 3130 et
1347 3077 1458 3148 sanguis
1473 3092 1541 3130 unus
1562 3079 1604 3130 est
1619 3075 1753 3130 christus.

99 3161 159 3217 dies
173 3170 285 3232 propter
299 3162 410 3227 eleetos,
428 3180 460 3218 ne
478 3181 624 3235 pravorum
640 3165 793 3233 afflictione,
804 3168 847 3222 vel
862 3167 903 3222 ni·
957 3162 1086 3232 Alioquin
1102 3179 1156 3217 non
1170 3163 1287 3231 duobus,
1303 3165 1351 3218 sed
1371 3171 1487 3235 quatuor
1509 3171 1646 3219 constaret
1659 3162 1755 3217 Eccle-

98 3249 903 3327 miosuolaboredelrcer·ent.Sedetnerninutiotempo·
958 3251 1005 3305 siae
1034 3251 1207 3311 sacrificium.
1237 3257 1382 3323 esstnlque
1409 3252 1477 3307 sicul
1503 3252 1558 3307 duo
1585 3256 1757 3306 sacramenia

99 3338 169 3394 ralis
184 3338 289 3394 laboris
303 3339 414 3411 aliquod
425 3344 519 3396 aeterni
532 3343 634 3411 praemii
645 3342 785 3398 vuleretnr
795 3344 903 3414 dispen-
958 3340 1035 3409 panis
1050 3348 1077 3393 et
1091 3340 1192 3400 vinum,
1216 3341 1255 3394 sic
1280 3341 1341 3395 duae
1361 3340 1486 3396 discretae
1513 3356 1557 3394 res
1579 3337 1754 3404 sacramenti,

101 3425 188 3491 dium,
204 3428 290 3498 ipsius
306 3430 479 3498 praecursoris
495 3429 536 3483 sui
552 3430 632 3483 vitum
645 3446 697 3500 quo
710 3447 790 3486 neruo
806 3434 902 3501 rnnjor,
958 3429 1643 3499 corpusetsanguis,quodestimpossibile,enm
1658 3426 1757 3483 Christi
1834 3496 1837 3501 ἱ

102 3515 164 3586 ipsu
180 3520 259 3582 teste,
275 3517 402 3583 surrexit,
418 3517 655 3589 trigintaduorum
672 3527 698 3573 et
719 3519 802 3573 semis
815 3535 902 3576 auno·
958 3531 1058 3585 corpus
1073 3532 1126 3572 non
1141 3518 1178 3571 sit
1191 3533 1330 3588 exsangue
1346 3528 1370 3571 et
1387 3526 1532 3572 mortuum.

102 3618 166 3659 rum
180 3619 244 3659 esse
259 3604 353 3671 voluit,
370 3605 413 3660 sui
432 3607 515 3660 etium
539 3605 633 3675 ipsius,
653 3607 698 3676 qni
714 3624 797 3677 supet·
809 3624 904 3663 ornnes
994 3604 1057 3659 ldeo
1073 3606 1154 3658 ctiam
1168 3620 1270 3676 corpus
1297 3614 1324 3660 et
1347 3605 1462 3676 sanguis
1482 3604 1590 3661 divisim
1613 3605 1639 3659 in
1662 3618 1757 3659 sacra·

102 3701 154 3760 est,
168 3693 266 3748 eodem
283 3710 396 3749 numero
411 3696 622 3760 consummavit,
639 3703 667 3749 ut
680 3697 742 3766 quin
760 3697 832 3752 Dens
846 3713 904 3753 non
960 3700 1049 3746 mente
1064 3693 1198 3758 videntur,
1216 3699 1245 3747 ul
1259 3694 1323 3763 quia
1338 3693 1459 3749 Christus
1474 3710 1524 3763 pro
1539 3694 1618 3749 nobis
1633 3700 1756 3749 mortuus

101 3785 496 3855 curotexpunntotempnre,
513 3784 561 3839 sed
581 3800 617 3839 en
629 3789 735 3854 quanto
754 3785 837 3841 corde
851 3787 905 3842 ailri
960 3793 1012 3843 est,
1029 3797 1079 3835 nos
1101 3781 1146 3852 ‹pui
1167 3796 1282 3852 corpore
1302 3790 1328 3837 et
1352 3782 1444 3837 anima
1462 3787 1640 3852 perieramus,
1656 3796 1756 3852 corpus

100 3870 452 3940 teruintnrperlectionem
462 3872 611 3926 meritinon
621 3872 736 3941 tempori
745 3874 903 3941 ascriberet,
960 3885 1131 3939 percorpus,
1149 3871 1307 3924 etnnimam
1325 3886 1373 3941 per
1388 3871 1508 3924 animum
1531 3870 1679 3935 redimens,
1699 3884 1757 3924 eor·

100 3958 150 4014 sed
167 3958 272 4013 virtuti.
290 3959 364 4014 Ecce
386 3958 456 4013 enim
483 3960 509 4014 in
530 3961 634 4015 tantillo
655 3969 777 4031 tempore
797 3962 905 4033 plenam
960 3974 1010 4028 pus
1030 3966 1055 4013 et
1076 3958 1198 4012 animam
1221 3975 1297 4013 suam
1321 3974 1372 4029 pro
1397 3967 1489 4014 nostra
1517 3959 1703 4029 redemptione
1728 3958 1757 4012 in
1816 4006 1826 4023 ,

99 4045 282 4102 obedientiam
296 4046 356 4102 Deo
374 4048 447 4102 Patri
462 4049 590 4111 servavit,
607 4049 679 4120 qnod
696 4050 786 4104 nullus
802 4051 837 4104 ab
852 4053 906 4105 ori·
960 4052 1047 4102 morte
1061 4047 1145 4101 divisa
1160 4046 1244 4101 luisse
1263 4047 1394 4119 signetur,
1410 4048 1475 4102 dum
1490 4063 1589 4118 corpus
1599 4050 1663 4118 ejus
1677 4048 1704 4101 in
1715 4062 1756 4102 se·

98 4136 164 4207 gine
179 4135 273 4189 mundi
290 4135 383 4191 lacere
398 4137 495 4205 potuit.
514 4138 545 4190 Et
560 4137 728 4208 quisdintius
740 4155 772 4192 eo
782 4139 904 4195 vixisset,
960 4135 1052 4206 pulcro
1062 4135 1152 4204 jacuit,
1169 4136 1259 4190 anima
1280 4152 1344 4192 vero
1366 4136 1400 4191 ud
1420 4136 1578 4192 liberandas
1599 4144 1757 4192 sanctornm

99 4223 123 4279 ni
138 4223 272 4294 temporis
287 4223 500 4294 diuturnitatem,
517 4235 543 4280 et
565 4242 618 4281 nen
635 4226 768 4280 virtutem
792 4227 905 4282 merito·
960 4225 1063 4278 animas
1078 4224 1112 4278 ad
1128 4224 1237 4279 inlernn
1250 4224 1402 4280 descendit.
1422 4225 1489 4279 Cunr
1504 4225 1586 4297 igitur
1600 4225 1628 4278 in
1643 4224 1688 4279 tali
1699 4240 1757 4295 my-

102 4328 163 4368 rum
180 4312 342 4384 perfectioni
364 4313 488 4370 sufficere
508 4315 641 4370 vidisset?
656 4315 710 4371 Sed
724 4323 751 4370 et
766 4315 904 4387 quomodo
960 4313 1043 4368 sterio
1059 4328 1159 4382 corpus
1182 4329 1231 4384 per
1253 4330 1360 4384 corpus,
1386 4314 1475 4368 anima
1493 4324 1583 4368 autem
1604 4313 1700 4367 Christi
1716 4313 1756 4367 si-

102 4402 393 4472 loannenenromajor
405 4404 581 4470 surrexisset,
595 4404 903 4468 cumdbraham,lsaae
961 4400 1117 4471 guilicnnda
1145 4409 1217 4456 esset
1242 4418 1288 4471 per
1310 4402 1429 4473 aliquam
1462 4402 1597 4456 visibilem
1625 4401 1755 4470 speciem,

105 4498 132 4546 et
148 4490 246 4556 laceb,
263 4500 289 4547 et
303 4501 415 4547 caeteros
430 4493 602 4561 ‹puumplures
615 4493 641 4546 iu
655 4492 792 4563 obsequiis
804 4492 902 4547 divinis
919 4464 945 4528 D
961 4490 1026 4544 nihil
1050 4490 1189 4545 inventum
1214 4499 1254 4544 est
1278 4490 1305 4544 in
1325 4492 1466 4551 creaturis,
1488 4506 1536 4560 per
1550 4489 1621 4560 quod
1642 4489 1756 4545 vicinius

106 4578 568 4636 ‹liutiustahorasseconsvettSen
590 4581 701 4636 evidens
722 4589 761 4636 est
777 4597 903 4651 procer·
959 4586 985 4633 el
1013 4588 1092 4649 aptus
1120 4583 1368 4649 repraesentaretur,
1397 4595 1479 4648 quum
1508 4595 1556 4648 per
1582 4578 1753 4650 sanguinem,

107 4674 145 4737 to,
161 4668 224 4738 quia
239 4668 288 4723 etsi
304 4669 397 4739 plures
423 4685 456 4724 eo
479 4670 673 4724 laboraverunt
693 4669 801 4733 diutius,
824 4686 904 4724 neruo
959 4668 1007 4737 qui
1022 4677 1061 4722 est
1076 4667 1154 4721 sedes
1168 4668 1276 4721 arrianae.
1295 4667 1324 4720 ln
1342 4681 1394 4737 quo
1410 4669 1492 4721 etium
1508 4676 1536 4720 nt
1557 4668 1680 4738 signetur
1693 4668 1754 4722 nni-

109 4755 257 4811 lerventius
272 4758 402 4827 etpnrius
417 4757 463 4829 qui
487 4766 609 4829 tempore
629 4758 778 4826 juventutis
793 4774 849 4812 suar
864 4759 905 4811 irr-
960 4772 1018 4810 mus
1034 4765 1139 4810 nostras
1161 4766 1188 4808 et
1210 4771 1335 4824 corpora,
1359 4756 1455 4810 arnimar
1478 4756 1577 4810 Christi
1602 4761 1628 4810 el
1650 4756 1756 4826 carpturi

110 4853 206 4900 ventus
220 4853 261 4900 est
280 4845 306 4899 in
330 4847 477 4901 tentatione
500 4845 587 4901 tidelis
609 4855 635 4901 et
657 4846 743 4913 sortis
764 4862 818 4916 quo
840 4862 904 4902 caro
959 4845 1030 4898 uniri
1045 4852 1071 4898 et
1085 4844 1249 4899 conformari
1264 4842 1376 4905 debere,
1392 4843 1473 4897 simul
1485 4859 1583 4915 corpus
1603 4853 1628 4900 et
1642 4845 1756 4916 sanguis

108 4934 216 5005 spiritui
231 4950 341 5005 semper
356 4936 444 5007 magis
459 4944 497 4991 est
513 4937 631 5002 rebellis,
648 4937 717 4991 adeo
732 4944 758 4989 nt
775 4935 905 4990 occiden-
959 4933 1072 4987 sumitur
1100 4948 1116 4986 a
1140 4932 1276 4997 fidelihus,
1302 4940 1328 4985 nt
1350 4940 1458 5001 sumpto
1482 4948 1593 5003 corpore
1613 4942 1639 4988 et
1665 4936 1757 4988 anima

107 5022 158 5078 dus
176 5023 256 5078 etium
273 5024 406 5079 llerotlem
422 5025 562 5095 increpare
582 5040 635 5079 non
657 5032 786 5078 metueret
801 5022 828 5076 in
844 5039 905 5078 car·
960 5021 1067 5085 Christi,
1086 5028 1140 5076 toto
1156 5020 1261 5076 Christo
1276 5028 1349 5074 totus
1372 5022 1464 5084 horno,
1491 5022 1519 5074 in
1541 5022 1635 5077 aninrn
1654 5032 1680 5077 et
1694 5038 1757 5078 eor·

107 5126 181 5176 cere,
200 5111 262 5182 quia
285 5112 361 5167 tratri
384 5127 434 5168 suo
455 5129 565 5167 uxorem
590 5129 667 5168 suam
690 5112 907 5183 praesumpsisset
960 5126 1024 5181 pore
1041 5109 1210 5169 rivilieelurt
1228 5109 1291 5163 dnnr
1312 5111 1370 5179 ipsa
1395 5123 1459 5163 caro
1481 5109 1589 5176 Clnisti,
1608 5118 1636 5165 ut
1657 5112 1755 5167 dictum

106 5199 211 5255 tollere.
961 5216 1008 5269 est,
1026 5223 1080 5262 non
1095 5209 1241 5279 exsanguis
1256 5218 1283 5260 et
1298 5213 1415 5270 mortua,
1425 5205 1473 5258 sed
1487 5206 1549 5260 viva
1563 5214 1590 5261 et
1600 5207 1758 5263 vivificatrix

408 5291 519 5347 CAPUT
536 5292 604 5346 l'lll·
961 5297 1091 5352 ereditur.
1116 5296 1202 5364 Unde,
1230 5303 1258 5349 ut
1281 5295 1317 5350 ait
1343 5294 1522 5365 Augustinus,
1548 5312 1598 5350 nec
1617 5312 1679 5352 caro
1699 5296 1757 5351 sine

115 5404 170 5461 Car
184 5405 269 5477 panis
280 5406 310 5461 in
326 5422 453 5474 curnem,
469 5411 497 5462 et
517 5409 614 5462 erinium
629 5407 659 5460 in
674 5404 843 5474 sanquinem
856 5421 906 5477 per
960 5395 1105 5466 sanguine,
1121 5408 1172 5449 nco
1186 5392 1299 5464 sanguis
1313 5392 1372 5446 siue
1386 5405 1480 5461 carne,
1491 5393 1555 5460 iure
1568 5395 1758 5451 communica-

384 5512 412 5552 re
427 5500 637 5553 corraeorentcr.
960 5496 1012 5546 tur.
1035 5495 1103 5547 Item
1125 5490 1251 5546 Celusius
1274 5488 1403 5561 hlajorico
1428 5493 1457 5544 et
1478 5489 1574 5544 loanni
1598 5490 1757 5562 episcopis:

148 5592 287 5663 Quaerltur
300 5609 408 5666 quoque
424 5611 505 5665 quare
527 5594 607 5666 panis
630 5594 656 5650 in
677 5609 797 5663 carnem,
813 5591 905 5648 vinum
963 5616 973 5640 ι
992 5590 1178 5662 Comperimus
1192 5588 1267 5662 quod
1281 5587 1389 5659 quidam
1415 5594 1522 5660 sumpta
1543 5594 1646 5645 tuntum
1659 5603 1760 5661 corpo·
