3728 6000
101 252 158 316 sas
660 254 705 315 na
724 247 974 315 sinniimrtro.
994 288 1027 298 -
1044 252 1108 312 nin.
1133 250 1179 312 iit.
1701 265 1752 320 asi
1782 248 1785 253 ’

99 401 155 441 nus
170 384 205 442 da
219 401 252 442 eo
274 385 400 443 credatur
427 385 482 443 hoc
507 384 710 452 inconveniens,
726 382 1087 454 consentiuntAdignitatc
1115 383 1149 438 sit
1177 381 1285 452 melius,
1309 398 1360 440 nec
1387 383 1547 456 indignitate
1575 385 1702 458 deterius,
1717 404 1751 445 ne

104 474 228 548 Pelagio,
245 474 385 547 qnodnon
402 475 435 530 sit
463 491 561 546 eorpus
590 473 698 540 Christi,
715 473 786 543 quod
813 471 903 527 schis-
958 472 1001 527 vel
1027 472 1090 527 boni
1118 472 1211 526 divine
1239 472 1317 543 operi
1349 473 1564 544 superaddidisse
1597 476 1751 545 rideantur,

104 563 220 620 maticus
234 562 352 632 coniicit,
373 573 400 620 et
415 565 560 637 Cypriane,
576 564 647 634 quod
668 563 738 635 apud
761 561 905 618 haereticos

105 652 270 708 eucharistia
285 651 345 708 lieri
360 670 413 709 non
428 653 524 724 possit,
540 653 680 722 voluptate
702 650 904 706 invocationem

105 740 192 796 divini
207 741 335 810 nominis,
347 759 429 815 quam
449 741 599 814 Gregorius
619 741 782 813 sacrilegam
805 753 905 794 eonse-

106 829 254 886 orationem
270 839 360 895 uocat,
374 831 402 885 in
415 831 467 886 hoc
483 831 586 884 irritam
606 829 738 900 deniqui
758 827 906 898 Cyprianus

105 918 172 974 dicit
196 933 252 974 non
280 919 369 974 statim
398 919 501 990 suscipi
524 919 635 987 debere,
658 933 718 987 qum
737 917 855 985 jactatur
879 915 906 968 in

105 1007 209 1063 Christi
224 1007 343 1074 nomine,
360 1007 409 1063 sed
424 1024 486 1080 quae
507 1015 644 1079 geruntur
667 1006 696 1060 in
715 1004 813 1060 Christi
834 1003 907 1059 reri-

105 1104 171 1164 tate,
187 1104 217 1151 ut
230 1096 296 1151 dnm
310 1096 424 1152 omnino
439 1096 508 1151 nihil
524 1112 583 1151 esse
608 1101 744 1164 astruunt,
761 1092 834 1165 quod
849 1093 907 1147 hae·

106 1184 184 1241 retici
199 1185 335 1241 conticere
350 1184 483 1250 videntur,
496 1184 675 1256 ignominiam
691 1184 765 1238 illam
777 1180 909 1236 aChristo

108 1272 245 1342 auferant,
262 1289 343 1345 quam
359 1273 444 1328 saneti
459 1273 493 1329 de
509 1271 660 1338 sacrificiis,
676 1271 720 1328 rel
734 1269 840 1328 cereris
855 1270 909 1326 liae

107 1363 257 1419 reticorum
272 1363 452 1419 sacramentis
466 1369 635 1418 attestantur.

427 1537 538 1595 CAPUT
559 1536 595 1592 ll.

960 570 1085 632 tanquam
1102 562 1160 615 Deo
1175 561 1313 629 meliores,
1329 562 1372 616 vel
1398 562 1460 616 mali
1477 564 1610 631 minuere,
1626 572 1753 635 tanquam

959 659 1053 706 contra
1068 650 1157 704 Deum
1176 649 1312 716 tortiores,
1330 651 1371 704 rel
1387 658 1515 722 tauquam
1531 651 1587 706 sint
1601 653 1659 722 ipse
1672 654 1755 710 Deus.

960 754 1040 792 suum
1056 740 1166 793 omnine
1183 739 1313 809 deputare
1330 740 1402 810 quod
1424 740 1534 795 omuino
1553 741 1676 795 divinum
1698 751 1751 798 est.
1796 738 1800 749 '

959 827 1001 881 Ne
1016 843 1082 897 ergo
1097 836 1266 884 sacramenta
1281 828 1403 882 Ecclesia
1418 827 1551 883 bonorum
1566 829 1609 884 vel
1624 833 1759 886 malorum

962 915 1112 979 bominum,
1145 915 1193 970 sed
1220 915 1303 970 solius
1329 916 1378 971 Dei
1407 932 1466 972 esse
1494 925 1656 985 astruantur,
1685 919 1758 990 apud

961 1018 1056 1059 omnes
1070 1003 1258 1058 indill'ercnter
1272 1009 1403 1076 quantum
1418 1005 1452 1059 ad
1473 1021 1514 1072 se,
1530 1021 1597 1060 vcra
1617 1015 1644 1062 et
1665 1017 1758 1063 sancta

963 1107 1021 1147 essc
1035 1092 1195 1161 ereduntur3
1211 1100 1239 1147 ut
1254 1108 1316 1148 cum
1331 1093 1403 1163 arind
1418 1109 1513 1149 omues
1538 1095 1572 1149 ab
1593 1095 1687 1152 eodem
1709 1113 1759 1153 ea-

963 1180 1024 1236 dcm
1040 1180 1094 1235 sint
1108 1197 1229 1252 semper,
1245 1181 1316 1237 sicut
1333 1183 1403 1236 bans
1424 1181 1656 1237 incommutabilis
1670 1186 1759 1257 seipso

962 1285 1100 1340 nunquam
1117 1271 1193 1340 pejor
1207 1269 1249 1325 vel
1265 1270 1360 1325 melior
1375 1279 1425 1333 est.
1440 1270 1478 1326 sia
1493 1279 1519 1326 et
1532 1288 1579 1326 sua
1590 1283 1761 1330 sacramenta

963 1357 1222 1414 incommutabiliter
1251 1358 1323 1429 apud
1362 1374 1457 1415 omnes
1493 1361 1589 1416 eadem
1622 1378 1760 1435 nunquam

964 1447 1061 1518 seipsis
1073 1448 1129 1503 sint
1143 1448 1237 1519 pejora
1253 1447 1298 1501 vel
1315 1447 1436 1503 meliora.

1277 1568 1387 1624 CAPUT
1406 1570 1452 1622 lll.

112 1661 191 1733 014θᾶ
219 1663 305 1718 “illm
328 1662 378 1717 Μ
406 1663 454 1726 *ῑῑν
482 1663 578 1717 Omnia
608 1664 789 1744 “mmmm
816 1662 910 1731 facere
968 1681 1043 1750 Quod
1057 1686 1239 1737 recrementa
1255 1683 1360 1737 Christi
1373 1699 1422 1753 pro
1437 1684 1547 1739 meritis
1559 1686 1758 1744 ministrorum

170 1749 278 1798 temler
293 1748 359 1788 vm
374 1737 402 1788 εἰ
417 1737 518 1788 “mm
536 1740 676 1804 quantum
691 1733 727 1787 “d
741 1748 845 1803 hlium·
924 1730 950 1790 B
999 1755 1064 1823 fieri
1077 1753 1218 1808 credendo
1235 1770 1292 1809 nori
1315 1758 1394 1816 surii,
1411 1770 1447 1809 ne
1469 1761 1568 1826 pereni
1592 1760 1693 1814 unitus
1717 1775 1761 1814 sa-

145 1830 202 1886 sat
215 1831 240 1885 si
254 1829 290 1884 ita
305 1838 345 1884 est
368 1829 546 1896 eredendum,
563 1846 644 1900 quam
671 1830 723 1884 late
750 1836 843 1900 patent
865 1829 911 1882 in·
1000 1828 1213 1880 crementorum
1227 1829 1255 1878 et
1270 1825 1412 1879 dantesie.

110 1918 278 1974 conveniens
293 1917 445 1974 videamus.
463 1918 582 1972 Primum
606 1919 806 1973 invocationem
828 1916 912 1972 diuini
1002 1922 1029 1976 Si
1038 1923 1109 1976 enim
1120 1936 1168 1992 pro
1179 1921 1280 1975 meritis
1288 1921 1498 1976 ministrantium
1507 1923 1578 1993 apud
1587 1925 1637 1979 hos
1648 1926 1690 1981 vel
1700 1927 1762 1983 illos

108 2006 229 2064 nominis
242 2006 271 2061 in
282 2006 459 2062 sacramentis
473 2006 528 2060 suis
542 2005 686 2074 annullari,
703 2007 817 2062 eredere
838 2005 914 2059 ucles
967 2008 1063 2065 melius
1077 2009 1120 2063 vel
1134 2009 1212 2078 pejus
1226 2007 1283 2062 lteri
1293 2009 1522 2078 putarentur,jnm
1534 2026 1588 2064 non
1598 2011 1693 2066 Christi
1702 2029 1764 2084 gra-

109 2103 168 2152 est.
189 2095 232 2150 itit
259 2095 333 2150 enim
355 2095 522 2167 Augustinus
550 2095 584 2149 ad
615 2095 825 2148 Parmenionem
855 2093 912 2160 (tib.
968 2099 1023 2165 tie,
1034 2098 1081 2152 sed
1093 2113 1187 2152 eorum
1201 2096 1765 2172 meritisascriberentur,atcnmquidlibet

112 2198 143 2253 tt,
160 2199 185 2240 o.
203 2187 230 2252 6,
246 2187 267 2238 i.
283 2183 331 2250 tx,
348 2183 401 2239 col.
418 2183 462 2252 dh)
480 2197 485 2236 :
506 2205 517 2228 υ
535 2181 682 2248 Sacrilieia,
698 2182 793 2254 inquit,
815 2182 915 2252 impio·
970 2203 1041 2242 nunc
1056 2186 1135 2257 pejus
1151 2202 1221 2240 nunc
1235 2185 1342 2252 melius,
1359 2202 1412 2239 non
1428 2185 1500 2239 idem
1511 2187 1559 2240 scd
1573 2186 1764 2255 diversumsit,

114 2289 179 2329 ium
196 2272 347 2328 exsecratio
363 2279 404 2326 est
419 2271 549 2326 Domino.
569 2271 674 2325 Etenim
695 2272 786 2340 inique
800 2268 917 2326 offerunt
968 2276 1025 2344 iam
1040 2290 1094 2328 nnn
1109 2279 1192 2328 staret
1208 2274 1295 2328 unitas
1307 2273 1435 2343 baptismi
1446 2274 1488 2327 vel
1511 2277 1634 2344 corporis
1649 2276 1765 2346 Christi3
1787 2256 1790 2265 ¹

113 2360 176 2416 itta.
201 2380 213 2410 i
231 2361 264 2415 Et
278 2370 339 2431 post
353 2375 451 2431 pauca.
470 2360 631 2415 «sacrificia
643 2375 708 2430 ergo
719 2359 866 2430 impiorum
876 2359 918 2414 eis
972 2365 1035 2434 quia
1051 2363 1203 2433 baptismus
1217 2363 1275 2431 ejus
1290 2361 1316 2415 in
1333 2362 1374 2415 his
1390 2363 1433 2416 rel
1448 2362 1501 2416 illis
1516 2363 1615 2418 mehor
1626 2367 1667 2419 rel
1677 2365 1765 2436 pej0r,

118 2450 189 2522 ipsis
204 2450 322 2504 oberunt
336 2448 383 2520 qui
397 2447 515 2504 offerunt
529 2448 621 2518 impie.
638 2449 709 2502 Nam
725 2465 810 2502 unum
831 2446 918 2502 idem·
972 2462 1045 2507 esset
1056 2451 1191 2517 diversus,
1208 2459 1235 2504 et
1249 2449 1374 2504 similiter
1386 2465 1485 2521 corpus
1509 2451 1606 2506 Christi
1620 2453 1766 2509 diversum.

116 2535 343 2612 quesaeriticium
360 2547 471 2609 propter
486 2553 586 2592 nomen
609 2537 719 2591 Domini
740 2537 813 2608 quod
836 2537 916 2591 inro—
973 2541 1001 2596 Si
1016 2540 1087 2595 enim
1102 2555 1118 2593 a
1132 2539 1204 2594 mato
1219 2539 1298 2603 mata,
1315 2553 1331 2592 a
1350 2538 1423 2593 bono
1446 2539 1527 2604 bona,
1545 2555 1560 2592 a
1580 2541 1685 2596 metiari
1709 2558 1769 2596 ma-

117 2637 208 2694 smar,
231 2636 257 2682 et
271 2642 379 2697 semper
402 2634 525 2681 sanetum
552 2634 602 2690 est,
619 2635 646 2680 et
672 2625 728 2680 tale
755 2625 852 2696 cuique
880 2624 918 2694 fit,

119 2717 193 2788 quali
209 2715 293 2770 eorde
307 2715 342 2770 ad
358 2714 548 2783 accipiendum
566 2714 721 2769 accesserit.
740 2736 750 2760 a
768 2715 835 2768 Item
844 2713 919 2767 idem

118 2805 147 2859 in
164 2803 278 2859 homilia
293 2819 376 2874 super
388 2803 520 2858 loannem
537 2806 569 2856 80
585 2804 623 2872 (n.
640 2807 667 2870 3,
684 2810 703 2857 t.
720 2801 920 2871 ttt,cot.tos):

121 2916 132 2941 ι
150 2893 229 2948 Unde
241 2892 294 2947 ista
308 2899 378 2946 taum
394 2891 478 2945 virtus
494 2899 536 2945 est
554 2907 642 2961 aqum,
659 2898 687 2945 ut
709 2906 808 2961 corpus
830 2898 921 2961 tangat

119 2990 146 3037 et
160 2996 210 3037 cor
226 2980 328 3044 abluat,
348 2979 400 3033 nisi
415 2979 530 3034 iaciente
545 2979 656 3034 verbo‘l
671 2978 920 3049 Nonquiadiaitur,

974 2631 1044 2685 liora
1065 2627 1161 2683 tierent
1181 2635 1361 2693 sacramenta,
1380 2643 1470 2682 nonne
1498 2643 1546 2698 pro
1565 2630 1649 2683 variis
1669 2631 1770 2687 maritis

974 2718 1123 2782 hominum,
1148 2716 1219 2770 varia
1243 2723 1332 2770 essent
1354 2715 1518 2786 baptismata
1539 2725 1566 2772 et
1591 2718 1690 2772 Christi
1712 2735 1769 2774 cor·

975 2802 1109 2874 porcilli
1123 2800 1145 2854 si
1170 2800 1254 2854 multa
1274 2814 1390 2868 corpora
1411 2800 1518 2865 Christi,
1536 2816 1603 2873 crgo
1626 2817 1679 2856 non
1698 2819 1769 2859 unus

975 2890 1022 2946 sed
1050 2890 1125 2944 multi
1148 2888 1335 2955 Christi3neo
1359 2903 1411 2941 una
1440 2889 1570 2954 Ecclesia,
1594 2891 1641 2944 sed
1669 2889 1770 2959 multe,

976 2979 1048 3050 quod
1061 2986 1101 3034 est
1116 2978 1202 3032 nefas.
1219 2978 1250 3031 Et
1265 2977 1326 3046 quia
1346 2985 1450 3031 constat
1469 2978 1565 3033 multos
1579 2979 1701 3035 Christos
1717 2995 1771 3034 non
1801 2988 1803 2993 ⁴

119 3071 168 3127 sed
184 3070 250 3143 quia
264 3068 391 3124 ereditur.
411 3091 422 3117 ι
439 3069 505 3122 ltem
520 3066 555 3121 nd
570 3067 726 3122 Donatistas
742 3086 747 3120 :
766 3090 777 3114 i
796 3067 823 3122 Si
845 3068 920 3122 Deus
936 3081 961 3143 C
976 3084 1046 3135 esse,
1063 3068 1097 3121 de
1112 3067 1211 3121 unitate
1230 3065 1359 3135 baptismi
1381 3072 1407 3119 et
1427 3065 1555 3121 Ecclesiae
1576 3067 1725 3136 videamus,
1743 3077 1773 3123 ut

120 3161 200 3214 adest
213 3156 393 3213 sacramentis
408 3160 434 3210 et
449 3155 539 3209 verbis
561 3155 625 3223 suis,
642 3172 690 3226 per
711 3155 846 3226 quoslibet
870 3155 920 3209 ad-

120 3246 324 3312 ministrentur,
340 3253 367 3301 et
381 3252 556 3300 sacramenta
572 3245 620 3299 Dei
643 3244 743 3314 ubique
757 3251 832 3300 recta
849 3250 919 3306 sunt,

122 3342 150 3389 et
166 3335 233 3390 mali
248 3333 374 3388 homines
394 3333 492 3403 quibus
506 3332 572 3387 nihil
595 3341 717 3402 prosunt,
732 3332 833 3402 ubique
855 3348 922 3403 per·

975 3157 1009 3212 de
1024 3156 1122 3225 maj0ri
1137 3155 1223 3226 magis
1233 3161 1337 3226 pateat,
1353 3154 1426 3225 quod
1438 3158 1472 3209 de
1487 3155 1586 3209 minori
1603 3166 1773 3214 sacramento

975 3245 1142 3318 probabitur.

1012 3334 1057 3389 hit
1078 3333 1245 3405 Augustinus
1269 3349 1349 3403 super
1370 3333 1501 3387 Jonnncm
1523 3332 1633 3387 homilia
1651 3337 1666 3387 6
1691 3336 1729 3403 (n.
1746 3334 1773 3400 6,

121 3423 197 3480 uersi
213 3431 285 3490 sunt,
301 3422 379 3477 idest
392 3422 463 3476 intus
479 3429 506 3476 et
520 3421 595 3476 ieris.
615 3445 625 3470 n
644 3422 710 3476 ltem
728 3438 734 3475 ε
753 3445 763 3469 ι
782 3423 856 3494 Ergo
869 3436 924 3475 non
977 3424 1030 3480 eol.
1049 3424 1109 3491 332)
1127 3439 1133 3475 z
1153 3445 1163 3469 e
1182 3422 1235 3476 l'er
1259 3423 1330 3476 hanc
1353 3429 1517 3492 potestatem
1543 3437 1625 3490 quam
1647 3421 1775 3477 Christus

123 3511 331 3578 loris,sednec
351 3511 579 3583 intusquisquam
601 3511 646 3581 qui
668 3526 700 3564 ex
726 3515 800 3580 parte
824 3509 924 3564 diaboli
978 3512 1054 3568 solus
1078 3510 1131 3564 sibi
1158 3509 1278 3576 retinuit,
1308 3515 1335 3566 et
1361 3511 1388 3563 in
1419 3510 1556 3564 neminem
1590 3510 1776 3566 ministrorum

125 3609 176 3673 est,
191 3608 280 3672 potest
295 3601 324 3654 in
348 3616 377 3654 se
396 3601 440 3655 rel
464 3599 490 3653 in
514 3615 649 3671 quoquam
673 3600 810 3655 maculare
828 3613 924 3654 sacra·
979 3600 1121 3656 transfudit
1135 3600 1259 3670 quamuis
1273 3616 1321 3670 per
1333 3598 1470 3652 ministros
1492 3598 1630 3669 baptizare
1646 3598 1777 3668 diguatus

125 3700 248 3744 meritum
264 3688 337 3760 quod
352 3687 450 3743 Christi
465 3696 517 3743 est.
537 3706 546 3740 i
574 3688 716 3756 Quomodo
738 3688 812 3742 enim
835 3694 925 3758 posset
979 3691 1022 3756 sit,
1039 3705 1088 3759 per
1102 3689 1171 3743 bunc
1187 3696 1238 3741 stat
1259 3688 1348 3741 unitas
1372 3686 1514 3751 Ecclesiae,
1529 3703 1588 3758 quae
1610 3685 1779 3759 significatur

126 3777 265 3834 maculare
283 3777 373 3831 malus
395 3776 467 3847 qnod
496 3792 549 3831 non
579 3784 668 3846 potest
693 3791 854 3831 consecrare
882 3775 927 3830 rel
979 3778 1008 3832 in
1030 3777 1156 3833 columba
1175 3776 1209 3830 dc
1230 3775 1399 3846 qiiatlictuna
1426 3782 1467 3830 est
1484 3791 1489 3826 :
1509 3777 1567 3832 Uien
1588 3780 1630 3830 est
1647 3775 1778 3831 colomba

126 3865 274 3922 meliorare
305 3865 404 3931 bonus,
426 3866 501 3936 qnod
535 3865 608 3919 solus
640 3863 720 3920 edicit
753 3864 873 3920 Christus
902 3872 926 3918 et
980 3883 1043 3922 men
1056 3866 1153 3934 (Cant.
1170 3879 1207 3931 rr,
1224 3869 1262 3931 8),
1274 3879 1327 3918 una
1338 3864 1540 3918 estmatrisuae.
1556 3864 1584 3919 Si
1597 3864 1668 3919 enim
1684 3871 1779 3919 trans-

127 3955 221 4011 nullus
235 3954 328 4009 alius?
341 3954 369 4010 Si
385 3954 456 4009 enim
480 3954 549 4008 alius
569 3952 696 4021 efficeret,
710 3952 768 4022 jam
791 3952 826 4007 ad
847 3952 927 4007 Chri·
981 3956 1093 4010 serretur
1115 3959 1237 4022 potestas
1258 3969 1274 4006 u
1294 3952 1411 4006 Domino
1442 3952 1475 4007 ad
1498 3960 1606 4007 nostros
1631 3959 1669 4008 tet
1691 3960 1781 4008 essent

134 4052 208 4099 stum
232 4058 287 4098 non
311 4045 448 4098 attineret.
475 4042 528 4097 Sed
540 4042 719 4113 qiiodbonum
746 4042 805 4095 sine
820 4056 927 4096 suntme
982 4042 1146 4115 baptismata
1161 4048 1226 4112 quot
1240 4040 1365 4107 minisei,
1382 4049 1408 4095 et
1421 4056 1475 4094 non
1496 4047 1582 4095 staret
1603 4040 1694 4096 unitas
1708 4041 1780 4113 bap-

128 4132 204 4188 bono
218 4147 281 4186 esse
295 4130 409 4202 posset?
421 4130 551 4200 Quamvis
565 4146 633 4202 erge
655 4130 745 4186 omnia
760 4137 928 4185 sacramenta
982 4133 1065 4186 tismi.
1080 4131 1212 4198 Quamvis
1227 4145 1293 4201 crgo
1315 4129 1453 4198 baptizant
1481 4131 1539 4185 aire
1560 4130 1624 4200 justi
1653 4129 1711 4184 aive
1737 4129 1781 4184 in·

130 4221 231 4277 Christi
246 4235 307 4274 case
319 4219 446 4275 dicantur
461 4229 486 4274 ct
501 4220 642 4284 Ecclesiae,
660 4236 713 4273 non
739 4227 829 4274 tamen
844 4221 880 4272 ita
900 4226 929 4272 ut
980 4221 1055 4292 justi,
1069 4235 1122 4275 non
1137 4219 1263 4274 tribuitur
1279 4220 1410 4274 sanctitas
1425 4218 1559 4288 baptismi,
1577 4219 1627 4272 nisi
1644 4218 1682 4272 illi
1697 4234 1781 4289 super

129 4310 158 4364 in
179 4307 220 4364 eis
246 4308 366 4364 Ecclesia
389 4309 508 4373 Christo,
530 4308 604 4377 quasi
625 4323 676 4376 par
698 4307 865 4373 conferatur,
881 4306 930 4362 aed
984 4326 1065 4382 quem
1081 4308 1221 4363 descendit
1240 4307 1377 4371 columba,
1395 4307 1428 4361 de
1450 4322 1504 4377 quo
1526 4306 1629 4360 dietum
1655 4314 1715 4360 est:
1732 4308 1781 4362 llic

129 4406 159 4453 ut
181 4397 317 4468 particeps
339 4397 438 4453 Christi
465 4405 561 4468 gratiae
582 4404 726 4463 astruatur,
750 4404 778 4450 ut
798 4405 825 4451 et
843 4395 928 4451 solius
986 4393 1783 4470 esiquibaptinutinSpiritusoneto(ioon.i‚³3).Petrua

131 4486 233 4542 Christi
248 4487 311 4554 sint,
328 4486 466 4556 quandum
490 4485 523 4538 ad
545 4493 705 4556 potestatem
730 4501 783 4556 qua
806 4484 886 4551 liunt;
903 4493 930 4539 et
987 4489 1116 4558 baptizet,
1133 4485 1176 4540 hie
1191 4493 1229 4539 est
1249 4484 1295 4553 qui
1318 4483 1433 4554 baptizat
1448 4496 1454 4551 ;
1472 4482 1571 4536 Paulus
1594 4481 1721 4551 baptizet,
1738 4481 1784 4536 liic

133 4574 277 4640 Eoelesiae‚
301 4583 429 4645 quantum
453 4573 486 4628 ad
507 4573 651 4628 utilitatem
672 4589 725 4643 qua
749 4571 932 4637 conferuntur,
988 4586 1028 4632 est
1064 4575 1110 4646 qui
1147 4572 1280 4644 baptizat;
1312 4571 1395 4625 ludas
1432 4571 1559 4640 baptizet,
1594 4571 1638 4624 liic
1666 4577 1706 4624 est
1738 4569 1784 4642 qui

134 4671 165 4718 ut
179 4662 206 4717 in
222 4662 302 4718 ciaet
317 4663 362 4717 ille
376 4678 452 4717 suam
467 4661 593 4717 exhibeat
612 4662 738 4732 gratiam,
754 4669 781 4717 et
795 4662 842 4716 illa
856 4676 932 4717 suam
988 4665 1118 4735 baptizat.
1160 4662 1230 4715 Nam
1270 4659 1293 4714 si
1324 4675 1375 4730 pro
1425 4657 1584 4713 diversitate
1627 4658 1785 4714 meritorum

135 4752 262 4824 suppleat
276 4752 463 4824 indigentiam.
480 4751 574 4806 Sciens
592 4750 664 4805 enim
680 4750 802 4805 Christus
816 4752 860 4805 iel
882 4752 933 4805 ho·
989 4753 1140 4824 baptismus
1155 4756 1263 4804 sanetus
1277 4752 1330 4815 est,
1347 4747 1409 4818 quia
1420 4746 1526 4801 diuersa
1550 4754 1613 4801 sunt
1632 4747 1727 4815 maria,
1745 4747 1786 4803 di-

137 4842 241 4897 minum
257 4850 367 4912 peccata
389 4840 531 4912 impedire,
548 4839 591 4894 vel
615 4838 713 4894 merita
735 4855 789 4894 non
814 4838 935 4895 sufficere
989 4855 1066 4898 versa
1079 4847 1161 4895 erunt
1175 4847 1201 4893 ct
1217 4839 1387 4908 baptismata.
1405 4835 1458 4890 Sed
1473 4835 1610 4904 quomodo
1633 4852 1693 4890 enm
1716 4836 1786 4908 bap·

138 4930 281 4999 advitam,
297 4937 529 4985 sacramentorum
545 4944 654 4983 suorum
672 4928 795 4983 adhibuit
806 4929 934 4998 gratiam,
990 4931 1053 4985 tizat
1066 4930 1155 4983 bonus
1170 4935 1196 4982 et
1210 4927 1314 4992 melior,
1331 4941 1385 4980 non
1401 4924 1464 4978 ideo
1483 4926 1537 4978 iste
1561 4923 1664 4978 henum
1687 4923 1787 4997 accipit

136 5026 167 5072 ut
190 5017 313 5072 Ecclesia
337 5018 520 5089 quodminus
546 5019 627 5072 babet
651 5019 678 5071 in
700 5017 811 5085 meritis,
836 5018 936 5072 dii-inis
990 5028 1016 5074 ει
1032 5020 1076 5073 ille
1092 5018 1198 5085 melius,
1216 5016 1264 5071 sed
1283 5031 1367 5070 unum
1382 5023 1423 5069 est
1438 5017 1467 5068 et
1476 5014 1581 5084 aequale
1591 5014 1661 5084 quod
1670 5029 1787 5085 accepe-

137 5107 254 5164 eredens
268 5107 386 5177 suppleri
403 5107 592 5175 sacramentis,
609 5115 710 5177 quanto
725 5107 752 5160 in
769 5123 817 5162 sue
831 5106 937 5177 imper·
990 5116 1069 5163 runt:
1086 5107 1126 5164 sie
1141 5114 1167 5162 et
1181 5121 1242 5160 eum
1262 5105 1380 5175 baptizat
1404 5103 1507 5171 malus,
1523 5103 1595 5172 quod
1617 5103 1710 5157 datum
1735 5115 1786 5170 εει,

137 5195 327 5252 ιεειίοεεῦεο
344 5197 567 5262 essethumilinr,
585 5196 937 5267 tantoinsuperabundan·
990 5213 1074 5251 unum
1102 5204 1155 5261 εει,
1176 5210 1226 5249 nee
1249 5193 1337 5264 impar
1365 5199 1476 5264 propter
1505 5191 1786 5262 imparesministros,

138 5286 174 5340 tia
195 5283 388 5340 beneficiorum
410 5285 466 5353 ejus
491 5285 566 5339 lieret
589 5284 750 5354 pei-lectior.
770 5283 850 5353 Quod
872 5300 937 5357 ergo
992 5285 1041 5341 sed
1073 5298 1123 5357 par
1154 5292 1181 5338 et
1210 5283 1323 5353 equata,
1340 5290 1451 5353 propter
1483 5281 1528 5336 liic
1561 5286 1603 5336 est
1636 5282 1685 5353 qui
1718 5281 1788 5354 bep-

137 5373 196 5428 suis
209 5372 307 5428 Christi
321 5373 412 5445 gratia
427 5373 574 5430 reservavit
588 5373 749 5445 privilegiis,
761 5373 939 5430 nihildebere
995 5377 1079 5432 lieet.
1101 5396 1112 5423 n

138 5460 434 5519 saturninianorum
462 5463 565 5519 meritis
593 5463 636 5518 vel
652 5461 758 5532 officiis,
790 5463 838 5519 aed
866 5464 939 5537 quod
1029 5463 1085 5520 Sed
1094 5480 1129 5519 ne
1138 5469 1246 5535 putetur
1259 5460 1360 5516 dictum
1373 5458 1408 5515 de
1418 5458 1461 5514 his
1477 5459 1568 5527 malis,
1584 5460 1631 5533 qui
1656 5461 1698 5517 vel
1712 5462 1790 5533 igno·

139 5566 220 5607 suum
234 5557 275 5607 εει
288 5551 327 5607 ite
341 5550 406 5608 lecit
417 5552 470 5608 sibi
482 5552 570 5608 libere
592 5551 716 5622 liberum,
732 5558 762 5607 ut
774 5567 825 5609 nee
843 5568 937 5611 eorum
993 5561 1086 5610 rantur
1100 5561 1146 5608 aut
1158 5551 1305 5607 tolerantur
1319 5549 1348 5604 in
1368 5547 1428 5620 ipsa
1446 5547 1576 5618 Ecclesia,
1592 5550 1631 5607 ait
1654 5551 1788 5623 Augusti-
