3728 6000
70 223 124 285 lSS
608 219 801 284 Elteosfflo
821 219 961 284 turbat
980 220 1016 284 tit
1037 221 1171 287 cadite.
1669 224 1720 288 69⁰

71 371 166 413 canem
193 351 373 426 spiritualium
389 367 517 407 sensuum
546 350 753 422 experientiam.
794 350 870 406 Unde
885 353 912 415 Α
928 351 1133 423 nibuspraeesse
1149 367 1157 421 ;
1173 351 1722 412 siveliliimatrismeaeEcclesiaetulerunt

70 443 237 500 erubescens
249 442 312 511 sibi,
329 449 455 497 metuens
470 449 559 496 autem
575 440 625 508 eis,
641 440 740 512 quibus
757 439 870 495 imitatio
927 439 1053 510 mamihi,
1064 447 1091 496 et
1104 447 1255 512 posuerunt
1269 457 1385 511 praeesse
1398 440 1460 510 sibi,
1473 449 1559 514 etpro
1573 443 1723 500 nutriendis

69 532 100 588 ni
116 548 176 589 esse
190 531 297 589 solebat
320 537 346 586 et
369 527 552 594 admirationi,
566 552 577 576 ι
594 527 684 599 Nigra
712 544 782 595 sum,
799 553 808 576 ·
827 528 872 583 in·
926 528 1035 601 gaudiis
1049 529 1140 585 earnis
1151 545 1207 585 suae
1218 529 1567 600 custodemmeposuerunt
1580 533 1722 589 exterioris

71 622 142 694 quit,
159 644 171 669 ι
187 619 237 676 sed
251 618 379 685 lormosa,
406 616 468 674 filiae
494 617 666 685 Jerusalem,
683 616 751 673 sicut
779 616 872 671 taber·
926 619 1003 689 pacis
1018 633 1083 683 snae,
1092 619 1144 685 eui,
1155 634 1214 674 eum
1223 619 1482 692 attentiusinvigilo,
1492 620 1636 692 negligens
1651 620 1724 677 lacta

70 710 168 766 nacula
196 706 295 774 Cedar,
323 708 393 764 siout
412 706 496 779 pelles
511 706 688 773 Salomonis;
708 729 719 753 r
737 722 798 777 quae
813 704 874 777 plus
927 723 987 761 sum
1002 707 1159 763 interiorum
1173 707 1335 780 gaudiorum
1347 725 1468 764 meorum
1478 711 1506 763 in
1517 709 1642 781 neglectu
1654 712 1724 766 inte·

70 798 200 854 uidentur
213 797 317 852 babere
327 795 446 851 utilitatis
461 811 543 866 quam
559 793 674 864 decoris.
692 796 732 849 Ac
747 792 871 850 sidicat:
927 795 1008 851 rioris
1023 795 1097 866 pacis
1109 813 1187 851 meae.
1198 796 1415 853 Sicdeaoloravit
1430 814 1472 854 me
1480 798 1520 852 sol
1530 813 1536 867 ;
1546 798 1608 853 dum
1620 799 1723 856 sollici·

72 889 175 944 Forma
198 885 307 959 quidem
332 884 396 940 mihi
433 885 537 955 integra
573 890 624 950 est,
656 882 778 952 quamvis
800 881 876 938 color
929 884 1070 939 tudomilri
1085 884 1208 942 irateruae
1231 886 1372 941 eharitatis
1391 886 1598 957 occupationum
1613 903 1723 943 suarum

71 976 241 1041 immutatus,
258 973 463 1045 quiarspirirus
473 972 582 1044 quidem
602 979 741 1042 promptus
749 979 800 1037 est,
810 985 875 1027 earo
928 973 1207 1045 caligineobscuravit
1226 974 1362 1030 interioris
1373 975 1491 1045 speeiem
1501 975 1634 1047 puritatis.
1644 975 1724 1032 lntel·

72 1071 163 1121 autem
173 1063 279 1118 infirma
287 1061 398 1130 (narrt.
409 1061 502 1132 xxrr);
515 1083 526 1106 r
538 1059 643 1115 stabilis
658 1058 734 1128 tides,
750 1057 797 1114 sed
807 1057 876 1114 obs-
929 1062 1068 1134 ligendum
1088 1070 1130 1118 est
1150 1063 1363 1134 Sponsam,dum
1375 1063 1586 1120 circumducitur
1601 1073 1627 1120 et
1639 1065 1723 1122 doce·

72 1161 185 1210 curatus
200 1150 352 1207 intellectus
368 1167 375 1214 ;
391 1148 490 1206 eadem
506 1149 640 1219 voluntas,
657 1147 707 1202 sed
721 1146 876 1203 debilitatus
930 1158 982 1216 tur,
1011 1157 1037 1205 et
1065 1151 1147 1206 variis
1175 1152 1372 1208 tentationibus
1385 1152 1516 1219 eruditur,
1533 1153 1724 1210 necessitatem

73 1240 197 1298 allectus.
220 1238 367 1296 Confitetur
383 1255 413 1293 se
428 1238 536 1309 nigram
553 1237 588 1293 ob
602 1235 748 1308 caliginem
765 1236 877 1292 turbatae
930 1239 1010 1293 etiam
1026 1238 1172 1296 incurrisse
1187 1240 1357 1311 praelationis
1372 1260 1379 1296 :
1394 1241 1423 1297 in
1437 1257 1491 1314 qua
1515 1258 1576 1297 cum
1595 1241 1725 1298 dividitur

74 1328 269 1398 conscientie,
285 1328 350 1384 licet
364 1327 510 1383 formosam
527 1341 582 1381 non
597 1323 743 1381 diffiteatur
752 1340 802 1397 per
814 1323 875 1380 fidei
930 1326 963 1382 aa
980 1328 1073 1396 multa,
1090 1344 1144 1383 non
1158 1327 1253 1384 sufficit
1266 1330 1300 1384 ad
1310 1329 1419 1402 singula
1435 1339 1554 1387 :etcum
1569 1329 1640 1386 circa
1661 1330 1726 1387 alie·

75 1417 266 1476 rectitudinem
283 1432 290 1487 ;
307 1416 408 1483 sciens,
424 1415 493 1472 sieut
505 1413 530 1469 in
541 1412 659 1470 cellariis
671 1413 876 1486 regisenutrita,
931 1432 982 1472 nos
1001 1416 1137 1488 proiectus
1158 1418 1301 1474 sollicitius
1322 1419 1455 1491 invigilat,
1480 1417 1571 1475 deficit
1594 1420 1622 1473 in
1644 1420 1723 1476 suis:

74 1524 131 1564 non
145 1505 309 1562 humilitatis
323 1520 395 1571 esse,
419 1504 467 1560 sed
483 1502 638 1574 impietatis,
655 1501 735 1557 iidem
763 1517 876 1574 negare.
931 1512 958 1561 ot
972 1505 1043 1561 cirea
1059 1505 1163 1576 privata
1177 1506 1277 1562 danrna
1298 1523 1347 1562 sua
1367 1509 1498 1575 turbatur,
1513 1509 1541 1561 in
1563 1508 1728 1564 conscientia

74 1598 136 1653 Nou
151 1595 240 1651 solum
270 1591 449 1658 enimfidem,
468 1591 613 1647 sedetiam
638 1607 715 1662 spem
737 1598 763 1646 et
777 1590 876 1645 bonam
930 1610 991 1648 sua.
1016 1594 1084 1650 Vide
1110 1594 1164 1649 sibi
1187 1595 1354 1666 derelictam,
1376 1603 1528 1663 nutantem,
1544 1596 1728 1653 fluctuantem.

75 1686 242 1742 voluntatem
258 1683 328 1740 sieut
355 1697 412 1738 non
440 1681 544 1737 habere
571 1681 742 1736 mortiferum
771 1687 820 1746 est,
838 1677 877 1735 sic
892 1707 919 1772 B
932 1683 993 1737 l'ult
1007 1698 1095 1749 orare,
1112 1698 1163 1738 nec
1184 1682 1293 1751 sufficit,
1309 1684 1433 1740 meditari
1452 1701 1556 1753 seeum,
1571 1693 1597 1740 et
1617 1684 1727 1750 delicit;

73 1773 195 1831 habitam
229 1788 329 1843 negare
365 1769 554 1826 criminosum.
586 1769 744 1825 Formosam
778 1768 878 1839 quippe
931 1771 1092 1843 loquiturad
1107 1781 1269 1843 praesentem
1291 1774 1369 1844 quasi
1390 1773 1426 1829 ad
1444 1774 1602 1842 absentem,
1619 1775 1654 1829 ad
1675 1773 1728 1830 ab·

74 1862 227 1921 secundum
239 1869 340 1917 rectam
359 1858 423 1916 fidei
441 1857 565 1926 tonnam,
581 1867 607 1914 et
621 1857 763 1930 puritatem
793 1857 880 1911 int-en·
932 1868 1037 1917 sentem
1052 1860 1130 1933 quasi
1145 1860 1179 1915 ad
1192 1869 1364 1932 praesentem.
1381 1862 1415 1917 Et
1431 1869 1522 1918 tamen
1545 1862 1614 1918 sieut
1635 1862 1730 1935 regio·

74 1951 158 2010 tionis
187 1960 213 2007 et
227 1948 399 2006 devotionem
416 1947 573 2014 voluntatis,
589 1946 696 2017 Sponsa
720 1960 827 2016 semper
849 1959 880 2000 se
933 1965 993 2003 rum
1008 1949 1177 2005 cellariorum
1197 1950 1315 2020 alumna,
1329 1965 1384 2006 non
1399 1949 1512 2023 negligit
1527 1950 1644 2022 apostoli
1660 1965 1729 2007 con·

74 2040 192 2108 invenit,
222 2036 341 2111 quandin
362 2037 471 2108 Sponsa
483 2051 544 2092 esse
558 2051 613 2091 non
628 2033 727 2090 desinit
750 2049 800 2089 nec
826 2048 880 2088 un·
933 2037 1021 2092 silium
1043 2037 1174 2094 dicentis:
1200 2037 1397 2094 «confitemini
1428 2038 1588 2094 atterutrum
1617 2046 1731 2110 peecata

77 2145 161 2203 quam
178 2125 306 2184 diffitetur
322 2143 329 2190 ;
344 2126 407 2181 licet
429 2140 626 2194 nonnunquam
655 2140 687 2179 cx
716 2121 880 2179 conscientia
934 2134 1021 2184 restra
1041 2126 1114 2198 (dur.
1130 2128 1181 2196 v);
1211 2150 1222 2176 a
1246 2127 1273 2182 in
1299 2126 1517 2183 tribulationibus
1547 2131 1729 2184 tentationum

77 2226 253 2292 peecatomm
281 2215 477 2287 preteritorum
505 2213 550 2269 rel
565 2212 768 2285 impugnatione
798 2212 880 2266 ritio-
934 2230 1048 2270 suarum
1066 2232 1119 2271 non
1131 2216 1297 2272 erubescens
1313 2215 1441 2273 virtutem
1456 2216 1730 2284 confessionis,dum

77 2324 151 2376 rum,
166 2306 211 2363 rel
226 2306 352 2360 humana)
373 2302 535 2376 ignorantiae
548 2303 678 2370 cecitate,
708 2300 880 2374 nigredinem
934 2303 1075 2360 sodalibus
1090 2304 1212 2360 revelare
1233 2320 1287 2360 non
1310 2305 1417 2360 baesitat
1440 2305 1612 2362 conscientiae
1631 2305 1732 2362 damna

77 2412 157 2453 snam
172 2394 314 2451 humiliter
328 2391 497 2449 confiteatur.
934 2392 1134 2456 terentiacum
1150 2391 1224 2449 dicit.
1238 2416 1249 2442 a
1266 2393 1353 2466 Nigra
1366 2410 1434 2460 sum,
1452 2394 1500 2449 sed
1521 2394 1651 2464 formosa,
1668 2392 1733 2450 filiae

116 2485 218 2541 «Sicut
229 2480 508 2548 tabernaculaCedar,
521 2479 685 2552 sioutpelles
694 2477 880 2535 Salomonis.»
934 2481 1097 2538 Jerusalem.
1120 2503 1130 2531 u
1148 2481 1225 2538 Unde
1247 2489 1351 2553 etpost
1372 2481 1573 2539 consessionem
1597 2482 1735 2539 ardentior

79 2576 133 2631 l’er
147 2573 243 2638 Cedar,
256 2571 328 2645 quod
353 2571 477 2627 tenebrae
498 2568 698 2641 interpretatur,
728 2568 784 2622 vult
801 2566 883 2622 intel·
936 2570 1017 2627 rediit
1032 2570 1066 2625 ad
1081 2569 1232 2627 orationem
1247 2570 1355 2626 dicens.

79 2662 130 2736 ligi
145 2661 273 2719 tenebras
287 2658 469 2724 conscientiae,
499 2657 544 2714 rel
568 2657 684 2713 rationis
713 2655 882 2728 caligantis,
975 2682 986 2709 a
1004 2658 1100 2715 lndiea
1123 2659 1200 2727 mibi,
1220 2673 1237 2714 o
1257 2676 1340 2730 quem
1362 2658 1454 2732 diligit
1477 2660 1569 2716 anima
1591 2676 1663 2727 mea,
1687 2659 1735 2716 ubi
1840 2706 1862 2727 ¹.

78 2767 131 2824 per
158 2749 333 2806 tabernacula
361 2762 425 2806 roro
455 2747 496 2804 val
523 2745 612 2816 pelles
640 2743 884 2801 tabernaculorum
937 2749 1035 2821 pascis,
1050 2748 1096 2803 ubi
1110 2749 1195 2804 cubas
1214 2747 1242 2803 in
1257 2747 1379 2805 meridie.
1399 2773 1410 2797 r
1429 2750 1460 2803 Et
1477 2749 1539 2805 ride
1562 2748 1735 2805 evidentissi-

79 2855 144 2912 qute
172 2837 410 2903 circumlemntur,
439 2834 644 2892 instabilitatem
673 2835 793 2890 mentis:
825 2847 885 2905 quae
938 2836 1156 2910 mamgratiam.
1173 2836 1533 2908 Campostconlessiouem
1550 2837 1738 2893 renitadora·

79 2937 214 3002 quantum
243 2927 352 2983 interno
383 2925 480 2981 lumini
508 2923 720 2995 contemplando
756 2921 885 2990 officiant,
940 2927 1049 2994 tionem,
1071 2934 1185 2996 repente
1207 2927 1356 2997 Sponsum,
1382 2942 1462 2999 quem
1485 2926 1590 2999 querit,
1616 2933 1737 2982 moretur

80 3017 259 3075 manifestum
274 3024 325 3072 est.
341 3015 408 3085 Quae
425 3024 517 3071 tamen
540 3023 604 3070 tunc
623 3011 787 3078 Salomonis,
803 3011 830 3065 id
846 3016 887 3065 est
941 3014 1081 3080 inrenire;
1105 3031 1186 3088 quem
1208 3023 1266 3070 toto
1287 3014 1426 3070 charitatis
1446 3013 1574 3086 amplexu
1598 3016 1737 3070 attrahens

80 3107 140 3165 reri
162 3104 270 3178 pacifici
285 3112 357 3172 sunt,
378 3120 439 3159 curn
454 3102 580 3158 traternae
603 3101 715 3167 militia,
733 3097 775 3154 rel
799 3098 886 3155 ecele-
901 3064 926 3127 C
940 3104 967 3158 iu
982 3121 1029 3160 eor
1043 3121 1131 3172 suurn,
1147 3112 1174 3159 et
1189 3103 1267 3175 quasi
1281 3120 1312 3159 os
1329 3103 1364 3158 ad
1379 3103 1502 3159 osculum
1524 3105 1549 3160 ei
1576 3104 1738 3175 porrigens,

86 3193 275 3266 siasticaepaci
288 3192 458 3249 deserviunt.
477 3191 591 3262 Semper
605 3198 697 3245 tamen
712 3204 809 3244 carere
826 3195 884 3242 stn—
943 3213 954 3246 ι
972 3194 1005 3263 0,
1024 3218 1034 3243 a
1052 3194 1145 3264 inquit,
1164 3209 1270 3265 «quem
1284 3192 1546 3263 diligitanirnameu.
1562 3192 1737 3260 „Namjuxta

84 3285 133 3340 det
145 3283 192 3356 pia
207 3283 379 3351 charitas,ne
390 3295 553 3351 quemquam
583 3278 663 3334 laedat
686 3277 794 3333 incauta
825 3274 885 3344 ejus

82 3371 226 3429 humilitas
251 3385 259 3441 ;
287 3386 321 3425 ne
354 3368 494 3426 consessio
533 3377 620 3424 reatus
657 3366 700 3422 vel
725 3362 886 3420 intirmitatis

84 3477 142 3530 sirpe
169 3458 216 3516 liat
243 3458 409 3530 exemplum,
435 3458 479 3514 rel
502 3456 610 3513 occasio
636 3455 765 3510 fraternae
788 3453 884 3510 ruina.

84 3550 153 3606 ldee
167 3548 307 3620 subjungit
329 3556 354 3603 et
369 3546 459 3602 dicit:
479 3544 597 3601 «Nolite
625 3543 800 3599 considemre
830 3557 884 3606 me,

85 3638 217 3711 quoniam
229 3636 306 3693 lusca
320 3652 392 3703 aum,
408 3633 469 3705 quia
485 3632 652 3690 decoloravit
672 3647 715 3687 me
728 3632 777 3687 sol.
795 3651 807 3681 r
824 3631 885 3685 Non

86 3728 128 3784 sie
154 3743 214 3783 sum
242 3726 320 3783 lusca
357 3731 387 3781 ut
427 3725 479 3779 sim
516 3738 599 3792 creca,
629 3729 755 3793 tanquam
771 3720 886 3774 nonha-

85 3817 169 3873 beam
193 3815 288 3873 oculos
306 3812 419 3869 rationis
448 3831 456 3881 ς
480 3811 528 3867 sed
544 3811 585 3866 sol
610 3809 719 3879 justitiae
751 3806 885 3863 subtraxit

85 3905 156 3961 mibi
178 3904 272 3960 lumen
299 3902 395 3975 gratiae
421 3917 489 3968 suae,
518 3899 577 3954 sine
603 3913 659 3971 quo
689 3897 778 3953 omnis
817 3911 885 3951 ocu-

86 3992 131 4049 lus
145 3992 249 4048 frustra
263 3999 348 4064 patet,
361 3990 452 4046 nullus
477 3987 555 4045 color
587 3987 671 4059 viget,
699 3985 788 4042 omnis
810 3984 886 4041 color

86 4081 180 4154 friget.
210 4080 307 4148 Carbo,
335 4079 432 4151 inquit,
475 4077 513 4132 iul
540 4076 719 4132 desolatorius
735 4090 742 4144 ;
759 4089 886 4129 nuncau·

86 4177 143 4226 tem
155 4169 305 4226 desolatus.
321 4165 426 4224 candui
449 4166 567 4238 quandiu
584 4165 612 4220 in
634 4166 698 4236 igne
714 4163 761 4230 sui,
782 4161 886 4219 calefa-

86 4259 166 4316 ciens
180 4268 206 4314 et
215 4257 369 4313 illuminans
385 4255 546 4326 ;recedente
561 4262 625 4326 tgne
644 4252 790 4325 denigrata
815 4266 883 4306 sum.

85 4348 192 4404 Tamen
220 4347 353 4418 integram
380 4361 489 4416 semper
515 4344 551 4399 ad
579 4342 740 4398 imitandum
763 4354 886 4411 propono

940 3282 1226 3348 sensumbistoricum,
1249 3281 1350 3336 amanti
1373 3288 1400 3336 et
1426 3280 1559 3351 quaerenti
1582 3296 1612 3335 se
1640 3280 1740 3336 obtulit

942 3375 1075 3444 Sponsus,
1104 3370 1152 3426 sed
1177 3371 1265 3426 adbuc
1298 3369 1375 3442 quasi
1403 3377 1529 3424 avertens
1544 3375 1570 3423 et
1597 3368 1741 3424 excutiens

940 3480 971 3519 se
985 3462 1020 3517 ab
1035 3477 1078 3529 ea,
1093 3468 1120 3515 et
1129 3459 1250 3531 probans
1262 3474 1322 3514 eam
1333 3459 1360 3513 in
1372 3456 1534 3513 abscondito
1559 3456 1738 3526 tempestatis,

941 3553 969 3608 in
983 3550 1075 3607 osculo
1086 3545 1318 3605 contradictionis.
1337 3546 1424 3615 Quem
1454 3545 1499 3600 illa
1514 3545 1617 3600 ardenti
1645 3561 1739 3601 amora

941 3640 1115 3714 aggrediens,
1127 3659 1138 3688 r
1150 3637 1183 3706 0,
1196 3657 1207 3686 r
1218 3635 1315 3707 inquit,
1328 3650 1431 3707 «quern
1440 3633 1529 3706 diligit
1541 3633 1634 3688 anima
1643 3648 1713 3689 mea.
1726 3656 1737 3684 a

940 3733 971 3786 ln
985 3744 1038 3800 qno
1049 3728 1138 3798 primo
1152 3723 1325 3781 manifestum
1340 3732 1391 3792 est,
1400 3722 1529 3794 Spiritum
1544 3728 1668 3778 sanctum
1680 3722 1739 3792 jam

940 3817 1121 3876 infirmitatem
1133 3815 1235 3871 orantis
1248 3812 1398 3882 adjuvare;
1415 3811 1479 3883 quia
1493 3811 1612 3882 Spiritus
1629 3816 1740 3867 sanetus

940 3908 1000 3979 ipsa
1010 3907 1120 3962 dileetio
1135 3909 1186 3968 est,
1202 3904 1235 3958 de
1250 3919 1303 3973 qua
1313 3901 1377 3956 dicit
1389 3900 1533 3971 Sponsae
1548 3916 1628 3972 quem
1645 3900 1736 3972 diligit

940 3998 1115 4050 animamea.
1136 4015 1147 4039 r
1166 3990 1264 4059 Quem,
1284 3988 1408 4060 »inquit
1426 3987 1736 4059 «diligitanimameam

941 4086 1024 4140 Totus
1038 4083 1138 4154 quippe
1164 4095 1235 4150 pene
1259 4080 1339 4133 bomo
1351 4076 1443 4132 anima
1455 4084 1496 4132 est
1512 4094 1519 4138 ;
1535 4075 1648 4130 minima
1674 4076 1735 4145 ejus

941 4174 1029 4246 portio
1043 4177 1199 4242 corpusest.
1215 4167 1280 4223 Ideo
1294 4184 1354 4222 cunr
1383 4166 1473 4239 diligit
1488 4174 1523 4232 te,
1535 4165 1645 4221 domine
1659 4166 1737 4231 lesu,

942 4263 1029 4318 anima
1044 4262 1157 4332 Sponsae
1171 4266 1224 4314 tuae
1242 4256 1369 4329 neglecto
1384 4263 1410 4311 et
1438 4254 1517 4326 quasi
1542 4254 1600 4323 jam
1626 4252 1737 4324 abjecto

942 4368 1065 4423 corpore,
1106 4356 1163 4405 tota
1198 4345 1318 4419 sequitur
1335 4353 1361 4400 te
1397 4344 1560 4400 desiderans
1579 4350 1690 4413 propter
1709 4345 1739 4396 le

84 4436 168 4494 *⁰¹³ss
181 4435 296 4492 ¹⁰lm³¹¹¹
311 4449 402 4489 meam
430 4433 496 4489 Ῑῑθθῑ
523 4428 716 4497 d⁰⁰0¹0s⁸¹³mr
750 4429 814 4501 quia
834 4426 886 4485 0¹⁵5
901 4419 928 4480 D
943 4439 1101 4496 mortificari
1116 4442 1170 4494 tota
1184 4436 1228 4492 die
1239 4434 1505 4504 ;etamansperdere
1515 4431 1691 4501 semetipsam
1707 4430 1737 4482 in

85 4523 216 4582 amorisa
230 4539 273 4579 me
285 4522 371 4579 decor
380 4520 504 4587 recessit,
524 4519 571 4575 sed
590 4518 744 4574 substantia
772 4533 884 4572 reman-

84 4614 135 4670 sit.
172 4611 249 4670 Unde
274 4626 309 4667 ne
340 4608 488 4678 miremini,
514 4608 578 4680 quia
601 4608 629 4662 in
654 4605 775 4663 absentia
788 4603 885 4677 Sponsi

85 4701 171 4759 etiam
183 4699 292 4772 publica
305 4700 397 4772 praeda
412 4697 481 4754 lacta
503 4712 574 4751 snm.
586 4697 657 4752 Nam
667 4705 694 4752 et
719 4717 730 4745 ι
760 4693 809 4749 lilii
824 4709 884 4748 rna·

86 4789 138 4846 tris
158 4803 226 4846 meae
261 4791 455 4860 pugnaverunt
474 4792 568 4841 contra
604 4800 658 4839 ma.
682 4807 693 4832 r
714 4780 886 4851 Quomodo?

88 4899 102 4930 ι
120 4879 274 4934 Posaerunt
289 4892 332 4931 me
340 4873 479 4930 custodem
494 4872 522 4928 in
540 4871 626 4928 vineis
642 4887 649 4941 ;
665 4871 773 4927 vineam
795 4884 886 4925 meam

85 4981 144 5023 non
158 4965 306 5024 custodiri.
325 4961 479 5021 »lisitatum
494 4960 522 5016 in
537 4960 685 5031 scripturis
700 4965 741 5014 est
755 4958 886 5031 gaudium

84 5079 139 5137 per
151 5062 245 5118 trinum
259 5058 388 5132 intelligi,
399 5058 473 5130 quod
495 5073 542 5113 cor
557 5056 674 5112 hominis
689 5053 813 5112 laetitieat.
839 5054 885 5111 Si·

85 5167 133 5216 ont
148 5158 224 5214 enirn
240 5156 298 5216 rini
313 5155 487 5211 materrinea
504 5161 555 5222 est,
585 5152 623 5210 sie
637 5170 688 5225 pax
704 5153 807 5220 sarculi,
832 5166 885 5209 sae·

85 5255 189 5314 calaris
202 5254 315 5331 gaudii;
330 5268 383 5325 pax
397 5268 461 5310 vero
475 5251 631 5324 spiritualis,
651 5249 799 5322 spiritualis
812 5266 885 5323 gau-

85 5354 129 5411 dii
142 5361 230 5410 mater
243 5360 295 5409 est.
324 5350 464 5422 Sireergo
479 5348 527 5403 filii
555 5347 650 5404 matris
675 5364 753 5418 meae,
783 5356 887 5405 naturae

85 5447 216 5508 videlieet
242 5448 374 5505 humanae
403 5445 554 5518 originales
569 5444 804 5518 concupiscentias,
832 5459 887 5515 pu·

86 5557 207 5628 gnanus
229 5555 322 5605 contra
334 5560 390 5614 me,
406 5551 522 5616 egemnt
535 5544 566 5599 in
578 5559 632 5614 me,
648 5550 677 5601 ut
687 5543 786 5601 vellem
800 5541 888 5602 homi·

249 5640 385 5731 Parnon.
405 5637 567 5707 clxxx.

939 4533 992 4586 hoc
1002 4528 1113 4594 mundo,
1126 4535 1153 4581 ut
1163 4525 1190 4579 iu
1204 4525 1258 4579 vita
1273 4534 1373 4578 aeterua
1388 4520 1526 4592 possideat
1553 4535 1582 4574 se
1598 4520 1626 4573 in
1642 4527 1678 4573 te.
1703 4518 1738 4572 Et

939 4625 1012 4676 certe
1024 4629 1193 4688 nequaquam
1207 4611 1385 4666 dubitandum
1401 4616 1440 4664 est
1454 4609 1540 4678 ipsam
1552 4606 1737 4678 pulchritudi-

940 4709 981 4762 nis
991 4714 1043 4762 tuae
1059 4704 1155 4759 taciem
1172 4698 1318 4771 aliquando
1331 4699 1355 4753 ei
1369 4696 1498 4762 illuxisse,
1515 4712 1575 4768 quea
1593 4695 1631 4750 sie
1647 4694 1737 4766 diligit

942 4806 966 4852 te
981 4795 1078 4868 spiritu
1092 4791 1146 4847 oris
1159 4789 1197 4844 tui
1207 4789 1375 4859 aliquatenus
1390 4785 1519 4850 oblatam,
1547 4800 1607 4856 qum
1624 4782 1664 4838 sic
1679 4799 1738 4838 sus·

939 4884 1010 4956 pirat
1024 4883 1058 4938 ad
1074 4890 1099 4936 te
1115 4900 1122 4947 ;
1139 4885 1278 4947 expertam
1293 4875 1451 4931 suavitatem
1473 4873 1649 4942 amplexuum
1675 4879 1736 4928 tuo-

940 4988 1011 5038 rum,
1028 4987 1088 5041 quae
1103 4978 1157 5024 tam
1167 4964 1336 5022 familiariter
1354 4962 1498 5018 resolvitur
1524 4961 1553 5016 in
1581 4968 1617 5016 te.
1643 4959 1740 5032 Diligit

940 5061 1013 5119 enim
1028 5069 1063 5130 te,
1078 5075 1132 5115 non
1145 5057 1197 5113 nisi
1209 5056 1243 5111 de
1259 5062 1295 5121 te,
1312 5053 1357 5124 qni
1372 5069 1401 5107 es
1415 5051 1472 5121 ipsa
1483 5049 1601 5115 dilectio,
1626 5066 1680 5120 qua
1693 5048 1737 5103 di-

940 5153 1000 5225 ligit
1016 5159 1039 5207 te
1055 5165 1062 5220 ;
1078 5154 1105 5206 et
1116 5149 1142 5203 in
1157 5154 1261 5202 tantum
1276 5141 1366 5215 diligit
1381 5145 1407 5194 te
1423 5139 1450 5194 in
1465 5156 1504 5205 se,
1522 5144 1549 5193 ut
1565 5155 1593 5193 se
1605 5137 1695 5208 ipsam
1711 5137 1739 5191 in

941 5244 1121 5317 nullodiligat
1136 5241 1186 5296 nisi
1198 5241 1224 5295 in
1240 5246 1274 5292 te.
1290 5236 1318 5290 Si
1341 5234 1413 5290 enirn
1430 5227 1587 5303 ‘pulchrum
1608 5229 1739 5302 diligitur,

942 5349 970 5399 tu
980 5340 1153 5415 pulchritudo
1181 5353 1211 5393 es
1225 5334 1314 5392 omnis
1327 5329 1492 5404 pulchri3si
1507 5329 1619 5396 bonum,
1654 5335 1681 5382 tu
1710 5343 1742 5383 es

941 5441 1043 5499 bonum
1056 5437 1144 5494 omnis
1157 5435 1233 5501 boni,
1248 5432 1271 5487 si
1296 5429 1372 5498 utile,
1388 5435 1416 5484 te
1431 5429 1515 5483 utitur
1539 5425 1628 5481 omnis
1657 5427 1740 5481 ltonro

942 5539 1022 5596 etiam
1036 5536 1081 5610 qui
1095 5534 1151 5592 odit
1168 5551 1174 5601 ;
1192 5530 1288 5586 lruitur
1299 5543 1365 5587 vero
1379 5526 1466 5584 omnis
1480 5522 1528 5599 qui
1542 5521 1643 5594 diligit.
1663 5544 1674 5570 ι
1692 5522 1740 5575 ln-

1543 5619 1582 5681 lb
