3728 6000
135 177 189 232 ΞΠ

636 169 825 227 Gottttctttt
854 167 1001 224 aratris
1021 167 1050 224 S.
1071 166 1287 224 rttttobotttct

1733 167 1791 222 Μ

139 280 288 355 coastantia
309 296 348 354 sic
373 296 407 352 ad
434 304 461 352 te
480 296 651 369 proficiendo
673 294 869 368 proficiscitur3
901 293 1067 361 sicAdata,
1096 297 1168 351 bono
1190 312 1241 351 usu
1269 293 1348 351 etiam
1380 293 1492 349 dimissa
1534 292 1584 349 sibi
1621 301 1649 350 et
1677 292 1790 351 inculta.

59 448 62 452 ⁴
141 395 306 456 cooperante
320 385 345 441 ei
358 387 449 457 gratia
467 394 513 442 tua
530 387 557 441 in
581 385 780 456 proficiscendo
795 399 939 456 prospera·

140 483 193 542 tur,
212 483 240 530 nt
255 472 429 529 nondeficiat
446 475 536 530 donec
550 478 578 529 tu
589 471 724 545 perficias,
741 473 787 543 qui
816 472 938 527 multitu-

139 564 231 618 dinem
246 563 397 618 dulcedinis
412 570 475 632 tuae,
497 578 578 634 quam
600 561 748 617 abscondis
771 560 937 626 timentibus,

139 651 247 723 perticis
262 652 447 721 sperantibus,
463 653 583 707 maxime
599 666 714 723 quorum
738 665 822 720 opera
850 651 941 705 lucent

138 741 166 794 in
182 748 328 812 conspectu
344 740 464 794 liliorum
480 740 631 800 hominum.
648 738 683 793 ad
706 738 823 811 gloriam
854 745 938 803 tuam,

138 837 255 899 opater,
280 829 324 900 qui
352 829 422 883 asin
448 828 534 884 cretis.
553 828 586 881 lli
612 835 674 882 sunt
702 832 746 899 qui
770 835 795 882 te
825 832 937 881 amant:

139 918 206 973 tales
218 933 280 974 oum
295 917 388 983 video,
405 924 433 972 et
446 916 517 971 inter
531 931 579 971 eos
596 931 640 973 me
654 932 709 970 non
723 915 842 982 invenio,
858 915 940 970 taedet

139 1007 298 1061 mesivere.
316 1004 439 1073 Quorum
467 1005 603 1076 sapientia
636 1019 693 1058 non
721 1010 761 1058 est
783 1003 818 1056 de
845 1003 940 1072 spiritu

139 1095 345 1164 hujusmundi,
366 1093 409 1149 rel
437 1093 472 1147 de
496 1093 640 1163 prudentia
659 1091 741 1162 hujus
761 1091 872 1153 saeculi;
889 1091 939 1146 sad

140 1184 203 1255 quia
229 1198 286 1237 non
301 1190 492 1254 cognoverunt
520 1181 707 1247 litteraturam,
724 1180 883 1234 introierunt
911 1179 938 1233 in

138 1273 286 1345 potentiam
302 1270 420 1334 Domini,
437 1278 463 1325 et
477 1284 613 1340 pauperes
635 1270 730 1340 spiritu
753 1275 940 1323 memoramur

136 1361 250 1431 justitia
277 1367 328 1414 tuae
356 1359 450 1413 solius.
467 1359 582 1427 Propter
604 1357 676 1429 qnod
692 1357 807 1412 docuisti
833 1373 891 1422 eos,
912 1364 939 1411 ut

139 1451 198 1504 vita
216 1456 243 1503 et
257 1447 465 1503 conversatione
480 1463 530 1500 sua
545 1447 719 1517 pronuntient
732 1444 867 1499 mirabilia
883 1452 937 1498 tua.

138 1537 193 1607 Ipsi
207 1536 279 1592 enim
295 1543 358 1590 sunt
370 1535 509 1605 simplices
525 1535 596 1590 servi
613 1536 662 1599 tui,
676 1550 737 1589 cum
760 1533 858 1602 quibus
879 1548 939 1588 esse

993 392 1090 455 sponte
1101 382 1246 441 fructificat
1262 384 1288 438 in
1310 384 1433 454 jejuniis,
1450 383 1477 437 iu
1508 382 1618 455 vigiliis,
1634 382 1662 437 in
1691 382 1791 438 labori·

992 472 1060 542 bus3
1086 481 1179 544 parata
1195 473 1228 528 ad
1243 488 1323 528 omne
1337 488 1408 543 opus
1430 472 1531 527 bonum
1560 470 1664 540 absque
1677 478 1791 527 contra-

994 563 1123 629 dictione,
1140 562 1181 618 rel
1197 562 1316 634 pigritia.
1333 563 1403 616 istos
1417 577 1478 617 curn
1502 560 1592 625 video,
1620 561 1649 615 in
1668 575 1791 616 amorem

993 652 1093 707 amoris
1105 651 1157 718 tni,
1169 653 1214 723 qui
1230 653 1282 706 hoc
1299 650 1325 704 in
1353 649 1392 706 cis
1419 656 1555 720 operatur,
1577 654 1650 704 totns
1678 649 1789 714 afficior,

994 755 1076 812 quem
1091 742 1118 793 in
1134 740 1173 794 eis
1191 738 1365 810 deprehendo
1390 746 1463 794 certa
1480 739 1597 809 quadam
1626 737 1793 810 experientia

994 829 1103 901 cognita
1115 827 1276 884 amantibus.
1296 832 1368 883 Amo
1382 842 1449 899 ergo
1476 842 1534 892 eos,
1551 827 1614 899 quia
1642 835 1668 881 te
1690 833 1790 888 amant,

995 925 1021 973 et
1041 917 1155 972 multum
1182 933 1253 983 amo,
1283 917 1351 972 sicut
1374 931 1437 971 amo
1465 932 1588 972 amoram
1611 931 1665 987 quo
1692 916 1793 970 amaris

994 1022 1074 1078 quom
1091 1007 1117 1060 in
1129 1005 1196 1075 ipsis
1210 1021 1281 1061 amo.
1297 1005 1331 1060 Et
1346 1005 1369 1058 si
1383 1021 1429 1060 cos
1449 1005 1502 1060 hoc
1521 1004 1603 1060 modo
1621 1020 1692 1074 amo,
1708 1013 1737 1059 ut
1763 1005 1793 1058 in

994 1095 1043 1162 eis,
1053 1103 1078 1150 rt
1092 1094 1119 1149 in
1131 1093 1228 1150 allectu
1239 1110 1334 1149 eorum
1349 1094 1463 1148 naturali
1478 1093 1516 1147 nil
1527 1093 1673 1148 amemuisi
1687 1101 1792 1162 te,cum

994 1182 1085 1254 ipsum
1100 1182 1226 1238 affectum
1241 1183 1276 1237 ob
1291 1183 1343 1239 hoc
1356 1188 1457 1236 tautum
1482 1197 1580 1249 amem,
1606 1181 1670 1253 quia
1696 1181 1794 1253 plenos

994 1280 1033 1324 est
1048 1280 1091 1325 te:
1108 1271 1194 1326 sedin
1210 1269 1314 1341 meipso
1334 1286 1467 1340 nunquam
1480 1286 1572 1325 mcum
1588 1285 1677 1324 amem
1706 1267 1792 1324 allec-

995 1367 1059 1426 tum,
1073 1359 1124 1413 nisi
1140 1375 1200 1415 cum
1216 1360 1276 1429 ipso
1300 1357 1426 1414 affectum
1442 1374 1486 1414 me
1511 1359 1621 1415 invenio
1649 1358 1683 1412 do
1714 1365 1749 1423 ta,
1766 1359 1792 1411 in

994 1448 1034 1502 eis
1049 1463 1117 1519 quos
1128 1463 1190 1503 amo
1203 1448 1231 1502 in
1246 1456 1271 1503 te
1290 1455 1314 1502 et
1328 1447 1354 1502 in
1365 1463 1411 1503 me
1426 1448 1494 1518 ipso,
1520 1464 1601 1519 quem
1630 1446 1737 1503 nonnisi
1764 1446 1792 1500 in

993 1544 1020 1591 te
1034 1552 1128 1591 amare
1146 1537 1219 1604 voto,
1235 1536 1299 1608 quid
1311 1551 1384 1602 amo,
1401 1536 1452 1590 uisi
1467 1544 1492 1590 ta
1507 1537 1521 1589 ‘l
1535 1537 1580 1592 Nil
1595 1536 1791 1606 penitusNam

16 1620 19 1625 ’
44 1632 50 1637 ”
139 1627 209 1682 solet
227 1627 422 1682 sermocinatio
439 1636 498 1695 tua,
524 1625 612 1695 quiin
632 1624 722 1679 eundo
737 1622 772 1677 ad
795 1631 820 1677 te
842 1637 895 1676 uon
911 1621 938 1674 in
952 1648 979 1708 B
994 1632 1020 1680 et
1034 1625 1057 1679 si
1070 1625 1142 1693 illos,
1159 1633 1184 1680 et
1199 1625 1222 1680 si
1238 1625 1373 1694 meipsum
1399 1625 1454 1680 alio
1482 1624 1579 1695 quovis
1599 1624 1682 1679 modo
1704 1624 1793 1679 sentio

140 1716 267 1770 curribus
288 1717 460 1788 ingeniorum
483 1730 603 1776 suorum,
632 1712 674 1767 vol
694 1712 721 1766 in
745 1713 825 1782 equis
841 1711 936 1765 virium
994 1729 1084 1769 amare
1099 1730 1153 1784 me,
1169 1714 1229 1783 plus
1244 1715 1271 1768 in
1287 1715 1339 1771 troc
1352 1714 1415 1769 odio
1431 1713 1517 1769 babeo
1532 1729 1586 1779 me,
1603 1728 1684 1784 quam
1713 1727 1788 1768 amo.

140 1820 251 1859 suarum
275 1820 351 1875 spem
375 1803 486 1872 habent,
513 1802 562 1857 sed
585 1807 686 1856 tantum
708 1800 737 1854 in
754 1800 865 1855 nomine
880 1799 939 1854 Do·
1028 1801 1795 1874 lnrenioigiturte,Domine,inamoremeo,sedutinam

141 1892 217 1947 mini.
236 1894 299 1948 ldeo
314 1893 448 1964 sapientia
463 1897 509 1946 tua
528 1889 648 1945 suaviter
666 1889 705 1944 eis
728 1888 818 1943 omnia
841 1887 939 1957 dispo·
993 1907 1101 1963 semper
1127 1892 1282 1947 iuveniaml
1304 1893 1369 1947 Cum
1392 1892 1464 1947 enim
1494 1906 1571 1946 amor
1595 1906 1649 1945 non
1676 1891 1721 1955 sit,
1742 1890 1794 1948 nisi

140 1989 232 2050 neute,
249 1983 411 2052 compendio
427 1980 513 2046 brevi,
529 1979 636 2035 sarcina
652 1977 715 2046 leri,
730 1977 764 2032 ad
779 1977 940 2032 destinatum
994 1988 1086 2046 amet;
1116 1997 1226 2052 semper
1250 1988 1339 2036 autem
1355 1980 1382 2034 in
1398 1996 1441 2035 me
1453 1982 1599 2035 vehemens
1614 1979 1648 2033 sit
1670 1978 1796 2034 voluntas

142 2070 225 2124 linem
248 2071 418 2141 perveniunt,
439 2069 489 2124 ubi
510 2084 604 2126 carrus
629 2075 655 2122 et
678 2067 781 2137 equites
799 2065 938 2120 deliciunt.
994 2070 1044 2134 tui,
1060 2069 1142 2123 idest
1156 2083 1235 2124 amor
1249 2085 1350 2141 urgens
1365 2084 1409 2123 me
1429 2069 1456 2122 in
1481 2076 1517 2133 te,
1539 2082 1589 2122 cur
1604 2083 1658 2122 uon
1685 2083 1795 2137 semper

142 2155 194 2226 Qui
210 2174 263 2213 non
280 2159 398 2214 lormaut
412 2156 456 2214 vel
470 2157 646 2213 conformant
656 2155 709 2210 sibi
725 2169 846 2209 amorem
863 2159 941 2208 tuum
994 2155 1096 2212 afficior
1110 2157 1144 2212 do
1159 2159 1205 2212 te‘l
1219 2157 1346 2228 Nunquirl
1362 2156 1435 2211 aliud
1450 2160 1492 2210 est
1505 2171 1583 2212 amor
1596 2171 1603 2225 ;
1620 2155 1695 2211 aliud
1709 2155 1795 2227 ipsius

46 2258 49 2265 '
142 2246 277 2302 subtiliter
291 2246 466 2319 indagando;
482 2245 529 2300 sed
553 2246 612 2316 ipse
627 2258 706 2298 amor
721 2251 781 2298 tuus
790 2242 941 2312 simplicem
995 2244 1107 2301 affectus
1120 2245 1222 2301 amoris
1237 2246 1251 2298 t
1267 2247 1300 2301 Ut
1314 2245 1393 2302 video
1407 2260 1484 2300 arnor
1497 2253 1600 2300 naturae
1614 2253 1675 2309 est;
1701 2260 1794 2300 amare

141 2333 224 2390 ineis
239 2336 379 2390 inveniens
393 2335 544 2399 materiam,
574 2332 674 2388 lormat
697 2348 754 2399 eos,
776 2339 803 2387 et
830 2329 941 2386 ronlor·
996 2342 1022 2391 te
1037 2335 1130 2403 gratia
1148 2342 1208 2400 est3
1223 2333 1336 2390 affectus
1365 2334 1458 2406 gratiae
1481 2334 1664 2389 manifestatio
1680 2341 1720 2389 est
1736 2348 1743 2389 :
1761 2334 1795 2388 de

144 2433 201 2480 mat
215 2424 303 2479 sibiet
317 2422 417 2480 affectu
436 2429 463 2477 et
491 2420 600 2487 effectu,
626 2428 656 2475 nt
678 2421 782 2490 absque
807 2434 840 2474 eo
869 2418 943 2490 quod
996 2439 1050 2495 qua
1069 2423 1134 2478 dicit
1147 2423 1290 2492 Apostolus
1306 2442 1315 2478 :
1333 2425 1485 2496 Umbrique
1497 2424 1581 2478 datur
1596 2422 1793 2494 manifestatio

144 2513 310 2569 intrinsecus
323 2513 395 2578 taret,
410 2511 499 2583 gloria
514 2509 621 2566 scilicet
635 2517 661 2565 et
675 2508 779 2566 divitiis
808 2507 836 2562 in
859 2507 942 2562 domo
996 2512 1335 2584 Spiritusqdulilitatam
1347 2512 1368 2579 (l
1380 2511 1440 2570 Cor,
1454 2512 1512 2582 xri),
1526 2513 1595 2567 Nam
1611 2511 1730 2583 quandiu
1741 2526 1798 2566 eor·

43 2614 46 2621 ’
145 2603 228 2659 bonae
252 2600 438 2664 conscientiae,
466 2615 520 2654 non
548 2596 678 2653 artificiali
710 2597 863 2663 conamine,
894 2594 943 2650 sed
996 2616 1047 2672 pus
1064 2601 1136 2672 qnod
1150 2601 1335 2670 corrumpitur
1349 2608 1484 2673 aggravat
1499 2600 1627 2665 animam,
1644 2608 1670 2654 et
1692 2607 1797 2654 terrena

145 2691 221 2761 quasi
240 2687 357 2744 naturali
370 2686 486 2759 quodam
502 2685 702 2756 complexione,
719 2685 764 2740 lux
779 2684 892 2739 interior
915 2683 944 2737 in
996 2687 1155 2744 inhabitatio
1169 2688 1297 2759 deprimit
1318 2704 1426 2744 sensum
1454 2688 1538 2743 multa
1552 2687 1726 2759 cogitantem,
1752 2701 1800 2740 ne·

144 2779 224 2835 vultu
239 2793 334 2833 eorum
346 2775 475 2831 exteriori
491 2775 618 2843 reluceat,
634 2774 767 2829 intantum
782 2782 812 2828 ut
825 2773 859 2827 de
884 2771 944 2826 vul·
996 2793 1071 2833 cesse
1097 2785 1139 2832 ast
1165 2786 1194 2832 ut
1221 2777 1318 2832 animae
1341 2777 1516 2851 quantumuis
1543 2778 1657 2831 amantis
1676 2776 1798 2831 detectus

146 2876 190 2922 tus
205 2874 232 2922 at
246 2865 355 2920 habitus
369 2880 462 2920 eorum
477 2870 592 2919 venusta
614 2862 733 2933 quadarn
758 2860 942 2933 simplicitate,
997 2865 1043 2920 liat
1057 2873 1083 2921 ct
1098 2865 1252 2936 protectns;
1273 2882 1390 2936 qnorum
1407 2866 1521 2921 altemm
1534 2865 1586 2920 nisi
1602 2865 1797 2933 consolaretur,

146 2955 273 3028 quaedam
287 2952 445 3024 provocatio
460 2952 598 3008 charitatis
613 2959 665 3007 tua·
681 2951 843 3022 procedens,
860 2948 942 3004 rudes
998 2953 1113 3010 alterum
1143 2959 1295 3010 contineret
1328 2955 1382 3009 iste
1412 2952 1537 3015 allectus,
1561 2953 1589 3008 in
1612 2953 1799 3009 omnimodum

145 3044 225 3099 etiam
241 3058 433 3115 nonnunquam
453 3056 486 3097 ac
504 3040 637 3096 barbaros
660 3041 770 3095 animos
802 3038 861 3094 solo
885 3037 944 3092 visu
958 3000 983 3064 C
997 3051 1122 3099 rueretur
1138 3042 1284 3106 detectum,
1301 3042 1335 3098 de
1363 3057 1417 3112 quo
1442 3042 1530 3098 nullus
1558 3042 1713 3098 sublevaret
1735 3056 1798 3111 pro-

145 3133 312 3190 adamorem
336 3137 410 3185 tunm
430 3132 613 3200 compungat.
646 3127 784 3198 Siquidem
812 3125 945 3181 redeunte
997 3131 1227 3202 lectus.Seruper
1242 3146 1308 3202 argo
1331 3130 1360 3184 in
1388 3131 1479 3187 anima
1509 3132 1638 3202 pauperis
1667 3131 1703 3185 tni
1728 3131 1800 3185 Dens

145 3229 241 3279 natura
267 3219 301 3275 ad
331 3235 407 3274 suam
434 3217 580 3290 originem,
609 3216 715 3290 absque
742 3215 853 3271 doctore
877 3213 945 3269 liunt
999 3236 1076 3276 amor
1089 3225 1152 3275 tuus
1167 3227 1220 3288 est3
1236 3224 1278 3274 set
1290 3219 1382 3274 latens
1396 3219 1465 3275 sicut
1479 3219 1553 3292 ignis
1564 3219 1614 3274 sub
1629 3220 1728 3284 cinere,
1746 3219 1799 3273 do·

146 3310 276 3366 docibiles
304 3308 363 3374 Dei,
380 3315 407 3362 et
429 3323 491 3363 cum
528 3306 636 3378 spiritus
664 3320 771 3373 eorum,
800 3303 946 3373 adjuvante
1000 3323 1050 3363 nec
1065 3308 1185 3379 Spiritus
1197 3306 1242 3378 qni
1258 3306 1302 3361 ubi
1318 3306 1375 3361 vult
1401 3308 1497 3377 spirat,
1517 3306 1646 3376 placitum
1663 3306 1798 3378 babuerit,

146 3398 330 3455 infirmitatem
358 3411 453 3452 eorum
478 3406 523 3449 tuo
547 3392 658 3465 Spiritu,
688 3393 715 3447 itt
742 3391 947 3447 divinaslt‘ans·
1000 3395 1072 3451 sicut
1082 3405 1109 3451 et
1122 3400 1251 3466 quantum
1262 3395 1376 3451 volnerit
1389 3395 1463 3450 illum
1489 3396 1523 3450 ad
1551 3396 1691 3451 utilitatem
1715 3396 1801 3451 mani·

147 3491 213 3544 aunt
228 3486 395 3552 affectiones,
414 3482 546 3555 spirituali
560 3483 679 3553 quadam
701 3480 846 3552 disciplina
860 3479 948 3535 modi·
1002 3483 1113 3538 testare.
1130 3482 1231 3538 Adesto
1261 3499 1337 3554 ergo,
1354 3483 1459 3549 adesto,
1476 3492 1568 3540 sancte
1596 3499 1673 3539 amor
1693 3483 1800 3551 adesto,

148 3577 239 3632 ltcatis
259 3575 393 3640 sensibus,
417 3573 629 3642 ctiamcorpora
656 3585 752 3626 eorum
791 3568 948 3639 spirituales
1002 3587 1081 3627 sacer
1094 3571 1182 3644 ignis:
1200 3587 1249 3626 ure
1263 3572 1459 3627 delectationes
1484 3588 1579 3626 renum
1608 3580 1635 3628 et
1662 3572 1801 3638 cordium,

149 3664 283 3734 quasdam
296 3662 412 3717 induunt
426 3660 541 3732 effigies,
561 3667 588 3714 et
616 3658 701 3714 iacies
728 3657 870 3727 plusquam
895 3658 948 3710 hu·
1003 3661 1183 3732 cogitationes
1199 3659 1251 3714 late
1266 3660 1335 3714 sicut
1363 3660 1414 3726 vis,
1438 3659 1473 3715 ad
1505 3660 1657 3716 laciendum
1686 3660 1803 3718 llammae

148 3765 253 3818 manas,
270 3754 297 3804 et
310 3748 475 3819 singularem
490 3745 637 3818 quamdam
666 3745 782 3818 gratiam
800 3744 943 3800 habentes
1003 3747 1231 3804 manifestationis
1246 3758 1299 3804 tuae
1313 3748 1493 3819 copiosiorem
1519 3748 1678 3803 humilitatis
1710 3758 1801 3804 mata-

151 3849 242 3906 Sedet
257 3863 322 3903 caro
337 3862 430 3902 eorum
451 3844 548 3900 studiis
574 3844 637 3900 boni
666 3843 789 3900 exercitii
819 3844 949 3898 seminata
1003 3845 1089 3913 riam;
1105 3860 1208 3915 appare
1223 3845 1332 3916 quando
1347 3846 1388 3900 vis
1407 3845 1441 3901 ad
1470 3846 1696 3900 manifestandam
1721 3846 1802 3904 bonae

152 3948 180 4002 in
195 3946 406 4015 corruptionem,
421 3944 479 4015 jain
494 3944 587 4015 incipit
608 3958 754 4014 resurgere
779 3940 807 3995 in
821 3940 946 4014 gloriam,
1003 3943 1178 3998 conscientiae
1192 3942 1319 4013 gloriam,
1336 3951 1362 3998 et
1377 3943 1487 3998 divitias
1503 3960 1571 4015 quas
1584 3945 1667 4000 babet
1681 3945 1707 3998 iu
1718 3944 1801 4001 domo

151 4047 180 4099 ut
194 4043 293 4114 pariter
305 4049 333 4097 et
345 4055 392 4096 cor
406 4044 433 4095 et
447 4054 511 4095 caro
530 4039 666 4093 exsultent
679 4038 706 4092 in
728 4038 813 4092 Deum
842 4035 946 4101 sivum,
1001 4054 1065 4095 sua.
1094 4040 1290 4105 manifestant
1318 4040 1464 4097 sollicitum
1489 4041 1573 4097 iacias
1596 4043 1629 4097 ad
1648 4041 1802 4098 custodien-

150 4147 177 4196 ct
191 4138 295 4193 sitiente
308 4136 336 4191 in
351 4145 376 4190 tc
395 4133 495 4199 anima,
510 4149 595 4204 quam
624 4132 809 4205 multipliciter
833 4131 907 4185 sitiat
922 4138 947 4186 et
1001 4136 1075 4205 dum,
1087 4138 1235 4203 absconde,
1250 4155 1284 4194 ue
1300 4140 1473 4194 temerarium
1494 4139 1579 4195 lacius
1600 4139 1634 4194 ad
1660 4140 1801 4211 dissipan-

150 4252 225 4294 caro.
241 4233 383 4291 Possident
397 4231 469 4287 enim
485 4231 649 4286 beatimites
667 4230 791 4303 corporis
818 4228 859 4284 sni
889 4238 945 4284 ter·
960 4267 987 4327 D
1002 4230 1076 4297 duur,
1093 4232 1181 4288 donec
1193 4233 1238 4304 qui
1247 4237 1334 4303 empta
1347 4232 1479 4306 perficiat,
1492 4235 1538 4305 qni
1562 4235 1629 4292 vivit
1656 4243 1685 4290 et
1703 4243 1802 4308 regnat

151 4351 220 4400 ram,
236 4351 298 4405 quae
313 4330 492 4404 spiritualium
512 4328 700 4386 exercitiorum
727 4327 824 4384 studiis
852 4328 948 4383 locun·
1002 4344 1053 4401 pur
1072 4332 1161 4386 omnia
1177 4331 1455 4390 saeculasaeculornm.
