3728 6000
70 248 124 305 aas
618 246 1196 311 nxrosrrtonarsra·1ucaurrc.='
1277 274 1280 281 ·
1669 228 1745 323 „pf-

68 372 196 431 oetandns
209 373 236 430 ei
249 373 367 433 mutare
385 375 445 433 liei.
463 373 576 431 Interim
590 388 694 447 εεειιιιε
713 380 741 430 ει
763 389 868 446 pauper
880 374 908 439 Α
921 388 982 430 runa
993 390 1082 443 suum,
1091 384 1251 447 exspectans
1266 385 1293 436 et
1306 378 1445 453 accipiens
1459 383 1582 455 quotidie
1600 378 1720 442 rudus-
1730 394 1741 431 1

68 477 148 519 arnor
161 460 242 519 anm
254 463 402 522 nitendoet
413 463 554 538 palpando
570 471 702 536 sequntur
715 480 768 534 qua
789 464 869 520 duci·
923 470 976 519 tem
992 479 1054 519 eam
1068 480 1103 520 ex
1117 465 1170 522 alto
1185 466 1370 538 quotidianam
1395 469 1502 527 vinulis
1513 471 1615 529 dirinae
1628 475 1722 532 visita·

68 559 123 619 tur,
140 551 260 624 suspiret
283 568 338 624 quo
350 562 476 622 vocatur,
499 568 550 625 per
564 551 666 624 ligures
680 551 825 609 amatorias
842 560 870 609 et
922 547 1034 614 tionem,
1048 548 1136 605 donec
1163 551 1250 605 soluta
1270 552 1421 625 aliquando
1443 570 1460 610 a
1488 557 1597 613 vinculo
1612 560 1738 628 carnis,

67 638 261 711 imperfectum
275 642 408 711 auum,ad
422 642 574 714 perrectum
594 650 692 709 tuum;
706 650 732 696 ει
748 641 869 713 quandiu
922 635 1006 706 recipi
1016 646 1152 692 mereatur
1165 639 1201 694 nd
1214 646 1342 695 aeternam
1358 641 1461 713 Spnnsi
1480 645 1720 703 cohabitationem.

67 744 117 800 per
127 725 212 784 fidem
222 728 343 785 ambulat
365 738 392 787 et
412 746 468 786 non
487 746 538 802 per
559 729 687 801 speciem,
709 729 753 800 pie
777 733 804 784 et
822 745 869 783 sa·
921 723 962 779 lbi
977 740 1045 796 ergo
1063 726 1092 781 in
1106 726 1240 793 Ecclesia,
1256 729 1283 784 in
1298 730 1403 786 unitate
1429 732 1502 801 iidei,
1527 750 1587 806 quae
1608 737 1735 807 Sponsa·

66 816 177 890 pisum
195 817 254 873 suis
269 826 360 874 utatur
372 818 543 884 rudimentis,
559 817 648 874 donec
666 818 788 874 exterior
808 820 868 875 baec
921 819 973 881 est,
988 829 1061 884 saepe
1077 830 1125 886 per
1138 815 1252 872 internae
1271 817 1432 874 visitationis
1460 824 1575 892 gratiam
1600 824 1721 881 illustre·

65 906 200 978 parabola
212 906 342 963 dramatis
355 907 440 964 batia
454 923 487 964 eo
511 906 626 963 historia
647 906 778 963 veritatis.
792 908 867 965 Tunc
920 906 980 971 lur;
996 918 1070 974 oaepe
1093 919 1143 974 pcr
1164 906 1399 977 contemplationis
1424 910 1552 967 virtutem
1578 928 1665 985 usque
1685 914 1721 969 ad

64 994 174 1067 parebit
190 993 334 1052 inlumina
356 1003 406 1052 tue
430 1000 564 1068 quantum
591 994 620 1050 in
653 993 791 1051 intellectu
820 1003 866 1052 tuo
920 989 1058 1046 visionem
1071 1008 1197 1063 supernae
1211 994 1287 1063 pacis
1310 1003 1337 1051 et
1364 997 1432 1068 regii
1460 1000 1568 1055 thalami
1596 1001 1720 1075 diguita-

66 1082 201 1155 pnecedit
219 1084 308 1155 pietas
327 1083 523 1156 simplicissimi
543 1084 663 1139 amantis
691 1082 865 1154 prudentiam
920 1086 985 1146 tem,
1001 1079 1137 1150 Sponsum
1156 1082 1263 1154 Sponsa
1287 1084 1333 1154 pio
1350 1100 1443 1142 amore
1465 1090 1647 1159 prosequitur.
1663 1091 1718 1148 Sed

65 1170 248 1227 eruditissimi
287 1172 485 1240 muccinantis,
512 1188 576 1228 cnm
603 1179 734 1228 retroacta
760 1173 866 1228 ratione
919 1174 1028 1222 terrena
1047 1170 1254 1226 conversatione
1279 1182 1448 1244 aggravante
1475 1192 1647 1250 nequaquam
1671 1180 1718 1236 diu

64 1260 295 1333 amorpiusipsc
309 1260 602 1317 edicietnrintellectus
615 1276 690 1317 suus.
918 1254 956 1310 ibi
994 1257 1159 1312 commorari
1192 1261 1366 1330 permittitur,
1398 1270 1565 1335 acceptoque
1582 1269 1716 1339 *pignore

97 1350 167 1405 lana
181 1364 248 1423 erpo
262 1349 289 1404 in
304 1350 406 1423 gaudio
420 1349 482 1405 festi
497 1350 623 1422 nuptialis
636 1349 725 1420 primo
735 1349 864 1406 accubitu
917 1343 1030 1412 spiritus
1046 1345 1158 1416 Sponsi,
1172 1354 1199 1402 st
1209 1348 1304 1404 relicto
1319 1350 1392 1421 apud
1403 1367 1465 1406 eum
1490 1354 1603 1425 pignore
1632 1357 1716 1427 spiri·

62 1438 336 1510 uoeunqagdtgpepo‚
352 1445 379 1494 ει
406 1453 457 1494 suo
484 1439 509 1494 pq
533 1438 652 1499 eampo,
670 1445 751 1509 prout
771 1437 864 1509 potui.
918 1440 961 1486 tus
993 1433 1045 1498 sui,
1065 1433 1144 1489 citius
1171 1434 1315 1491 remittitur
1355 1438 1382 1492 in
1412 1439 1521 1495 domum
1551 1446 1717 1515 paupertatis

62 1542 135 1591 mne,
149 1527 303 1599 assignato,
318 1527 364 1599 qui
376 1527 472 1583 novitii
495 1525 613 1582 fervoris
631 1526 791 1582 rudimentis
816 1526 863 1580 vi·
917 1536 1003 1576 succa
1017 1524 1243 1593 contemplatione
1258 1525 1413 1582 divitiarum
1428 1529 1537 1599 sponsi,
1550 1532 1638 1587 sciens
1662 1535 1716 1588 sli-

62 1617 143 1671 detm
161 1615 308 1683 deservire,
333 1615 445 1672 emundi
463 1616 610 1670 auxiliante
638 1616 696 1672 Deo
715 1615 862 1687 aggredia-
917 1616 1052 1679 quatenus
1069 1612 1137 1681 quid
1151 1613 1221 1668 desit
1235 1614 1297 1669 sibi.
1312 1616 1381 1671 ilinc
1395 1632 1464 1687 ergo
1478 1617 1610 1690 deinceps
1629 1636 1716 1694 usque

62 1720 129 1762 mur
155 1704 310 1770 exordium,
334 1704 362 1758 in
391 1719 445 1774 quo
479 1704 654 1775 prudentiore
681 1704 811 1773 patientia
836 1710 863 1759 et
876 1728 904 1789 Β
919 1697 947 1753 in
961 1698 1041 1754 linem
1056 1707 1141 1754 totum
1155 1700 1343 1758 hocsanctum
1359 1707 1461 1761 amoris
1488 1709 1624 1763 canticum
1647 1726 1716 1767 con-

60 1792 186 1850 qoeeim
210 1793 350 1865 pmdenuu
373 1792 408 1847 ad
425 1792 563 1849 secundos
584 1808 615 1847 ee
635 1800 743 1863 reparet
763 1792 863 1864 sponsi
918 1786 1018 1841 texitur
1034 1804 1041 1849 ;
1058 1789 1109 1844 hoo
1132 1797 1217 1844 totum
1241 1806 1309 1862 opus
1324 1793 1383 1860 ejus
1405 1802 1484 1864 atque
1505 1800 1644 1869 negotium
1661 1804 1715 1867 est,

61 1883 172 1954 Sponsa
182 1881 336 1954 amplexus.
347 1881 401 1937 Sed
414 1881 503 1953 primo
512 1881 653 1954 sequentis
674 1880 774 1937 cantici
797 1897 864 1937 sen·
916 1873 981 1931 hinc
994 1875 1190 1933 discernuntur
1201 1878 1259 1947 cius
1272 1887 1373 1950 partes,
1389 1888 1416 1936 et
1435 1884 1552 1952 partium
1566 1885 1618 1941 sibi
1646 1904 1715 1944 con-

60 1988 108 2027 ffl
121 1969 419 2027 qmfipugsufflinpte
442 1970 626 2041 proelibaudus
649 1977 699 2036 εει,
729 1977 757 2025 ev
782 1970 865 2042 spiri.
916 1963 1043 2019 cillantur
1056 1965 1214 2033 divisiones,
1235 1982 1285 2037 spe
1313 1967 1464 2038 festinante,
1480 1974 1617 2030 cruciante
1640 1976 1715 2031 desi·

59 2060 183 2117 mum
196 2059 408 2130 comparandus,
425 2059 687 2116 sicuphqbemugpx
709 2059 778 2115 lium
805 2060 863 2114 pa.
915 2050 1003 2119 derio,
1017 2052 1152 2122 sapientia
1174 2055 1327 2122 ordinante,
1349 2072 1443 2114 amore
1457 2062 1599 2131 {currente
1628 2066 1714 2137 pratia

59 2149 262 2221 ralipomencu,
303 2163 352 2204 rex
390 2147 519 2204 Salomon
560 2162 608 2203 rea
644 2147 730 2218 pacis,
766 2162 862 2219 pacem
915 2147 1094 2210 oecumente3
1111 2143 1291 2214 quoadusque
1305 2144 1332 2198 in
1347 2144 1400 2201 line
1415 2146 1518 2204 Cantici
1536 2150 1714 2223 ipsins2dolur

61 2237 168 2294 babens
180 2236 209 2292 in
222 2252 309 2309 mpno
322 2251 384 2303 auo,
401 2235 525 2293 subactis
543 2236 754 2308 circumquaque
774 2236 862 2290 inimi.
915 2227 1099 2284 desiderantis
1113 2246 1129 2285 a
1145 2231 1223 2287 tedio
1238 2231 1384 2300 dilationis,
1401 2244 1496 2291 mutua
1524 2239 1632 2294 undem
1646 2256 1711 2297 con·

60 2327 112 2391 cis,
127 2332 156 2382 ct
166 2324 301 2382 edificata
314 2326 341 2379 in
353 2325 506 2380 lemaalem
516 2324 599 2380 domo
610 2324 729 2392 Domini,
740 2324 861 2381 etdomo
911 2316 1053 2386 junctione
1061 2325 1181 2376 vertatur
1194 2320 1223 2374 in
1237 2321 1368 2392 gaudium
1383 2322 1508 2382 fruentis.
1603 2360 1606 2365 -

59 2415 163 2489 repta.-
179 2415 274 2481 «Neu,
287 2437 298 2461 a
312 2413 407 2486 inquit,
420 2412 716 2469 «habitabituxormea
733 2412 760 2468 in
769 2413 861 2468 'domo
949 2406 1065 2462 Reddita
1080 2423 1146 2480 ergo
1161 2407 1213 2464 sibi
1224 2409 1332 2478 Sponsa
1343 2419 1405 2482 pust
1419 2414 1534 2484 primum
1548 2416 1632 2487 primi
1659 2434 1706 2475 ae-

60 2502 151 2559 David
165 2502 249 2574 patris
260 2502 315 2558 mei
338 2502 413 2574 regis
435 2502 578 2569 israeles
602 2502 676 2572 quod
699 2500 861 2557 sanctificata
913 2494 1019 2550 cubitus
1045 2511 1195 2564 excessum,
1225 2513 1279 2567 quo
1293 2507 1397 2573 *mente
1423 2512 1580 2559 excesserat
1600 2507 1668 2575 Deo,
1684 2517 1712 2564 et

58 2591 106 2658 sit,
118 2590 184 2663 qnia
197 2592 321 2663 inpressa
335 2598 377 2646 est
392 2590 419 2644 in
434 2604 495 2645 eam
510 2605 574 2646 arca
590 2588 699 2644 Domini
712 2590 751 2660 (ll
763 2590 860 2646 Purcl.
914 2583 1007 2639 sobria
1020 2583 1091 2640 lacta
1112 2585 1174 2654 sibi,
1205 2595 1231 2641 et
1254 2595 1368 2659 gustatae
1387 2592 1530 2647 suavitatis
1550 2596 1710 2652 memoriam

58 2681 133 2750 rau).
150 2699 163 2730 s
179 2678 285 2735 Idcirco
299 2679 377 2734 uxori
392 2694 450 2734 susa
472 2677 606 2750 AEgyptiaa
629 2676 692 2732 filiae
714 2677 861 2733 Pharaonis
914 2672 1066 2744 ruminans,
1094 2682 1156 2744 post
1183 2690 1321 2730 sacrorum
1358 2676 1500 2734 affectuum
1528 2681 1711 2752 digestionem

57 2775 200 2825 exstructa
211 2767 294 2823 dorna
308 2767 336 2822 in
349 2766 463 2830 bibano,
480 2774 555 2821 extra
574 2766 737 2833 Jerusalem,
754 2774 781 2820 ει
795 2780 862 2836 pro·
912 2769 1047 2816 secretum
1074 2770 1215 2832 appetens,
1243 2763 1364 2836 fugitans
1394 2767 1546 2837 publicum,
1573 2770 1600 2824 in
1619 2772 1712 2830 abdito

57 2856 104 2913 cul
118 2855 232 2912 adomc
249 2854 326 2927 regia
339 2870 400 2910 eam
414 2855 536 2911 babitare
558 2855 704 2926 praecepit!
717 2853 805 2910 donec
827 2853 861 2909 ad
913 2848 1206 2916 cotienscumque
1232 2853 1331 2919 cordis,
1352 2854 1379 2907 in
1405 2871 1515 2911 recessu
1538 2860 1712 2918 conscientiae

57 2946 174 3019 penum
195 2943 371 3015 deposuisset
398 2943 543 2999 barbaram
567 2956 702 3011 naturum,
723 2950 751 2998 et
777 2950 862 2998 totam
914 2937 1011 2994 sedere
1029 2947 1108 2994 amnt
1124 2939 1160 2994 ad
1180 2940 1298 2995 studium
1312 2942 1404 2998 cordis
1416 2945 1574 3014 mundandi,
1599 2947 1625 3002 iu
1644 2964 1711 3021 spe·

58 3032 214 3107 Egyptinm
228 3032 460 3103 conspersionem,
476 3032 628 3087 ubitnmen
648 3030 795 3101 aliquando
818 3030 861 3086 vi·
876 3027 976 3144 C‚culn
994 3035 1022 3082 et
1052 3029 1196 3099 enigmate
1227 3029 1343 3085 sollicita
1374 3034 1527 3089 emundare
1544 3035 1660 3107 taciem,
1677 3041 1713 3096 ad

57 3122 191 3179 citaretur
205 3135 222 3176 a
236 3136 313 3193 rege,
337 3119 484 3190 aliquando
502 3120 581 3175 etiam
597 3119 656 3190 ipsa
669 3126 813 3176 vocaretur
833 3118 861 3173 in
915 3115 1061 3171 videndum
1082 3117 1151 3173 lucie
1174 3118 1209 3173 ad
1233 3116 1342 3174 faciem.
1367 3119 1408 3174 lbi
1432 3122 1503 3176 enim
1529 3140 1589 3195 quae
1607 3126 1713 3197 Sponsa

58 3210 200 3269 dunum
213 3215 242 3265 et
262 3210 373 3265 domum
396 3207 518 3281 regiam,
542 3215 570 3264 et
602 3208 674 3280 regis
701 3207 860 3276 thalamum,

59 3298 160 3355 nonad
174 3296 363 3362 habitandum,
383 3295 432 3352 sod
453 3296 530 3367 quasi
551 3297 648 3352 visura
668 3296 783 3369 gloriam
812 3311 860 3351 re-

58 3387 112 3461 gis,
129 3393 158 3443 et
172 3385 284 3442 thalami
299 3385 368 3458 regii
388 3385 476 3455 gratia
498 3384 670 3456 aliquatenus
695 3384 819 3453 fruitura,
835 3389 863 3438 ct

58 3478 98 3533 sic
111 3489 263 3533 reversura
277 3475 304 3528 in
318 3475 409 3530 locum
424 3489 513 3528 suum.
530 3473 575 3529 Sic
596 3473 676 3529 etism
700 3473 759 3530 Rex
783 3471 861 3543 pacis

59 3572 171 3625 ειεειιιε
193 3563 328 3629 Christus,
360 3563 483 3633 Sponsus
511 3561 642 3618 Ecclesia
665 3578 697 3617 ex
732 3561 860 3635 gentibus

57 3658 243 3727 congregatae,
264 3650 386 3722 Sponsus
400 3649 499 3705 animae
512 3648 601 3705 fidelis
614 3650 648 3705 de
664 3649 782 3706 tenebris
793 3664 859 3722 pec·

56 3750 192 3808 ntorum,
219 3739 292 3810 quod
322 3739 516 3807 interpretatur
553 3739 696 3810 AEgyptus,
726 3739 857 3811 liberatas,

55 3840 117 3905 post
130 3827 361 3885 resurrectionem
384 3828 477 3882 carnis
491 3843 546 3883 suaa
573 3827 701 3897 absorpta
724 3837 811 3885 morte
830 3831 857 3887 in

55 3918 180 3986 victoria,
195 3920 311 3988 accepte
325 3915 378 3971 sibi
395 3930 483 3987 regno
498 3915 524 3969 in
552 3916 700 3971 ierusalem
729 3933 856 3989 superna,

54 4008 191 4081 Sponsam
206 4021 292 4074 suam,
307 4004 428 4078 qnandiu
442 4004 469 4058 in
484 4019 568 4059 carne
583 4003 657 4069 vivit,
674 4019 690 4059 a
713 4021 856 4075 supcrcoe·

52 4096 129 4155 lestis
138 4093 350 4153 cohabitationis
364 4109 422 4149 suae
436 4092 524 4165 gloria
540 4106 590 4164 pro
605 4092 760 4148 conditione
783 4110 858 4150 mor-

53 4184 163 4242 talitatis
180 4189 389 4256 sequestratam,
406 4183 435 4236 in
452 4180 564 4253 proviso
578 4180 604 4236 ei
625 4178 687 4235 loco
713 4182 856 4251 quiescere

52 4272 195 4347 precepit,
211 4286 272 4328 cum
284 4270 434 4327 ascendens
449 4270 477 4324 in
495 4268 597 4325 coelum
613 4268 684 4324 dixit
710 4269 746 4324 ad
772 4271 856 4327 disci·

52 4363 131 4436 pulos
151 4375 237 4419 suos:
253 4382 265 4408 a
282 4359 382 4416 Sedete
395 4359 424 4414 in
444 4358 561 4424 civitate,
576 4356 751 4430 quoadusque
772 4359 854 4415 indu·

916 3212 964 3272 εει,
1001 3220 1062 3277 quae
1096 3206 1165 3261 sicut
1193 3206 1337 3275 Apostolus
1371 3207 1447 3275 dicit,
1478 3211 1524 3265 uni
1560 3213 1712 3282 adhaerens,

918 3292 1034 3347 «divisa
1052 3308 1107 3348 nou
1134 3301 1186 3360 est,
1206 3295 1256 3349 sed
1282 3295 1398 3351 sollicita
1426 3306 1465 3352 est
1487 3308 1579 3354 eorum
1608 3305 1712 3358 tentum

915 3396 976 3452 quae
991 3381 1097 3436 Domini
1108 3389 1179 3449 sunt,
1191 3383 1329 3453 quomodo
1344 3385 1450 3455 placcat
1469 3387 1596 3455 Domino,
1611 3391 1653 3446 cui
1682 3406 1713 3449 sc

914 3469 1039 3540 probavit
1055 3469 1080 3540 (l
1094 3471 1156 3527 Cor.
1172 3471 1231 3538 vn),
1250 3493 1261 3519 ι
1278 3473 1367 3527 studet
1381 3471 1439 3528 lieri
1454 3486 1551 3531 sancta
1561 3490 1676 3548 corpore
1686 3489 1714 3536 et

914 3557 1093 3627 spirituales
1117 3558 1224 3614 macula
1250 3559 1382 3626 criminis,
1399 3562 1458 3617 sine
1485 3564 1643 3635 duplicitate
1672 3569 1713 3624 si-

913 3645 1077 3711 mulationis,
1105 3647 1196 3702 studet
1223 3647 1257 3701 ad
1285 3648 1313 3703 id
1334 3650 1407 3719 quod
1434 3652 1577 3708 honestum
1603 3663 1654 3722 est,
1685 3665 1713 3714 et

912 3734 985 3803 quod
1013 3734 1170 3790 facultatem
1202 3735 1323 3805 praebeat
1353 3738 1499 3794 Dominum
1531 3741 1707 3802 obsecrandi.

911 3823 1104 3895 Suspenanue
1119 3824 1154 3878 ad
1168 3825 1282 3879 reditum
1295 3826 1404 3896 Sponsi,
1415 3829 1448 3882 ad
1465 3844 1558 3884 vocem
1582 3831 1651 3900 ejus,
1675 3834 1712 3890 sd

912 3910 1008 3966 faciem
1034 3913 1101 3981 ejus,
1127 3920 1237 3983 repente
1262 3915 1341 3985 quasi
1367 3931 1383 3969 a
1414 3913 1497 3988 longe
1524 3920 1657 3975 venientis
1685 3931 1712 3978 et

910 3999 1088 4069 colloquentis
1099 4017 1159 4056 cum
1174 4000 1312 4057 sodalibus
1330 4009 1410 4059 tenue
1425 4005 1562 4075 quoddam
1585 4024 1710 4066 murmur

910 4087 1165 4157 annumerasset,
1179 4112 1190 4137 ι
1207 4089 1303 4160 inquit,
1318 4091 1431 4147 «dilecti
1446 4094 1530 4148 mei·
1544 4097 1623 4156 Quod
1633 4098 1706 4153 enim

909 4175 986 4242 dicit,
1001 4192 1052 4231 vox
1067 4177 1159 4232 dilecti
1174 4179 1238 4245 mei,
1258 4188 1284 4233 et
1298 4180 1423 4251 superius
1439 4189 1466 4237 ct
1487 4182 1603 4238 interius
1620 4188 1708 4256 aptari

908 4271 1017 4334 potest;
1033 4264 1138 4320 utfinis
1154 4267 1236 4336 primi
1263 4268 1412 4333 accubitus,
1429 4277 1455 4324 et
1483 4272 1595 4326 secundi
1618 4282 1722 4343 potest·

908 4369 968 4407 esse
983 4353 1154 4425 principium.
1175 4353 1253 4424 Quod
1276 4356 1355 4409 etiam
1382 4356 1419 4411 rei
1446 4374 1507 4429 qum
1529 4361 1621 4431 agitur
1645 4370 1707 4432 apte

51 4451 136 4511 mini
150 4450 250 4507 virtute
263 4465 299 4506 ex
312 4447 367 4504 alto
381 4448 460 4517 (luc.
471 4448 559 4517 xxiv).
591 4468 602 4495 v
620 4444 699 4515 Quod
721 4454 783 4503 tune
808 4430 1060 4512 (ti-Dccnpruere
1092 4442 1207 4505 videtur,
1231 4443 1358 4512 quoniam
1387 4444 1456 4500 sicut
1488 4462 1521 4500 ex
1550 4450 1706 4518 vespertino

52 4540 131 4599 ὼ,
144 4537 287 4610 (impuli,
301 4536 370 4607 sup„
387 4543 498 4608 propper
512 4534 673 4608 promissum
688 4534 727 4591 εἰ,
746 4536 853 4592 adven.
907 4530 1051 4601 praeteritae
1065 4531 1120 4586 diei
1134 4531 1274 4600 sequentis
1286 4531 1353 4587 lucis
1368 4534 1526 4589 matutinum
1547 4552 1626 4591 suum
1642 4554 1705 4593 con-

52 4624 354 4701 tumSpiritussancti,
371 4623 614 4681 etomnibusliliis
638 4623 738 4693 Sponsi
767 4640 853 4697 usque
907 4626 960 4673 stat
974 4619 1134 4690 principium
1149 4619 1244 4685 ordiri,
1254 4619 1293 4675 sic
1314 4621 1449 4675 interioris
1464 4624 1517 4676 (liei
1532 4638 1704 4681 consumma·

52 4718 132 4776 Mi,
156 4715 235 4785 digit,
259 4722 371 4785 propper
388 4720 527 4784 perpetues
550 4711 757 4768 cohabitationis
789 4727 852 4768 cum
907 4707 945 4762 tio
954 4708 1115 4779 principium
1130 4723 1202 4777 saepe
1217 4714 1244 4762 et
1255 4723 1335 4763 causa
1350 4709 1460 4765 alterius
1476 4711 1529 4765 diei
1550 4714 1698 4770 invenitur.

52 4808 92 4863 ete
117 4802 332 4879 promissionem
347 4816 433 4871 usque
447 4800 475 4855 in
489 4798 570 4854 linem
580 4799 680 4868 saeculi,
696 4807 723 4854 et
736 4801 851 4872 gratiam
908 4818 920 4845 u
932 4797 999 4862 vox,
1009 4820 1021 4845 »
1033 4811 1099 4867 ergo
1108 4796 1204 4865 inquit,
1218 4795 1330 4852 «dilecti
1341 4798 1404 4852 mei.
1414 4822 1425 4846 .
1436 4798 1470 4853 Et
1483 4799 1703 4858 exsiliensinoc·

52 4893 239 4967 mum
254 4889 400 4962 aliquunde
420 4895 447 4944 et
475 4887 667 4944 manifestioris
691 4888 852 4945 visitationis
904 4884 1166 4951 curcumvenientis,
1176 4906 1187 4930 u
1198 4899 1272 4951 ecce,
1286 4885 1401 4954 linquit,
1413 4909 1423 4931 u
1436 4886 1496 4940 iste.
1512 4910 1522 4935 n
1536 4889 1700 4960 l'oxSponsi

51 4984 166 5057 (mm
184 4980 294 5053 mm),
311 4978 415 5035 Cim„
427 4978 486 5033 Μ,
498 4976 621 5032 Ecclesia
631 4983 673 5031 esp
685 4977 713 5031 ,ῃ
727 4978 849 5050 peregri.
904 4973 938 5029 ad
954 4974 1086 5043 Sponsam
1101 4979 1141 5027 est
1155 4973 1296 5042 repentina
1310 4974 1399 5045 gratia
1418 4974 1487 5030 berre
1502 4975 1622 5033 afficiens
1644 4998 1701 5037 mc·

50 5069 259 5140 muenehujus
289 5069 362 5138 ritae,
380 5064 514 5123 adifimu
537 5064 565 5119 in
586 5064 699 5132 bibano,
729 5067 780 5122 hoc
808 5074 850 5122 est
904 5062 1366 5133 moriamamuntis,verbumejus,
1384 5063 1410 5117 in
1432 5063 1598 5121 intellectum
1619 5085 1699 5124 suum

49 5170 79 5227 in
91 5169 214 5229 ωιίίιοει
225 5182 334 5224 amoeno
348 5167 410 5223 loco
423 5165 520 5238 pratia>
533 5163 712 5221 candidantis.
729 5164 849 5220 Libanus
902 5160 1039 5216 formatus
1054 5157 1178 5215 affectus.
1197 5160 1240 5215 ad
1255 5176 1349 5217 vocem
1365 5175 1431 5233 ergo
1447 5162 1545 5232 Sponsi
1567 5165 1700 5222 venientis

48 5270 126 5326 enim
134 5264 302 5325 madidatis
320 5263 523 5335 interpretatur.
544 5262 584 5317 lbi
601 5261 727 5317 habitans
742 5261 849 5333 Sponsa
901 5256 967 5315 dicit
976 5258 1099 5329 Sponsa«
1110 5272 1188 5324 ecce;
1203 5279 1213 5305 ι
1226 5257 1260 5312 ad
1268 5257 1379 5313 verbum
1387 5259 1442 5328 jam
1453 5261 1597 5330 praesentis
1608 5264 1700 5320 utrol-

48 5364 148 5423 curan
162 5362 301 5437 Raptis,
317 5358 407 5418 fidelis
421 5360 513 5416 anima
537 5375 587 5432 per
612 5360 727 5432 gratiam
745 5359 795 5417 Dei
819 5360 847 5415 in
902 5356 1047 5428 loquentis,
1061 5357 1138 5430 quasi
1146 5355 1233 5426 digito
1241 5364 1403 5427 praesentem
1411 5359 1566 5426 ostendens,
1587 5362 1696 5430 «istem

48 5459 102 5517 dds
113 5458 252 5518 Raclcsice
265 5458 293 5514 in
306 5470 410 5531 purum
422 5455 615 5524 candidanda,
641 5456 724 5512 anxia
746 5455 848 5528 pietate
900 5453 1002 5526 inquit.
1020 5452 1083 5508 Exit
1097 5460 1185 5508 autem
1205 5452 1310 5525 Sponsa
1325 5452 1353 5508 in
1373 5469 1515 5511 occursum
1540 5457 1621 5513 Verbi
1637 5448 1700 5527 Dei,

45 5552 380 5629 au‘duaucmdiripit,
394 5566 487 5622 anum,
503 5564 557 5625 qrro
583 5551 716 5625 promisit
741 5552 847 5611 theseu-
900 5568 962 5611 cum
989 5550 1035 5625 pia
1058 5549 1169 5609 affectio
1194 5551 1279 5625 gestit
1297 5551 1333 5610 ad
1361 5552 1540 5615 intellectum.
1567 5557 1700 5635 Videtque
