3728 6000
5 130 10 141 ’
126 167 194 228 usi
817 166 963 227 uuosuu
987 164 1025 221 ur
1044 165 1149 222 aare
1774 162 1831 220 ssu

126 292 229 352 omnia
243 291 359 365 integra
378 299 592 353 conserventur
615 309 730 362 eorum,
746 309 802 368 pro
822 307 952 367 quorum
967 290 992 345 Α
1008 291 1191 363 protectione
1210 290 1402 363 suscipimus,
1417 295 1447 348 et
1459 289 1618 362 presentis
1637 287 1744 361 scripti
1756 287 1834 361 privi

8 404 11 409 ·
125 382 379 456 gubernationeet
393 384 608 440 sustentatione
620 400 762 441 concessa
774 382 953 440 suutusibus
1006 378 1084 449 legio
1092 381 1316 436 corrunuuiruus
1328 399 1334 447 ;
1348 385 1510 436 statuentes
1523 384 1770 451 utquascunquc
1779 393 1835 452 pos·

125 470 481 544 omnimodisproiutura.
493 473 797 530 Adiudiciumautesu
809 476 953 545 perceptae
1008 468 1166 533 sessiones,
1180 485 1368 542 quecunque
1381 469 1463 527 bona
1477 469 1557 524 idom
1573 467 1832 524 monasteriumin

125 559 215 632 hujus
229 575 247 617 a
260 562 395 617 Romana
408 561 537 618 Ecclesia
552 561 696 619 libertatis
712 577 765 634 per
781 577 878 618 annos
895 560 953 616 siu·
1007 559 1233 630 presentiarum
1258 559 1337 630 juste
1359 564 1386 615 et
1405 558 1548 615 canonice
1569 556 1720 630 possidet,
1742 560 1793 612 aut
1810 557 1832 613 ir

125 649 210 723 gulos
222 648 403 706 adnostrum
413 656 952 724 nostrorumquesuccessorumvisum
1007 646 1140 703 iuturum
1155 649 1347 705 concessione
1359 646 1546 720 pontificum,
1562 645 1728 718 largitione
1738 660 1832 715 regnu

123 737 335 811 quotidianum
349 738 450 796 albam
459 739 568 796 lineam
580 745 609 796 et
617 739 814 797 stctamuobis
828 738 953 795 uostris·
1007 735 1055 792 vel
1067 736 1247 808 principum,
1264 735 1420 795 collatione
1435 736 1580 801 fidelium,
1597 750 1653 791 seu
1669 733 1741 791 eliis
1756 735 1833 805 justis

124 827 418 901 quesuccessoribus
433 828 617 901 persolvetis.
636 829 664 886 si
678 828 748 901 quis
762 828 850 897 igitur
864 828 893 882 iu
910 826 953 883 lu·
1007 824 1117 890 modis,
1133 830 1326 899 prosperante
1338 826 1473 895 Domino,
1486 826 1592 897 poterit
1602 823 1832 897 adipiscitum

124 917 236 981 turum,
253 915 501 989 archiepiscopus,
518 917 687 990 episcopus,
708 918 881 990 imperator,
901 919 954 971 cut
1006 914 1092 971 vobis
1107 920 1135 970 et
1148 913 1259 972 illibata
1281 919 1488 987 permaneant.
1505 916 1537 970 ln
1556 912 1675 986 quibus
1695 911 1833 986 hecprc

124 1018 187 1070 rex,
197 1005 337 1077 princeps
348 1009 398 1061 aut
409 1005 480 1070 dux,
495 1020 591 1063 comes
602 1010 652 1061 aut
663 1006 842 1077 vicecomes,
849 1005 951 1079 J'udex,
1006 1003 1230 1074 priisduximus
1243 1004 1437 1076 exprimenda
1448 1001 1604 1061 vocabulis
1617 1019 1625 1058 ε
1639 1002 1673 1058 ln
1686 1001 1831 1059 Leodiensi

124 1097 176 1149 aut
195 1092 338 1166 quelibet
350 1107 480 1164 persona
495 1097 601 1165 potens
614 1098 666 1151 aut
682 1095 830 1167 impotens
850 1092 953 1151 nostri·
1007 1094 1181 1165 episcopatu
1191 1094 1291 1151 viltam
1312 1096 1349 1150 de
1366 1097 1519 1167 bermerys
1537 1109 1606 1149 cum
1623 1091 1728 1157 attari,
1743 1091 1831 1149 villam

15 1256 24 1269 ἱ
123 1181 270 1253 privilegii
286 1181 431 1254 pagiuam
447 1182 555 1249 sciens,
576 1190 680 1240 contra
698 1199 764 1240 eam
781 1189 890 1240 temere
905 1197 953 1238 ve·
1007 1183 1044 1239 de
1056 1183 1286 1239 Erebeneiscum
1301 1183 1397 1248 altari,
1411 1181 1569 1238 dimidiam
1583 1196 1715 1254 quoque
1727 1185 1831 1253 partem

123 1269 189 1326 nire
207 1271 373 1336 tentaverit,
400 1271 532 1327 secundo
560 1273 681 1328 tertiove
707 1272 901 1340 commonita,
929 1273 953 1327 si
1007 1271 1084 1328 ville
1114 1271 1151 1327 de
1176 1272 1387 1339 lietbeuoule;
1413 1272 1514 1328 villam
1533 1270 1571 1325 de
1590 1269 1757 1340 Tiguillers
1776 1285 1831 1326 cun

122 1373 186 1416 non
201 1358 403 1415 satisfactione
417 1374 551 1431 congrua
571 1361 783 1428 emendaverit,
799 1361 953 1435 potestatis
1007 1360 1102 1426 altari,
1131 1362 1309 1417 Battiniacas
1329 1367 1357 1416 et
1380 1366 1494 1434 partem
1514 1359 1655 1425 tironiae,
1679 1357 1784 1415 villam
1804 1359 1832 1414 de

122 1445 306 1519 honorisque
319 1447 365 1503 sui
375 1447 518 1519 dignitate
532 1455 641 1516 careat,
655 1465 798 1523 reamque
812 1449 953 1506 sedivino
1008 1448 1148 1506 Castilton
1165 1466 1233 1506 cum
1254 1450 1339 1506 altari
1353 1455 1381 1506 et
1395 1449 1540 1521 capellam
1560 1450 1597 1503 de
1618 1448 1755 1504 liertinis
1769 1465 1776 1513 ;
1791 1447 1835 1502 vil-

120 1534 234 1608 judicio
242 1535 369 1592 existere
381 1535 419 1592 de
429 1542 600 1610 perpetrata
611 1537 767 1610 iniquitate
777 1544 951 1609 cognoscat,
1008 1538 1070 1595 lam
1085 1538 1123 1595 de
1139 1541 1249 1596 Feratis
1263 1554 1332 1594 cum
1349 1539 1433 1595 uitari
1449 1543 1478 1594 et
1496 1536 1642 1608 capellam
1663 1537 1703 1593 de
1720 1538 1833 1619 viscort

123 1626 152 1680 et
168 1639 186 1680 a
203 1625 404 1681 sacratissimo
424 1641 599 1698 corporeae
618 1628 765 1696 sanguine
786 1629 833 1684 Dei
854 1632 882 1684 et
902 1630 989 1698 tio-g
1008 1630 1101 1684 attare
1115 1628 1152 1683 de
1169 1628 1279 1693 flantis,
1300 1627 1399 1684 villam
1414 1628 1451 1682 de
1471 1625 1648 1684 liadionatis
1664 1642 1738 1682 cum
1759 1624 1834 1682 atui

121 1711 196 1768 mini
216 1713 418 1786 Redemptoris
438 1715 530 1771 nostri
553 1717 622 1772 lesu
641 1716 747 1772 Christi
773 1716 871 1774 aliena
889 1716 951 1784 fiat,
1007 1717 1111 1776 villam
1124 1717 1161 1773 de
1175 1716 1454 1781 Gillicrcumaltari,
1471 1716 1568 1771 vitiam
1582 1717 1620 1771 de
1634 1715 1834 1772 Ginisoocum

122 1804 213 1874 atque
227 1801 257 1858 iu
272 1806 405 1858 extremo
418 1804 556 1860 examine
571 1804 711 1862 districte
726 1804 829 1863 ultioni
850 1806 951 1878 subja·
1008 1807 1104 1864 altari.
1122 1808 1153 1862 lu
1167 1806 1371 1862 Cameracensi
1388 1806 1572 1878 episcopatu,
1586 1803 1685 1860 attare
1699 1804 1739 1860 de
1757 1804 1834 1860 lilari-

123 1893 198 1947 ceet.
213 1890 330 1946 Cunctis
344 1896 446 1947 autem
462 1892 560 1948 eidem
573 1891 640 1949 loco
652 1895 736 1965 justa
750 1895 950 1961 servantibus,
1008 1897 1091 1968 gnies
1113 1913 1121 1963 ;
1138 1896 1239 1951 villam
1255 1896 1292 1951 de
1310 1897 1382 1951 lluoi
1410 1911 1479 1951 cum
1499 1893 1587 1951 altari
1602 1896 1633 1950 et
1648 1893 1834 1966 appendiciis

124 1978 164 2034 sit
185 1993 247 2050 pax
266 1979 383 2036 licmini
407 1981 499 2038 nostri
518 1983 586 2038 lesu
606 1982 721 2050 Christi,
751 1988 901 2056 quatenus
924 1988 954 2039 et
1008 1982 1712 2053 suis;villamdePiscanicumaltari,dimidiam
1724 1989 1834 2054 partem

122 2065 172 2125 hic
190 2066 320 2125 fructum
347 2069 435 2125 bone
461 2070 588 2127 actionis
613 2072 790 2144 percipiant,
818 2076 846 2128 et
870 2071 953 2143 apud
1008 2075 1144 2139 Persone,
1168 2074 1260 2130 altare
1279 2074 1316 2128 da
1341 2076 1435 2147 llyon,
1456 2072 1547 2129 altare
1571 2072 1611 2127 de
1629 2074 1732 2128 lleum
1753 2079 1836 2128 ctos·

123 2155 290 2213 districtum
295 2157 684 2230 judicempremiaeterue
694 2161 777 2233 pacis
786 2162 951 2219 inveniant.
1007 2164 1116 2237 pellam
1131 2164 1168 2219 de
1179 2163 1262 2234 Cipli,
1273 2161 1535 2218 villamdellrauia
1548 2160 1730 2226 cumeltari,
1740 2160 1835 2217 viltam

122 2247 229 2302 Amen.
1007 2251 1174 2311 monasterii
1192 2268 1261 2308 cum
1276 2250 1400 2308 ecclesia
1415 2256 1443 2307 et
1457 2250 1600 2307 omnibus
1610 2251 1652 2306 ad
1668 2266 1739 2306 mm
1756 2250 1836 2322 perti·

160 2336 222 2406 Ego
242 2336 915 2412 EugeniusCatholicaeEcclesieepiscopusss.
1007 2341 1156 2408 uentibus,
1172 2340 1272 2397 villam
1295 2343 1333 2397 de
1354 2343 1571 2397 ilerstruzcum
1591 2339 1718 2395 duobus
1747 2340 1835 2395 mani

161 2424 222 2494 Ego
242 2422 374 2480 Ubaldus
392 2424 491 2497 presb.
508 2425 589 2481 card.
606 2424 688 2483 lits.
703 2427 843 2484 Praxcdis
860 2444 899 2482 ss.
1006 2430 1096 2505 pulis,
1113 2431 1267 2486 dimidiam
1288 2435 1404 2502 partem
1423 2430 1548 2486 decime
1563 2428 1602 2485 de
1613 2428 1721 2501 albys,
1740 2428 1834 2485 villam

161 2512 221 2582 Ego
240 2510 374 2568 Albanus
389 2512 548 2585 episcopus
568 2530 607 2569 ss.
1007 2519 1046 2577 de
1069 2521 1185 2575 Sanctis
1204 2536 1272 2576 cum
1288 2520 1384 2585 alteri,
1409 2519 1508 2576 villam
1522 2517 1561 2575 de
1583 2519 1758 2588 vergenoul
1771 2533 1833 2574 cum

162 2600 223 2670 Ego
239 2600 420 2656 Octavianus
439 2599 516 2656 diac.
534 2603 615 2658 card.
630 2604 647 2659 S
667 2602 778 2660 Nicolai
794 2622 833 2660 ss.
1009 2607 1326 2679 altaritlcroldcngias
1338 2625 1406 2665 cum
1414 2608 1508 2674 altari,
1519 2607 1832 2678 Singuttivillamcum

163 2689 224 2758 ligo
238 2686 332 2743 lulius
347 2689 446 2760 presb.
461 2690 542 2745 card.
560 2692 587 2748 S.
607 2691 730 2748 tlarcelli
744 2709 783 2748 ss.
1008 2700 1106 2765 altari,
1122 2699 1225 2755 villam
1240 2699 1469 2769 deTisengbien,
1481 2701 1510 2753 et
1522 2696 1663 2754 alterode
1677 2699 1830 2759 uortesets.

162 2777 224 2847 Ego
238 2774 391 2834 Rolandus
406 2775 484 2833 diac.
498 2778 579 2835 card.
602 2780 778 2838 Sanctorum
797 2785 912 2840 cosme
926 2789 955 2840 et
1009 2791 1101 2847 attare
1111 2790 1149 2846 de
1161 2793 1293 2859 cotegna
1312 2805 1382 2846 cum
1396 2787 1539 2845 omuibus
1558 2787 1756 2860 appendiciis
1767 2787 1830 2853 suis,

125 2861 314 2921 nimitum·
1008 2879 1110 2936 villam
1126 2894 1248 2953 quoque
1262 2878 1299 2934 de
1316 2881 1418 2935 Lerna.

45 2974 53 2991 .
164 2955 225 3026 Ego
243 2952 392 3012 londanus
411 2956 511 3028 presb.
532 2957 614 3015 card.
636 2959 882 3018 tit.SSusanue.
975 2997 996 3054 C
1046 2973 1117 3024 item
1137 2968 1167 3023 in
1188 2968 1393 3025 cameracensi
1412 2968 1598 3040 episcopatu,
1620 2966 1781 3024 ecclesiam
1799 2965 1830 3023 dc

165 3044 273 3099 Datum
293 3043 448 3110 Ferentini,
468 3060 521 3118 per
539 3061 663 3103 manum
690 3049 814 3106 Bosouis
845 3056 955 3109 sancte
1009 3061 1105 3115 Autcn
1125 3073 1194 3113 cum
1213 3057 1355 3113 omuibus
1370 3056 1555 3130 appendiciis
1580 3057 1654 3120 suis,
1677 3055 1782 3112 villam
1798 3056 1831 3110 ds

127 3131 271 3188 ROffltlssffi
291 3132 427 3190 Ecclesiffi
451 3135 613 3208 scriptoris,
639 3153 667 3194 vv
686 3138 811 3197 llaleud.
837 3143 956 3198 liccem-
1010 3147 1070 3205 Lob
1096 3163 1165 3204 cum
1187 3145 1311 3202 ecclesia
1337 3148 1415 3203 Beati
1437 3146 1565 3204 Ursmsri
1583 3150 1612 3201 et
1629 3146 1778 3202 omnibus
1800 3144 1833 3201 sd

12 3236 25 3261 ·
127 3218 203 3290 liris,
218 3219 379 3278 indictione
394 3239 453 3288 xiv,
468 3222 684 3283 incarnationis
699 3228 859 3286 Dovuinice
874 3246 955 3287 anuo
1009 3251 1077 3294 eam
1093 3234 1309 3308 pertinentibus
1326 3236 1376 3300 ;in
1387 3234 1497 3305 quibus
1507 3232 1640 3290 ecclesiis
1652 3233 1834 3291 videtiostds

132 3312 212 3376 ttbo,
231 3309 422 3382 pontificatus
448 3312 643 3371 verodomni
670 3317 792 3388 Eugeuii
812 3333 899 3392 pape
919 3319 955 3376 ill
1009 3328 1107 3382 buton
1129 3329 1158 3380 et
1177 3326 1207 3380 Β.
1227 3325 1368 3388 cremari,
1396 3325 1472 3380 sicut
1503 3322 1679 3378 dominium
1703 3322 1833 3379 omnium

130 3412 212 3456 anuo
228 3413 270 3458 vl·
1009 3413 1252 3486 prebendarum,
1273 3413 1415 3478 decanias,
1445 3410 1599 3476 custodie,
1622 3413 1651 3466 et
1671 3411 1784 3468 schole
1801 3409 1832 3467 ed

498 3493 599 3549 cavit.
1009 3501 1151 3557 abbatem
1166 3500 1313 3574 pertinere
1322 3501 1516 3571 dignoscitur,
1528 3500 1833 3571 sicetpossessiousm

128 3584 954 3672 PossessionetabbaliaeLobt'enst‘s,ordinitSBenedt'ctt’,
1009 3589 1834 3664 omniumlaminparochiis,qttttminrebusttliisadeas·

164 3657 326 3716 tndsoecess
343 3661 496 3743 Leodsensi
509 3672 638 3721 recenset
658 3667 782 3738 ejusque
795 3668 955 3739 privitepic
1011 3679 1080 3735 dem
1099 3679 1279 3752 prebendas
1291 3680 1503 3752 pertinentium
1514 3679 1710 3751 dispositioni
1727 3677 1834 3735 abbatis

167 3729 325 3798 mmm
338 3736 365 3787 ⁶²
383 3734 521 3801 “mmm
1011 3768 1286 3825 seumonachorum
1296 3768 1835 3840 ordinationiiupcrpetuumsubiace·

379 3832 465 3885 A¹¹¹¹⁰
484 3834 562 3896 ¹¹5⁰,
582 3833 648 3889 ⁰⁰⁰·
669 3835 708 3905 Ἃ)
1011 3857 1834 3931 sesicutabautiquotnstttutumetuactenussersstuu

309 3921 413 3996 [ΜΜΙ
433 3925 507 3997 Opp.
523 3929 610 3999 diple
628 3931 661 3996 ΙΙ,
678 3932 766 4003 11694
1013 3951 1057 4005 cst
1076 3947 1302 4004 confirmamus.
1330 3948 1498 4020 apostolica
1522 3962 1645 4022 quoque
1665 3945 1835 4004 auctoritate

167 4021 305 4077 nocemus
318 4021 830 4097 episcopus,servusservorumliei,
845 4032 958 4089 dilectis
1013 4036 1156 4104 decimas,
1175 4052 1280 4093 omnes
1293 4038 1322 4093 iu
1330 4037 1528 4095 dominicatas
1537 4037 1625 4093 totius
1641 4035 1776 4092 abbatie
1784 4039 1835 4091 tom

130 4107 200 4165 filiis
215 4109 354 4165 Fssncoru
369 4111 471 4168 abbati
481 4114 634 4171 lobiensis
648 4120 819 4175 monasterii
835 4120 958 4194 ejusque
1013 4127 1050 4182 de
1063 4125 1485 4200 ecclesiisbeneficiatisquam
1493 4134 1521 4183 et
1535 4129 1636 4183 vestro
1644 4125 1740 4182 victui
1753 4128 1836 4196 depu-

131 4195 646 4279 iratribustampresentibusquam
662 4207 778 4275 trituris,
790 4212 958 4282 regularem
1013 4216 1090 4280 tatis,
1107 4216 1182 4272 sicut
1195 4216 1339 4288 imperiali
1353 4216 1441 4272 vobis
1461 4215 1667 4273 munificentia
1681 4214 1773 4271 vobis
1786 4211 1837 4270 ccl·

131 4285 223 4345 sitam
239 4287 391 4360 protessis,
407 4289 436 4346 in
448 4299 636 4365 perpetuum.
657 4301 761 4354 Amen.
1012 4305 1105 4361 latum
1117 4310 1171 4371 est,
1186 4305 1410 4362 confirmamus.

168 4376 337 4434 Commissa
349 4378 699 4453 nobisepostoticesedis
713 4353 998 4447 bortaturaucto·D
1048 4394 1080 4449 lu
1101 4395 1279 4451 Toruaceusi
1299 4395 1472 4467 episcopatu
1488 4394 1580 4449 altare
1605 4392 1645 4448 de
1668 4394 1798 4461 arcella,
1815 4398 1836 4447 et

131 4463 207 4522 ritas
220 4464 334 4522 utlocis
349 4471 379 4524 et
390 4469 530 4542 personis
543 4473 635 4544 ipsius
649 4474 958 4536 auxiliumdevotiouo
1012 4482 1090 4539 duos
1103 4482 1274 4554 manipulos
1293 4483 1331 4539 de
1345 4483 1486 4548 Tvrroda
1505 4482 1596 4539 altare
1615 4481 1655 4537 de
1674 4484 1754 4540 llam
1777 4495 1837 4538 cum

132 4550 234 4610 debita
252 4553 493 4627 implorantibus,
511 4560 643 4619 tuitionis
656 4564 830 4634 presidium
841 4567 959 4639 impeu·
1012 4571 1199 4644 pertiuentiis
1216 4571 1291 4626 suis.

132 4639 958 4725 deredebeamus;quiasicutiujustnposceutibusnullus
1048 4663 1079 4716 ln
1099 4660 1288 4716 Noviomensi
1311 4661 1486 4732 episcopatu
1505 4659 1584 4715 duos
1604 4658 1785 4730 manipulos
1807 4657 1837 4713 dc

132 4734 179 4786 est
197 4729 513 4807 tribuenduseiiectus‚
528 4738 709 4812 italegitima
725 4746 752 4796 et
765 4743 959 4816 justapostu-
1014 4749 1095 4804 Colio
1114 4753 1142 4804 et
1160 4750 1189 4805 iu
1211 4748 1400 4805 Lauduueusi
1420 4750 1593 4822 episcopatu
1609 4747 1716 4805 viltam
1742 4750 1781 4805 de
1800 4751 1837 4804 Er·

131 4817 259 4876 lentium
267 4835 327 4877 non
338 4822 957 4901 estdifferandapetitio,presertimeorum
1015 4839 1113 4894 cicaro
1127 4853 1196 4893 cum
1209 4838 1293 4894 altari
1310 4843 1338 4895 et
1352 4838 1539 4910 appendiciis
1550 4836 1623 4892 suis.

132 4907 184 4982 qui
200 4924 269 4966 cum
284 4909 438 4969 honestate
451 4914 516 4971 vitre
532 4921 560 4972 et
574 4917 719 4975 laudabili
740 4937 858 4978 morum
876 4938 958 4980 com·
1051 4928 1127 4982 Saue
1147 4942 1271 4997 pravam
1292 4927 1410 4984 illorum
1430 4926 1682 4984 cousuetudinem
1702 4942 1777 4999 quse
1791 4924 1838 4981 sub

132 4996 280 5070 positione
295 5000 428 5069 gaudent
445 5005 643 5076 omnipotenti
659 5009 784 5065 Domino
799 5010 957 5080 deservire,
1014 5016 1135 5072 nomine
1147 5022 1327 5089 personatus
1337 5017 1476 5089 usquead
1484 5015 1840 5088 terupuspredccessoris

169 5087 341 5159 Eapropter,
362 5088 459 5147 dilecti
479 5090 510 5148 iu
524 5093 649 5150 Domino
664 5095 725 5163 tilii,
751 5100 855 5155 vestris
872 5101 959 5170 justis
1012 5107 1105 5162 nostri
1116 5106 1204 5162 boue
1217 5107 1370 5163 memorie
1386 5107 1437 5162 ΡΡ.
1452 5106 1561 5164 Urbani
1571 5106 1593 5160 ll
1605 5105 1839 5162 extraordinaris

131 5174 385 5248 postulationibus
399 5177 559 5238 clementer
573 5185 744 5252 annuimus,
759 5191 787 5243 et
802 5188 957 5260 prelatum
1012 5194 1185 5261 inoleverat,
1202 5195 1427 5252 submovemus.
1446 5195 1588 5251 lielencto
1603 5200 1707 5250 evitem
1723 5197 1840 5268 presby·

132 5265 349 5364 monasterium
365 5267 394 5323 iu
409 5285 470 5341 quo
489 5269 592 5329 divino
607 5275 771 5347 mancipati
791 5280 860 5333 estis
874 5279 960 5336 obse·
1013 5286 1075 5338 tero
1090 5284 1141 5348 oui
1161 5284 1248 5340 alicui
1264 5286 1350 5339 attari
1363 5283 1617 5350 serviebat,alium
1632 5284 1783 5342 idoneum
1796 5298 1840 5358 pes

132 5367 215 5423 quio,
241 5355 280 5454 ad
311 5359 465 5431 exemplar
491 5362 721 5434 predecessoris
749 5369 842 5424 nostri
864 5367 958 5426 felicis
1014 5388 1137 5432 manum
1154 5373 1272 5429 abbatis
1287 5375 1429 5446 episcopo
1448 5374 1621 5446 presentari
1638 5376 1839 5447 precipimus,

132 5452 384 5520 memorrepepe
399 5447 636 5526 Innocentii,sub
650 5453 729 5514 beati
739 5455 814 5514 Petri
823 5461 959 5519 etnostra
1013 5462 1067 5535 qui
1076 5461 1220 5531 videlicet,
1227 5467 1256 5523 et
1269 5478 1373 5524 curam
1383 5463 1535 5539 parochie
1542 5463 1581 5523 ab
1592 5478 1706 5523 cocum
1716 5478 1842 5525 essemu
