3728 6000
106 291 162 348 dli
427 293 635 352 utsrtttnuto
659 294 797 351 ALTERA
816 294 1002 352 ADVERSUS
1021 294 1252 353 lausannen.
1271 327 1308 337 —
1325 296 1389 352 ΗΒ.
1409 295 1457 351 lll.
1716 296 1768 352 318

104 414 177 487 Quis
193 416 377 492 Augustinus,
396 419 458 491 quis
473 419 632 491 Gregorius,
645 419 686 476 vel
703 419 802 491 aliquis
821 420 913 477 talium
928 421 957 481 A
970 421 1031 476 coeli
1047 429 1075 476 et
1090 428 1167 476 terrae
1178 436 1185 485 ;
1195 428 1221 476 et
1236 419 1298 476 ideo
1313 421 1405 492 major
1415 424 1459 476 est
1470 419 1596 477 voluntas
1610 418 1669 485 Dei,
1686 434 1769 491 quarn

104 505 133 560 in
167 506 268 562 horum
297 507 427 564 ruderum
455 507 620 564 horrendam
657 509 859 580 spissitudinem
888 518 914 566 te
969 509 1066 564 unium
1081 518 1108 565 et
1122 518 1204 564 terra.
1222 509 1274 578 Qui
1287 517 1377 564 autem
1392 508 1583 578 dicit:Quara
1595 507 1681 564 voluit
1695 508 1767 564 Deus

105 594 641 665 projicittNulluseorurnhocrlicere
660 599 914 654 aususiuit2Deus
968 598 1059 655 lucere
1086 599 1184 655 coelum
1218 607 1244 653 et
1269 607 1378 661 terram,
1409 598 1499 667 majus
1534 597 1636 667 aliquid
1671 596 1767 668 quaerit

103 698 160 739 non
177 692 269 754 potest
286 685 385 753 tacere,
402 685 455 741 nisi
470 686 541 758 quod
563 686 640 742 facit.
655 686 682 741 Si
699 688 750 743 boc
765 689 844 744 etiarn
864 704 913 744 ve·
968 703 1048 758 quarn
1063 695 1104 741 est
1120 687 1248 743 voluntas
1261 686 1321 742 Dei.
1338 686 1415 742 Nihil
1429 695 1519 741 autem
1549 685 1637 754 majus
1651 681 1769 739 inveniri

104 786 170 826 rum
187 778 272 839 esset,
289 773 387 828 melius
402 782 458 830 erat
473 783 502 830 ut
512 782 657 842 taceretur,
674 791 754 845 quam
769 777 911 844 diceretur,
967 784 1067 848 potest.
1085 776 1249 848 compescat
1265 791 1330 847 ergo
1347 792 1375 831 se
1392 775 1510 830 bumana
1535 773 1683 842 temeritas,
1698 775 1726 827 et
1739 770 1767 826 id

107 859 214 915 nedum
230 861 411 919 scriberetur.
967 864 1040 932 quod
1056 879 1109 920 non
1125 874 1175 930 est,
1192 880 1247 919 non
1264 871 1382 936 quaerat,
1398 879 1432 918 ne
1459 863 1486 918 id
1502 863 1573 934 quod
1590 869 1637 930 ast,
1652 876 1706 918 non
1721 859 1766 915 in·

142 948 201 1004 Sed
212 949 285 1019 jam,
300 967 380 1023 quern
406 952 487 1008 dante
510 953 569 1009 Deo
585 954 672 1019 video,
689 955 777 1011 nodus
793 957 913 1012 enodan-
967 954 1066 1008 veniat.
1086 953 1138 1023 Qui
1168 968 1236 1025 ergo
1260 954 1428 1008 voluntatem
1442 951 1492 1008 uei
1520 967 1604 1007 nosse
1618 948 1767 1018 desiderat,

108 1035 160 1091 dus
175 1046 232 1093 est.
250 1038 366 1095 Diverso
381 1041 463 1096 ruodo
477 1043 578 1113 agitate
594 1044 734 1100 voluntate
749 1045 797 1100 Dei
811 1063 817 1107 ;
831 1045 912 1101 modo
966 1042 1069 1097 amicus
1083 1042 1142 1097 Deo
1157 1040 1212 1097 fiat.
1231 1063 1243 1094 s

106 1126 262 1182 secundum
276 1127 304 1182 id
320 1129 392 1200 quod
407 1139 448 1185 est
460 1147 467 1194 ;
480 1131 561 1187 modo
575 1133 820 1206 secundumidquo
832 1150 862 1188 se
877 1133 912 1189 ad
1001 1131 1077 1200 llaec,
1094 1139 1122 1186 ιιι
1137 1131 1266 1197 arbitror,
1282 1131 1420 1187 mirabitis
1447 1130 1493 1186 ille
1506 1128 1685 1201 philosophus
1711 1141 1768 1185 non

107 1229 155 1269 res
190 1215 316 1271 conditas
349 1217 440 1283 babet,
458 1217 487 1273 id
517 1227 568 1286 est,
584 1221 729 1292 aliquando
762 1223 911 1278 secundum
965 1217 1080 1291 legerat.
1113 1219 1141 1275 Si
1161 1220 1233 1275 euim
1254 1221 1312 1276 baec
1340 1219 1462 1291 legisset,
1478 1218 1580 1274 sentire
1594 1233 1648 1273 non
1678 1216 1767 1272 audeo

105 1303 265 1371 essentiam,
295 1304 445 1375 aliquando
474 1308 622 1364 seeundum
650 1312 794 1380 actionem,
813 1313 910 1378 idest,
966 1308 1152 1378 quodpostea
1178 1307 1253 1374 talia,
1270 1316 1324 1362 tarn
1341 1323 1423 1373 nova,
1440 1314 1495 1361 tam
1525 1306 1767 1362 noxiadncuisset.

101 1408 198 1448 rerum
227 1394 635 1454 conditionemtconditione
663 1400 734 1454 enirn
752 1417 842 1456 rerum
857 1418 912 1457 coe·
965 1397 1035 1453 Dicit
1050 1396 1121 1451 enim
1137 1397 1209 1468 quod
1225 1397 1251 1450 in
1268 1396 1397 1452 iaciendis
1409 1396 1450 1451 vel
1465 1395 1635 1451 dimittendis
1645 1394 1765 1450 rationa-

102 1488 206 1552 parunt
232 1489 260 1537 et
287 1485 375 1552 spatia
402 1484 533 1552 locomm,
564 1494 590 1541 et
620 1503 715 1544 cursus
747 1498 908 1560 temporum.
965 1484 1496 1554 bilembabeatDeuacausam,curab
1516 1500 1548 1539 eo
1572 1481 1766 1550 frantveldi·

102 1569 205 1624 blansit
220 1569 305 1642 igitur
328 1572 563 1630 incommutabilis
578 1576 606 1630 in
629 1593 659 1632 se
673 1577 735 1632 dum
758 1587 910 1633 eommuta-
965 1574 1115 1629 mittantur.
1132 1574 1196 1641 Sed,
1213 1574 1364 1648 Augustino
1392 1580 1470 1637 teste,
1499 1572 1566 1627 ratio
1593 1568 1764 1638 contradicit,

100 1657 171 1713 bilia
188 1657 292 1714 iaceret
304 1678 312 1726 ;
325 1669 417 1716 manet
432 1678 542 1733 semper
554 1665 798 1736 incommutabilis,
810 1680 910 1738 regens
965 1671 989 1717 et
1005 1663 1080 1725 dicit,
1097 1662 1159 1732 quia
1184 1663 1211 1716 in
1240 1662 1323 1718 rebus
1337 1661 1453 1734 agendis
1468 1661 1511 1717 vel
1533 1658 1700 1715 dimittendis
1712 1673 1764 1716 ro-

100 1754 128 1801 et
137 1745 246 1803 taciens
255 1747 394 1804 universa.
405 1751 466 1806 Non
477 1752 502 1806 ei
520 1751 624 1825 aliquid
638 1754 702 1810 novi
713 1756 819 1824 accidit,
837 1771 903 1826 quo·
921 1777 947 1838 Β
964 1750 1064 1806 luntate
1080 1751 1129 1806 Dei
1154 1751 1229 1807 nulla
1243 1766 1328 1807 eausa
1354 1750 1484 1823 superior
1497 1750 1552 1813 sit;
1572 1756 1598 1805 et
1627 1755 1697 1804 elffii
1718 1745 1767 1820 qul

103 1835 180 1890 niam
196 1851 251 1891 non
264 1852 296 1892 ea
311 1837 375 1909 quia
402 1848 474 1907 aunt,
487 1842 580 1904 norit;
596 1843 643 1898 sed
672 1845 734 1900 ideo
758 1852 828 1912 sunt,
844 1845 908 1917 qnia
962 1840 1130 1910 superiorem
1144 1839 1248 1909 quaerit.
1265 1840 1364 1895 Potens
1383 1839 1524 1913 igiturest
1538 1838 1610 1893 Deus
1630 1836 1766 1893 derebus

102 1923 183 1979 norit
196 1938 204 1992 ;
219 1940 271 1980 nec
284 1941 325 1991 se,
342 1926 407 1998 quia
422 1927 514 1984 lumen
530 1930 797 2004 {incircumscriptum
811 1942 864 1999 est,
881 1933 908 1988 in
962 1927 1045 1982 multa
1059 1928 1159 1994 latete·
1172 1944 1232 1997 t1¹¹ae
1246 1942 1299 1982 ¹¹0ss
1323 1926 1398 1984 faill-
1415 1928 1473 1983 Νθθ
1489 1927 1603 1997 θθῦθβῑῑι
1620 1939 1671 1982 ¹¹⁸0
1691 1922 1767 1981 ⁸⁰⁶l·

101 2021 235 2068 creatura
263 2029 314 2069 sua
342 2014 483 2073 conclusit.
498 2020 529 2073 ln
560 2020 627 2075 Filio
654 2021 754 2093 quippe
774 2029 909 2079 suetotus

103 2101 271 2157 naturaliter
298 2103 369 2159 inest
384 2123 391 2171 ;
408 2105 472 2175 quia
499 2123 551 2161 uon
566 2125 627 2164 eum
656 2110 729 2177 iecit,
753 2111 804 2166 ssd
833 2128 866 2166 ex
881 2128 910 2168 se

102 2191 207 2262 genuit
221 2192 398 2248 aeternaliter.
417 2215 428 2245 ι
446 2194 489 2249 Ex
504 2203 590 2264 utero,
606 2197 702 2269 inquit,
720 2208 784 2255 ante
799 2200 910 2256 lucile-

104 2295 168 2334 rum
180 2282 268 2352 genui
282 2288 308 2336 te
321 2284 413 2351 (Psoi.
428 2285 494 2355 cix),
512 2312 523 2333 ι
540 2285 567 2339 iu
582 2294 632 2352 est,
649 2303 683 2342 ex
700 2304 760 2343 mee
781 2289 910 2344 substan·

100 2367 142 2423 tia
167 2376 233 2423 aute
258 2369 375 2437 initium,
392 2372 445 2428 boc
472 2384 514 2428 est
538 2374 595 2429 sine
630 2375 716 2432 initio.
732 2378 763 2431 ln
789 2387 912 2433 creatura

102 2471 172 2511 vero
187 2472 236 2512 aua
252 2473 306 2513 non
320 2459 410 2529 inest;
425 2461 558 2532 quianon
574 2480 633 2519 earn
647 2465 682 2521 de
696 2481 725 2521 se
740 2467 845 2538 genuit,
861 2465 911 2523 sed

103 2559 167 2600 eam
183 2544 220 2600 de
235 2546 320 2603 nihilo
344 2548 416 2604 lecit.
432 2551 517 2606 Extra
544 2569 607 2607 eum
636 2553 719 2625 igitur
731 2564 792 2610 sunt
820 2555 913 2611 omnia

105 2632 272 2705 qnaeleci13
289 2636 353 2708 quia
379 2637 443 2695 ticet
470 2656 503 2696 ex
518 2641 588 2712 ipso,
603 2651 629 2698 et
643 2659 693 2713 per
716 2644 815 2713 ipsum,
832 2652 858 2700 et
884 2644 912 2699 in

963 2016 1002 2087 pit
1015 2017 1088 2072 Deus
1102 2032 1118 2071 a
1130 2016 1215 2071 rebus
1241 2030 1363 2084 causam,
1381 2015 1490 2086 quando
1506 2015 1548 2069 vel
1563 2011 1700 2086 quomado
1725 2011 1766 2067 ta·

963 2111 1046 2171 cerat,
1062 2105 1109 2159 vel
1123 2103 1290 2175 disponeret,
1305 2103 1348 2159 vel
1363 2119 1410 2160 eas
1424 2102 1615 2176 gubernaret3
1632 2101 1695 2172 quia
1706 2099 1766 2171 ipse

964 2201 1093 2249 esteansa
1108 2193 1243 2258 omnium,
1260 2191 1361 2258 utsint,
1376 2200 1402 2247 et
1427 2191 1455 2246 in
1470 2208 1501 2247 se
1522 2191 1605 2246 habet
1623 2189 1764 2246 scientiam

965 2290 992 2340 et
1019 2281 1176 2354 potentiam,
1207 2281 1321 2352 qualiter
1347 2281 1440 2337 omnia
1466 2280 1593 2335 ordinata
1617 2278 1682 2333 sint.
1702 2279 1765 2348 lpse

965 2387 1085 2441 namque
1095 2378 1137 2426 est
1150 2379 1177 2426 et
1205 2369 1325 2436 Creator,
1343 2377 1370 2425 et
1384 2369 1561 2440 guberuator,
1576 2376 1602 2423 et
1629 2364 1769 2422 ordinator

965 2460 1096 2525 omniurn,
1113 2474 1167 2514 non
1197 2458 1286 2514 sotum
1309 2457 1452 2528 bonorum,
1469 2473 1530 2529 quaa
1555 2455 1645 2511 omnis
1660 2454 1696 2510 ab
1719 2452 1767 2510 illo

966 2555 1040 2614 sunt,
1056 2548 1105 2604 sed
1122 2547 1305 2615 etmalorum,
1322 2562 1383 2618 quae
1396 2545 1511 2602 omnino
1526 2544 1560 2598 ab
1575 2543 1623 2599 illo
1637 2558 1692 2597 non
1705 2547 1769 2597 sunt

967 2644 994 2693 et
1007 2636 1069 2693 ideo
1084 2653 1135 2693 nec
1146 2652 1210 2692 vere
1225 2644 1302 2699 sunt;
1319 2635 1446 2707 quianon
1461 2649 1517 2702 res,
1533 2632 1580 2688 sed
1599 2647 1693 2687 rerum
1707 2628 1766 2702 pri-

103 2721 169 2792 ipso
184 2721 250 2792 sint,
267 2723 325 2796 ipse
353 2734 443 2783 tamen
474 2736 515 2783 est
530 2732 729 2800 superomnia,
745 2742 772 2787 ct
786 2747 840 2789 non
868 2733 912 2786 in·
967 2727 1091 2781 vationes
1107 2743 1114 2790 ;
1130 2726 1175 2780 vel
1188 2725 1211 2779 si
1227 2723 1324 2779 melius
1347 2722 1456 2790 dicitur,
1473 2720 1664 2793 corruptiones
1679 2724 1766 2786 sunt;

101 2809 226 2866 cluditur
253 2811 282 2867 in
304 2813 397 2884 aliqua
424 2826 560 2884 creatura,
576 2818 638 2876 licet
664 2821 797 2877 inhabitet
810 2820 837 2875 in
851 2837 912 2876 san·
967 2823 992 2870 et
1008 2825 1070 2868 sunt
1085 2813 1112 2869 in
1131 2820 1226 2868 natura
1241 2829 1273 2867 ex
1288 2819 1393 2868 ustura.
1408 2810 1489 2867 Nulla
1502 2809 1575 2867 enim
1601 2807 1671 2864 mala
1694 2814 1767 2877 sunt,

103 2897 158 2953 ctis
187 2899 306 2972 angelis,
322 2910 349 2957 et
371 2903 398 2958 in
427 2904 604 2975 electissuis,
620 2924 674 2963 non
703 2926 750 2981 per
778 2919 913 2980 ῃιιωηιῃ,
967 2901 1020 2957 nisi
1035 2902 1062 2956 in
1076 2901 1166 2968 bonis,
1183 2901 1307 2974 quamvis
1334 2900 1572 2956 multahooasint
1588 2897 1646 2953 sino
1675 2892 1765 2951 malis.

100 2987 153 3043 sed
173 3003 224 3058 per
241 2989 373 3060 gratiam.
399 2996 565 3067 Augustinus
579 2996 615 3051 ad
639 2997 795 3054 Dardanum
820 2999 912 3070 (epist.
968 2991 1008 3046 De
1023 2990 1120 3046 lallbtlss
1133 3006 1186 3046 110⁰
1214 2990 1348 3057 dubllfflls
1365 2988 1411 3061 ‘lul
1424 2987 1522 3042 Summi
1541 2985 1627 3042 ⁰⁰⁸¹ll
1642 2984 1767 3057 didm·

104 3077 155 3143 57)
172 3093 180 3131 ς
199 3099 210 3124 ι
229 3078 301 3134 Deus
319 3097 386 3152 ergo
413 3082 702 3155 ubiquepraesenger
725 3088 825 3161 ubique
843 3097 915 3144 [010⁸
969 3079 1046 3148 toris,
1061 3078 1201 3152 Augustini
1231 3079 1301 3145 dico,
1320 3077 1410 3133 verbis
1437 3075 1576 3133 exercitati
1604 3075 1669 3131 sint.
1700 3071 1767 3144 Qun

103 3180 233 3236 praesens
260 3174 312 3237 est,
327 3184 379 3225 nec
408 3178 498 3227 tamen
527 3174 628 3245 ubique
656 3175 794 3242 habitans,
816 3177 864 3232 sed
888 3132 1033 3239 inequia
1061 3168 1147 3223 multa
1168 3173 1230 3222 sunt
1258 3166 1320 3222 buic
1348 3164 1490 3221 assertioni
1518 3163 1599 3218 iidem
1631 3160 1767 3227 facientia,

100 3254 287 3325 templosuo,
312 3259 357 3312 eui
375 3261 555 3331 pergratiam
577 3263 761 3335 benignusne
783 3266 917 3336 propitius
967 3257 1054 3330 gratia
1069 3256 1208 3313 brevitatis
1234 3263 1377 3326 praetereo.
1393 3253 1435 3308 Ad
1465 3255 1619 3309 hocautem
1641 3250 1695 3307 boc
1710 3257 1766 3307 toto

101 3349 183 3399 ast·
216 3345 252 3399 ur
279 3344 368 3401 inira:
393 3350 488 3406 uideo
515 3350 588 3406 enirn
615 3353 714 3424 ubique
732 3369 792 3410 esse
806 3355 914 3423 dicitnr,
970 3345 1064 3401 labore
1092 3343 1248 3409 desudatur,
1277 3350 1305 3397 nt
1333 3341 1466 3397 veraciter
1499 3338 1669 3409 ostendatur,
1697 3336 1771 3410 quod

101 3430 169 3503 qnia
183 3432 250 3487 nulli
262 3434 331 3504 parti
354 3451 448 3492 rerum
476 3439 576 3495 absens
596 3448 647 3495 est.
673 3442 738 3497 ldeo
752 3450 835 3507 totus,
853 3444 917 3513 qnia
969 3435 1093 3491 voluntas
1113 3433 1175 3498 Dei,
1189 3430 1232 3489 vel
1248 3431 1309 3503 ejus
1333 3429 1463 3502 potentia,
1478 3429 1533 3503 legi
1547 3435 1678 3483 creaturae
1700 3441 1769 3498 sup·

105 3533 166 3574 non
182 3521 255 3591 parti
271 3539 361 3578 rerum
386 3535 494 3596 partem
523 3544 600 3584 suern
614 3539 774 3600 praesentem
798 3532 914 3601 praebet,
969 3523 1064 3595 posita,
1082 3521 1126 3577 rel
1141 3522 1167 3576 in
1183 3536 1216 3576 ea
1230 3520 1335 3576 inclusa
1349 3534 1404 3573 non
1418 3518 1469 3572 sit:
1482 3527 1509 3572 et
1522 3516 1584 3572 ideo
1600 3515 1721 3571 Deuade
1735 3529 1770 3571 ea

104 3615 133 3661 et
148 3607 229 3663 atteri
254 3611 325 3680 parti
340 3611 454 3669 alteram
480 3623 585 3686 partem
610 3618 730 3687 equales
756 3620 916 3690 aequalibus,
970 3613 1055 3668 multa
1069 3617 1160 3683 potest
1173 3609 1274 3675 iacere,
1290 3624 1351 3680 quae
1366 3623 1421 3664 noo
1436 3606 1510 3662 lacit.
1526 3604 1653 3661 lientitur
1674 3602 1768 3677 igitur,

104 3695 207 3752 minori
237 3713 305 3754 vero
335 3702 479 3768 minorem,
493 3705 586 3773 majori
615 3706 759 3776 majorem.
780 3706 834 3762 Sed
861 3722 916 3763 non
970 3702 1017 3773 qni
1032 3698 1183 3766 haecdicit,
1199 3698 1343 3770 quodnon
1366 3695 1461 3768 possit.
1476 3696 1543 3752 Cum
1559 3709 1627 3766 ergo
1648 3691 1769 3749 dicitur:

106 3784 199 3840 solum
216 3786 386 3844 universitati
415 3800 609 3861 creaturarum,
624 3811 717 3850 rerum
733 3795 814 3851 etiam
838 3795 916 3851 cuili-
970 3787 1021 3844 Dei
1038 3788 1163 3843 voluntas
1178 3786 1222 3843 rel
1248 3794 1370 3859 potestas
1384 3784 1476 3856 augeri
1493 3782 1537 3839 rel
1551 3781 1636 3838 minui
1650 3796 1705 3838 non
1717 3794 1772 3853 po-

103 3872 151 3929 bet
167 3873 241 3944 parti
255 3877 319 3946 ejus
335 3885 406 3934 totus
430 3881 517 3937 adest.
535 3905 547 3930 s
566 3883 599 3939 Ut
613 3882 695 3956 igitur
710 3884 800 3957 magni
823 3885 916 3941 docto·
970 3885 1021 3933 test
1041 3892 1048 3945 ;
1065 3892 1158 3932 rernm
1176 3874 1248 3943 dicit,
1259 3874 1324 3946 quia
1342 3873 1492 3930 secundum
1505 3869 1769 3938 essentinmdicitur,

105 3962 142 4017 ris
158 3963 242 4034 bajus
257 3966 360 4036 probat
372 3970 496 4036 assertio,
513 3971 585 4026 Deus
602 3989 724 4043 presens
744 3982 786 4028 est
803 3975 914 4029 unirer·
969 3980 1029 4035 quae
1045 3965 1245 4034 Deusest,quae
1261 3960 1356 4034 augeri
1375 3960 1419 4017 vel
1437 3958 1534 4015 mutari
1548 3973 1603 4014 nnn
1623 3956 1769 4030 potest.Et

103 4052 179 4106 citati
194 4067 298 4124 rerum,
313 4070 366 4111 nec
380 4059 557 4115 concluditur
574 4060 615 4116 rel
644 4062 670 4115 in
686 4062 915 4132 parte‘universi-
968 4069 1028 4109 cum
1043 4053 1145 4109 dicllffl·
1162 4071 1168 4107 ἱ
1186 4052 1258 4106 Deus
1272 4050 1374 4106 mlum
1389 4049 1480 4105 facere
1495 4062 1548 4104 ¹¹⁰n
1563 4054 1661 4119 potest,
1673 4060 1769 4101 V⁰fl¹ffl

104 4140 169 4195 tatis
197 4156 301 4209 rernm,
317 4144 362 4200 vel
391 4146 419 4200 in
444 4148 633 4205 universitate.
652 4150 740 4221 biajor
761 4167 828 4224 ergo
860 4168 914 4207 non
968 4142 1073 4207 dieitur,
1090 4141 1152 4211 quia
1181 4139 1282 4195 rnatum
1307 4138 1521 4194 ninitest:n0n
1548 4135 1623 4191 enim
1650 4133 1769 4203 resset

104 4229 190 4296 mole,
206 4232 254 4286 sed
271 4234 404 4303 putentia,
421 4235 470 4291 sed
493 4238 639 4309 sapientia,
655 4240 702 4294 sed
720 4239 850 4307 bonitate,
865 4241 915 4296 sed
968 4230 1006 4287 rei
1032 4229 1169 4301 corruptio
1184 4237 1245 4293 est;
1261 4235 1289 4282 ot
1302 4227 1377 4282 Deus
1405 4225 1452 4297 qui
1472 4221 1702 4281 incommutabilis
1716 4227 1769 4291 est,

105 4318 273 4385 aeternitate,
288 4320 361 4376 Deus
376 4323 551 4381 universitate
575 4343 675 4382 rerum.
693 4328 808 4383 Excedit
832 4329 914 4399 igitur
965 4335 1020 4374 uon
1033 4320 1120 4374 bonus
1133 4333 1195 4374 esse
1216 4332 1271 4372 non
1286 4322 1384 4386 potest.
1397 4315 1431 4371 Et
1450 4314 1508 4371 baeo
1532 4312 1593 4383 ejus
1608 4309 1768 4382 impotentia

105 4413 134 4460 et
150 4406 280 4463 noluntas
305 4410 367 4480 ejus
383 4419 411 4467 et
434 4415 555 4484 potentia
583 4417 652 4484 eius,
668 4433 729 4486 quen
758 4416 825 4471 nihil
841 4416 913 4473 uliud
968 4408 1165 4480 omnipotentia
1178 4414 1231 4463 est.
1247 4409 1280 4461 nt
1294 4421 1356 4462 curn
1376 4402 1491 4459 dicitur:
1509 4402 1584 4457 Deus
1607 4415 1664 4455 non
1679 4405 1771 4470 potest

104 4502 170 4549 sunt
181 4510 261 4564 quarn
273 4499 394 4555 essentia
403 4500 473 4571 ejus,
485 4503 691 4560 universitatem
713 4521 817 4561 rerum.
832 4508 912 4562 lien-
927 4489 952 4549 D
967 4497 1073 4569 pluere,
1090 4495 1143 4550 nisi
1158 4495 1269 4569 quando
1299 4493 1377 4565 pluit,
1394 4491 1436 4548 vel
1453 4491 1487 4546 de
1516 4496 1648 4545 creatura
1663 4502 1713 4543 sua
1728 4486 1772 4541 ia·

105 4580 163 4639 dax
179 4592 222 4639 est
236 4583 329 4658 igitur,
345 4597 373 4644 et
387 4588 478 4655 fallax,
495 4592 541 4662 qui
557 4591 725 4649 voluntatem
737 4594 797 4660 Dei,
810 4595 852 4651 vel
867 4611 914 4665 po-

105 4678 235 4727 testatam
249 4673 323 4745 ejus,
340 4674 425 4733 idest
444 4679 541 4748 Deum,
558 4681 632 4737 intra
656 4691 809 4738 creaturam
826 4683 914 4740 inclu-

105 4757 146 4813 dit
162 4758 233 4816 siem
248 4761 294 4818 ilte
322 4763 399 4835 tacit,
411 4767 456 4838 qui
470 4769 537 4825 dicit
557 4771 644 4825 Deum
660 4771 694 4826 de
709 4780 838 4828 creatura
864 4786 915 4826 sua

104 4863 162 4904 non
192 4851 457 4920 possetacere,nisi
489 4859 561 4928 quod
594 4860 759 4922 tacit;cum
786 4861 913 4916 voluntas

103 4934 157 4992 Dei
171 4937 206 4991 sit
221 4947 284 4997 aute
300 4941 506 5001 universitatem
533 4964 637 5017 rerum,
653 4956 679 5004 et
699 4965 780 5004 causa
795 4949 830 5004 sit
846 4949 908 5004 uni-

108 5025 252 5081 versitatis
280 5045 379 5086 rerum.
395 5033 465 5089 lliuc
486 5035 558 5091 idem
587 5037 681 5093 doctor
705 5054 789 5108 super
812 5037 915 5093 Genesi

108 5120 208 5169 contra
237 5116 450 5176 llanicbaeoszu
479 5123 620 5192 Voluntas,
637 5126 732 5196 inquit,
752 5125 802 5181 Dei
831 5142 914 5182 causa

102 5221 146 5269 est
158 5212 283 5268 omnium
308 5232 368 5286 quae
391 5226 466 5276 sunt.
485 5220 599 5277 sienim
615 5223 700 5279 habet
724 5238 836 5279 causam
863 5240 913 5281 vo·

103 5304 198 5363 luntas
214 5306 279 5376 Dei,
295 5317 337 5365 cst
361 5312 463 5385 aliquid
491 5317 563 5388 quod
578 5319 721 5374 antecedat
749 5319 915 5376 voluntatem

102 5404 168 5473 Dei,
194 5405 272 5478 qnod
287 5407 364 5465 nolas
379 5417 421 5465 est
447 5414 567 5471 credere.
596 5415 727 5490 Quisquis
756 5434 824 5492 ergo
840 5418 905 5475 dicit

101 5518 191 5577 quare
205 5501 271 5561 fecit
287 5503 373 5561 Deum
387 5507 487 5565 caelum
502 5520 529 5567 et
559 5520 671 5581 terram,
689 5514 915 5586 respondendnm

102 5611 146 5660 est
174 5602 226 5670 itii,
242 5601 306 5676 quia
330 5603 424 5661 soluit.
440 5606 572 5669 Voluntas
600 5611 675 5670 enirn
704 5612 753 5670 Dei
777 5620 916 5673 causaest

967 4600 1039 4652 cere,
1053 4585 1106 4640 nisi
1130 4584 1203 4656 quod
1226 4583 1298 4648 facit,
1316 4580 1424 4637 fallacia
1437 4579 1561 4635 astNou
1580 4577 1651 4632 enim
1661 4573 1721 4647 jaris
1734 4574 1771 4631 ds

968 4674 1108 4729 voluntate
1123 4681 1169 4728 aut
1196 4675 1331 4742 potestate
1346 4668 1406 4737 Dei,
1422 4683 1455 4723 eo
1469 4666 1551 4722 modo
1573 4681 1626 4736 qno
1646 4662 1771 4735 superins

968 4770 1067 4842 agitur,
1077 4771 1103 4824 id
1113 4776 1153 4824 est
1171 4767 1341 4838 simpliciter,
1351 4764 1379 4819 id
1394 4770 1434 4820 est
1449 4762 1599 4818 secundum
1613 4760 1770 4829 essentiam,

969 4859 1041 4931 qnod
1055 4867 1098 4914 est
1109 4856 1258 4913 secundum
1274 4855 1301 4911 id
1316 4852 1390 4924 quad
1414 4860 1473 4916 est;
1489 4851 1539 4907 sed
1562 4850 1644 4906 etiam
1672 4865 1771 4908 secun·

968 4954 1033 5009 dnm
1056 4952 1239 5021 actionem,id
1264 4959 1305 5008 est
1333 4949 1483 5005 secundum
1518 4947 1644 5005 effectum
1667 4963 1769 5014 rernm,

969 5043 1043 5114 quud
1059 5050 1100 5099 est
1118 5042 1267 5098 secundum
1279 5042 1305 5094 id
1320 5039 1393 5112 quod
1405 5054 1435 5094 se
1453 5037 1533 5093 babet
1544 5038 1580 5093 ad
1596 5035 1771 5108 aliquid,hoe

969 5139 1019 5200 est,
1037 5133 1148 5188 Creator
1163 5130 1197 5186 ad
1225 5137 1392 5187 creaturam.
1411 5128 1522 5183 Creator
1535 5125 1608 5181 enim
1636 5133 1770 5182 creaturas

969 5230 1081 5284 Creator
1095 5236 1144 5294 est,
1162 5235 1189 5283 et
1205 5235 1329 5283 creatura
1343 5224 1478 5281 creatoris
1492 5231 1618 5281 creatura
1632 5229 1684 5279 est.

1004 5326 1040 5381 Et
1050 5326 1128 5382 aliter
1143 5323 1323 5395 intelligimus
1333 5330 1359 5377 et
1369 5320 1506 5394 loquimur
1520 5321 1556 5377 de
1571 5336 1611 5388 re,
1622 5317 1771 5376 secundum

969 5423 996 5480 id
1012 5422 1086 5495 quod
1100 5430 1143 5479 est
1157 5440 1165 5489 ;
1183 5421 1262 5479 aliter
1284 5419 1463 5492 intelligimus
1477 5433 1510 5475 aa
1526 5417 1666 5489 loquimur
1680 5416 1714 5473 de
1729 5433 1768 5487 ra,

968 5522 1119 5579 secundum
1140 5519 1168 5575 id
1178 5518 1252 5590 quod
1262 5536 1291 5575 se
1301 5518 1336 5575 ad
1350 5517 1423 5574 aliud
1433 5516 1526 5584 hebet,
1536 5515 1599 5575 licet
1613 5531 1659 5573 res
1673 5513 1770 5574 eadem

968 5611 1012 5668 sit.
1027 5610 1087 5668 linc
1100 5608 1146 5668 ille
1168 5607 1328 5666 amentatas
1341 5604 1512 5665 scudasimas
1535 5604 1771 5678 predicamento·
