3728 6000
83 219 158 282 ‘tas

505 218 629 278 nauum
647 216 852 276 canonican
870 194 1177 273 uimrnracnn'sa.
1194 243 1230 255 -
1243 188 1310 271 uia.
1333 208 1367 270 n.

1706 203 1760 274 rib

110 334 267 420 exemplum
292 348 364 403 intra
380 345 509 418 scriptum
534 352 583 400 est.
603 344 648 400 Sic
671 342 706 398 de
722 343 795 399 dono
818 341 906 398 eccle·
924 339 1164 407 Aeternarum
1177 339 1309 397 videlicet
1324 342 1435 397 ratium
1449 344 1484 398 ut
1496 343 1760 417 canonicipriasea·

113 441 215 496 siarum
242 438 366 493 Veterum
390 436 573 504 stamparum,
594 440 723 505 quantum
750 431 784 486 ad
806 431 909 503 regiam

112 536 270 602 potestatem
296 525 449 597 pertinebat
472 521 611 578 diffinitum
628 529 680 577 est.
704 520 836 576 Ceterum
858 519 910 574 ab·

111 619 162 673 bas
180 635 211 672 ex
229 616 306 673 bonis
320 614 490 670 successibus
503 611 621 667 audendi
637 609 741 679 maiora
754 624 832 680 spem
843 623 910 663 coo·

112 707 226 777 cipiens,
254 704 364 760 dnsello
389 702 526 758 mediante
554 698 613 772 regi
639 697 782 771 supplicat,
796 704 824 751 ut
851 696 910 766 ipse

114 797 304 852 Seuooensem
328 792 571 862 archiepiscopum,
588 791 615 843 in
641 786 720 857 cujus
740 784 852 842 dioeeesi
866 801 911 841 ee·

113 885 203 942 clesiae
231 883 284 939 illae
312 890 382 949 suot,
409 889 528 952 rogaret,
552 885 684 949 quatenus
711 876 910 946 eleemosynam

113 990 190 1030 suam
205 973 327 1028 laudaret
347 980 428 1045 atque
443 967 625 1027 confirmaret.
642 965 773 1021 Petilione
787 963 909 1031 laudata,

113 1063 242 1118 auxilium
264 1061 395 1130 promisit.
412 1068 439 1117 et
453 1067 482 1115 ut
504 1075 534 1113 se
550 1056 715 1112 Mileduoum
739 1060 908 1125 sequeretur,

112 1153 159 1207 ubi
174 1152 198 1207 ei
217 1151 442 1223 archiepiscopus
466 1146 637 1211 occurrebat,
653 1143 802 1199 admonuit.
817 1142 910 1214 Rege·

111 1236 159 1292 bat
191 1247 245 1291 tum
275 1237 458 1291 senonensem
482 1231 632 1288 Ecclesiam
663 1228 842 1291 Daimbertus,
868 1225 910 1280 vir

113 1343 194 1398 aeque
216 1325 315 1380 nobilis
338 1333 419 1397 atque
443 1321 561 1394 sapiens,
578 1320 626 1375 sed
650 1319 742 1390 quiin
766 1315 909 1371 dilectione

115 1415 197 1484 huius
223 1415 351 1470 Ecclesiae
375 1412 486 1467 minime
502 1426 552 1481 per
574 1408 665 1464 omnia
684 1406 909 1478 praedecessorem

111 1521 189 1560 suum
210 1503 364 1560 Rielrerium
382 1502 520 1556 bominem
544 1496 657 1569 placidae
671 1494 768 1550 mentis
792 1494 909 1549 imitare-

966 435 1008 486 tes
1018 445 1084 485 suas
1095 429 1222 502 quandiu
1235 429 1363 486 uicerint
1376 432 1407 485 in
1417 444 1485 497 pace
1501 436 1620 488 teneant
1634 433 1758 506 praeben·

964 517 1173 583 denuntiaris
1183 522 1292 573 remota
1307 519 1527 577 omnividentia
1538 521 1758 579 linuriniccensi

964 605 1055 662 abbati
1072 622 1119 663 eos
1132 608 1263 680 puirpere
1280 609 1475 664 consentiant.
1493 610 1558 666 Posi
1573 609 1681 668 obitum
1695 627 1759 668 uero

964 696 1152 768 amputarem,
1167 697 1288 766 sinputoe
1310 696 1466 768 prebenda
1489 703 1641 755 transeant
1665 702 1698 756 in
1707 701 1758 772 jus

964 791 992 843 et
1007 785 1164 842 dominium
1180 787 1416 843 btuuriniacensis
1429 788 1546 844 cibatu.
1563 790 1643 846 δαὶυο
1660 789 1758 846 tamea

960 875 1027 947 jure
1042 875 1213 933 senonensis
1229 875 1359 932 Ecclesia
1376 891 1427 948 per
1441 879 1548 942 omnia,
1561 895 1578 934 a
1591 878 1694 950 primis
1707 894 1759 951 per

965 964 1090 1020 inedium
1113 979 1200 1036 usque
1223 963 1260 1020 ad
1286 965 1400 1021 ultima.
1424 965 1501 1021 Dato
1521 965 1639 1024 Senonis
1662 984 1759 1025 mense

963 1053 1111 1118 ianuario,
1134 1053 1292 1109 indictione
1313 1071 1340 1117 v,
1364 1058 1503 1126 reparate
1532 1056 1669 1112 Ludaoico
1695 1073 1758 1130 repe

964 1158 1040 1199 anno
1061 1159 1097 1197 iv.
1122 1143 1298 1199 daimbertus
1322 1142 1549 1216 archiepiscopus
1576 1146 1754 1220 subscripsit.

964 1233 1095 1287 inscitus
1110 1230 1327 1288 arcbidiueunus
1341 1232 1516 1305 subscripsit.
1539 1234 1607 1290 tinto
1621 1235 1760 1293 arcisitio-

963 1336 1051 1376 cauus
1065 1321 1243 1392 subscripsit.
1270 1321 1427 1378 tetbaudus
1447 1323 1665 1380 archidiaconus
1690 1325 1757 1382 sub·

962 1411 1089 1480 scripsit.
1108 1410 1243 1466 Girardas
1258 1411 1475 1468 archidiaconus
1488 1413 1665 1486 subscripsit.
1684 1414 1757 1470 Bur·

962 1499 1085 1555 eirardus
1099 1498 1318 1556 orciridioconus
1339 1500 1517 1574 subscripsit.
1536 1501 1672 1559 Girardus
1685 1517 1756 1560 can-

112 1603 155 1650 tur
168 1594 250 1666 Regis
265 1593 391 1663 precibus
406 1590 515 1651 auditis,
532 1585 744 1658 primoquidem
759 1585 909 1638 vehernen·
963 1588 1099 1644 cellarius
1113 1591 1238 1662 scripsit.

110 1684 215 1738 tissime
236 1683 317 1752 cmpit
341 1681 438 1735 obniti.
459 1678 612 1733 Monachus
635 1675 803 1745 impetuosos
827 1681 949 1759 atqueB
1000 1675 1031 1730 Et
1057 1677 1158 1732 donum
1187 1677 1296 1749 quidem
1324 1679 1441 1752 regiset
1467 1695 1596 1736 assensus
1624 1679 1757 1753 pontificis

12 1840 17 1859 Ι
109 1772 227 1827 rebelles
243 1770 378 1841 episcopis
401 1771 531 1832 existere,
547 1763 772 1836 conquerebatur.
788 1760 907 1816 Tandem
964 1765 1052 1820 taliter
1072 1766 1186 1823 habeut.
1203 1764 1307 1836 Quibus
1321 1768 1356 1823 ita
1372 1785 1501 1840 prospere
1515 1771 1611 1842 gestis,
1631 1770 1715 1825 abbas
1729 1780 1757 1826 ut

109 1877 174 1918 sero
209 1860 283 1932 regis
312 1859 513 1925 multorumque
542 1868 686 1924 procerum
714 1850 908 1906 interventibus
960 1871 1016 1911 rem
1033 1854 1068 1911 ad
1084 1872 1206 1929 unguem
1223 1856 1376 1920 deduceret,
1397 1857 1512 1913 Romam
1532 1876 1647 1931 pergere
1661 1860 1755 1930 dispu-

108 1949 315 2022 atepueratione
336 1944 648 2010 devictus,elerieorum
672 1956 782 1996 suorum
811 1939 904 1995 eonsi—
959 1942 1170 2010 snit,caaonico
1194 1945 1312 2014 quodam
1337 1948 1505 2008 Carnotensi,
1524 1948 1757 2022 Pagaoocoguo-

106 2040 171 2094 lium
188 2037 371 2093 necessarium
386 2035 438 2090 sibi
452 2034 511 2089 iore
525 2031 670 2104 respondit,
688 2036 715 2085 et
730 2038 757 2084 ut
772 2028 858 2084 abbas
870 2028 904 2082 ad
959 2034 1041 2098 mine,
1057 2032 1172 2088 homine
1186 2033 1333 2100 ditissimo,
1349 2044 1377 2091 et
1401 2037 1479 2103 hujus
1504 2036 1554 2092 loci
1571 2037 1755 2109 benefactore,

104 2145 168 2185 eum
185 2130 307 2185 Senones
322 2126 425 2181 veniret
440 2124 546 2177 indixit.
559 2123 616 2192 lpse
632 2134 699 2175 vero
712 2117 902 2189 arciripresby-
957 2119 984 2175 id
1002 2122 1053 2177 sibi
1069 2122 1342 2193 potiusadmoneate.
1370 2124 1489 2195 Sumptis
1506 2125 1588 2196 igitur
1609 2144 1670 2199 quae
1693 2129 1757 2186 huic

103 2227 192 2274 terum
217 2234 296 2272 suum
323 2216 431 2270 nomine
447 2211 602 2275 lindulfum,
618 2209 670 2265 loci
695 2207 775 2277 barjus
794 2217 901 2261 aurato·
955 2211 1029 2280 operi
1042 2212 1199 2267 necessaria
1210 2221 1354 2277 suntenm
1366 2214 1490 2269 alberico
1505 2216 1639 2271 monacho
1650 2224 1753 2286 nostro,

102 2324 173 2372 rem,
199 2307 325 2376 Stampas
347 2304 430 2365 misit,
448 2302 493 2373 qui
520 2301 635 2355 clericos
660 2305 851 2370 congregaret,
875 2304 901 2351 et
954 2298 1076 2367 simplice
1091 2308 1117 2354 et
1132 2299 1203 2355 bono
1219 2299 1395 2361 vicecomite
1410 2302 1490 2359 etism
1509 2304 1628 2376 Pagone.
1639 2306 1753 2362 Romam

101 2397 124 2452 si
157 2397 339 2451 coursentirem
363 2392 405 2447 rel
434 2391 610 2446 reclamarent
639 2386 754 2449 audiret,
791 2385 899 2457 sibique
952 2387 1095 2459 proiectus
1109 2400 1159 2444 est.
1176 2387 1216 2443 lbi
1232 2390 1258 2443 in
1282 2390 1356 2445 curia
1372 2391 1493 2446 Romana
1508 2408 1557 2464 per
1575 2410 1658 2448 unum
1674 2411 1754 2449 men-

101 2485 279 2540 reuuntiaret.
310 2481 463 2551 Complosit
493 2478 539 2532 ille
565 2477 652 2546 jussa,
687 2484 767 2547 utque
794 2475 822 2528 in
849 2489 897 2530 ec·
951 2485 1045 2533 semet
1060 2494 1093 2534 eo
1107 2477 1225 2550 amplius
1239 2479 1511 2544 demoransabonae
1528 2484 1665 2538 memoriae
1680 2498 1752 2554 papa

100 2575 180 2630 alesia
207 2575 297 2627 Beatm
309 2571 397 2626 liar-iae
424 2567 534 2623 clericis
561 2565 746 2637 congregatis,
763 2563 897 2633 simulque
952 2567 1073 2623 Pascbali
1090 2567 1452 2639 secundomeruitadipisci
1467 2578 1493 2626 et
1508 2572 1754 2642 sedisapostolicae

98 2679 190 2721 coram
213 2661 304 2716 multis
324 2658 437 2714 testibus
464 2673 601 2711 assensum
623 2652 819 2726 prebentibus,
839 2654 896 2723 ipse
951 2657 1108 2722 tuitionem,
1125 2665 1152 2711 et
1175 2656 1238 2711 doni
1254 2657 1329 2713 istius
1352 2657 1594 2715 confirmationem.
1614 2661 1668 2716 Sed
1692 2678 1755 2734 quae

101 2753 174 2826 qued
189 2751 314 2806 audierat
329 2765 377 2820 per
398 2748 520 2818 seipsum
544 2743 894 2813 adarclnepiscopumre-
950 2746 984 2800 ad
1014 2747 1285 2802 ecclesiaslteterum
1313 2745 1484 2817 stamparum
1509 2750 1645 2819 pertinere
1669 2750 1749 2806 vide·

96 2841 222 2914 portavit.
252 2841 320 2894 Cum
344 2835 470 2891 maximis
489 2835 571 2904 igitrrr
595 2829 808 2895 difficultatibus,
830 2846 896 2902 quas
951 2835 1057 2900 bantur,
1088 2832 1259 2899 sufficienter,
1289 2843 1318 2890 ut
1341 2835 1469 2901 arbitror,
1495 2838 1639 2909 explanata
1673 2846 1747 2894 sunt.

97 2925 240 2982 brevitatis
256 2923 346 2995 gratia
376 2920 500 2975 tssttbtte
512 2916 721 2988 supersedimus,
737 2916 822 2970 ³1)th
840 2917 893 2969 iffi·
949 2923 1095 2980 Crescebat
1117 2934 1206 2980 autem
1230 2931 1257 2978 et
1280 2923 1510 2995 multiplicabatur
1529 2926 1609 2981 vinea
1633 2927 1750 2993 Domini,

95 3015 212 3088 patrarit
226 3023 255 3067 nt
270 3010 492 3081 arubiepiscopus
507 3006 579 3062 dono
593 3005 768 3071 consentiret,
785 3013 809 3057 et
825 3018 893 3074 pro·
953 3029 1013 3084 quar
1029 3013 1056 3066 ta
1073 3028 1190 3083 pappare
1206 3012 1266 3066 tara
1289 3012 1407 3081 ptaatata
1423 3015 1517 3080 taarar¹
1534 3023 1560 3069 ar
1574 3014 1751 3087 atraamqaa.

96 3105 159 3176 prio
181 3101 334 3173 privilegio,
351 3100 420 3154 sicut
443 3096 626 3153 ecclesiastica
642 3093 755 3164 requirit
777 3109 895 3147 consae·
952 3117 1005 3173 aaa
1029 3102 1156 3172 patratraa
1180 3117 1245 3155 aaaa
1267 3101 1438 3156 attandarra,
1455 3102 1533 3171 appa
1555 3104 1750 3169 Dordincbum,

99 3194 175 3255 tarta,
205 3193 329 3245 muniret.
357 3189 426 3242 Volo
454 3187 564 3241 derruurn
602 3183 712 3254 potitus,
742 3187 769 3237 et
793 3182 895 3237 donum
951 3190 1145 3262 quodragium
1163 3190 1338 3261 municipium
1361 3199 1409 3252 est.
1426 3190 1569 3247 ecclesiam
1586 3190 1667 3247 Beati
1681 3191 1752 3248 Petri

101 3282 135 3336 do
161 3297 241 3335 manu
280 3274 482 3346 archiepiscopi
510 3272 639 3343 suscepit,
668 3279 695 3326 et
722 3269 895 3342 priuilegium
951 3278 1120 3349 adaptaaaa
1149 3280 1227 3349 ,tpad
1249 3278 1440 3350 sirtptptaaara
1465 3280 1679 3346 Gaaraartaataa
1695 3285 1752 3338 ta.

100 3371 172 3444 quod
187 3369 259 3441 atiud
276 3383 327 3422 nos
342 3367 458 3420 habetur
471 3362 566 3418 detulit
579 3362 605 3415 in
621 3361 679 3416 haet
694 3359 790 3416 verba.
951 3367 1010 3426 seni
1026 3368 1110 3422 nostri
1135 3367 1285 3422 laudaturis
1307 3366 1386 3434 iilius,
1409 3368 1454 3441 qui
1478 3371 1646 3425 Hierusalem
1671 3369 1752 3442 proli·

132 3461 164 3516 in
180 3462 295 3515 naariae
312 3456 436 3513 Domini.
457 3452 636 3510 oairnbertus
653 3448 895 3522 arciepiscopus.
952 3456 1058 3514 eiscens
1074 3457 1159 3512 Clusae
1171 3459 1250 3526 jacet,
1267 3466 1293 3513 et
1308 3457 1424 3513 adelina
1439 3474 1518 3514 soror
1543 3459 1629 3526 iltius,
1646 3456 1752 3531 quaein

97 3550 201 3606 Sciant
218 3551 370 3618 presentes
383 3545 497 3617 pariter
516 3548 544 3598 tt
559 3540 807 3612 [erumpnarum
822 3553 899 3594 uene·
952 3545 1072 3601 claustro
1089 3555 1180 3601 nostro
1195 3556 1247 3601 sna
1260 3556 1312 3607 est.
1328 3563 1438 3603 censum
1456 3548 1517 3620 pius
1539 3548 1629 3603 minus
1649 3548 1749 3604 aseli-

99 3639 199 3695 rubiiis
207 3636 391 3707 traierolrbus
405 3632 639 3688 linuriniacensis
649 3671 652 3679 .
663 3627 898 3691 enubit,nomine
953 3637 1048 3690 atarara
1074 3644 1098 3690 at
1113 3634 1311 3690 dimidiatarum
1333 3636 1424 3691 atartae
1440 3636 1500 3692 trata
1528 3636 1651 3692 aaatpatae
1665 3636 1752 3693 dede.

101 3727 236 3790 aarum,
261 3722 396 3778 aracaeus
422 3721 571 3775 numitius
594 3719 630 3773 aa
649 3717 898 3788 aratropotnaaam
953 3732 1024 3788 runt,
1041 3724 1243 3779 serenatam-ao
1266 3736 1330 3781 rura
1345 3723 1397 3780 toci
1426 3724 1502 3780 attius
1517 3727 1618 3794 priore,
1635 3735 1664 3780 ur
1686 3726 1752 3782 satis

102 3813 196 3871 sedem
209 3816 347 3874 suestram.
362 3825 427 3866 cnm
443 3808 521 3863 omni
535 3807 679 3863 deuotione
692 3809 720 3861 ct
736 3804 899 3860 bumilitate
953 3813 1057 3875 fiaraat,
1079 3813 1197 3868 maxima
1221 3822 1390 3882 procurante,
1408 3815 1484 3885 tpart
1509 3812 1660 3870 densitatem
1678 3815 1752 3872 naa.

103 3904 184 3960 ”002'3
199 3901 379 3973 tuttiitttt'l»
391 3903 424 3953 αἱ
439 3897 589 3953 ecclesiam
603 3896 635 3950 dt
656 3896 797 3950 Veteribus
811 3893 900 3948 Stam·
954 3903 1028 3958 duiai
1044 3902 1174 3958 ecclesias
1196 3902 1287 3963 Bouae.
1306 3918 1372 3974 quas
1385 3902 1451 3956 biilo
1467 3904 1578 3959 dederat
1593 3912 1620 3959 et
1633 3905 1754 3961 abstule-

102 3995 147 4063 pis
172 3994 204 4046 in
232 3993 334 4046 tranare
359 3986 478 4043 Domini
497 3991 524 4041 et
547 3985 812 4042 corrrmcmoratione
827 3982 902 4037 beuti
954 4000 1004 4053 rat,
1021 3992 1131 4046 raptans
1152 3992 1185 4047 art
1209 4007 1260 4047 aaa
1276 3999 1302 4045 at
1326 4007 1373 4047 aaa
1388 3991 1513 4054 reddidit,
1530 4001 1556 4048 ar
1579 3992 1680 4048 (tapam
1695 4010 1754 4048 am·

107 4082 224 4138 blariini
239 4079 397 4135 dedicatam
423 4076 477 4132 sibi
492 4079 519 4131 ei
541 4072 746 4130 successorebus
760 4073 818 4128 suis
831 4087 899 4143 per·
954 4081 1057 4152 ptravtt,
1070 4081 1128 4136 ttar
1142 4095 1248 4151 qaaqaa
1265 4079 1417 4136 [adoriaris
1432 4080 1628 4136 dtmtdiatatarp
1639 4081 1752 4139 aprima

101 4174 188 4244 petuo
202 4167 398 4240 possidendam
413 4164 637 4227 concederemus,
657 4166 731 4219 sicut
747 4161 900 4232 Phiiippus
955 4170 1074 4241 pedagii,
1091 4169 1163 4239 quod
1179 4169 1251 4238 apud
1267 4169 1430 4224 Bemvillam
1446 4170 1593 4240 colligitur,
1610 4171 1690 4227 nobis
1705 4172 1754 4227 do-

106 4276 159 4316 tto
174 4263 202 4314 tt
220 4259 371 4312 tadoneus
386 4255 463 4323 filins
474 4256 534 4326 titt
549 4255 645 4308 itidem
661 4268 713 4308 m
727 4250 781 4307 tiit
796 4249 901 4305 dunum
956 4258 1042 4319 navit,
1058 4272 1085 4313 et
1098 4275 1113 4312 x
1128 4259 1231 4313 solidos
1245 4259 1326 4313 annui
1341 4274 1448 4323 census,
1465 4276 1535 4331 quos
1550 4260 1609 4333 regi
1631 4260 1754 4316 debeba-

103 4352 241 4423 secernnt.
258 4346 390 4401 Ennrdcm
411 4347 486 4399 enirn
507 4343 653 4398 ecclesiam
670 4340 902 4411 ipsirepestiau·
957 4364 1030 4416 aras,
1045 4363 1094 4418 pra
1118 4349 1208 4402 antara
1235 4346 1342 4402 aasattt
1369 4347 1486 4418 (tapttart
1516 4349 1557 4404 apt
1577 4349 1752 4405 apadaparta

107 4437 268 4496 t’iat'occ’tttt
279 4434 399 4490 carcubio
410 4434 486 4504 repta
503 4431 800 4502 tarpiinte.jampr·ius
816 4427 901 4481 stliti-
914 4412 940 4478 D
955 4435 1097 4491 Nundinas
1124 4437 1207 4491 etiam
1229 4436 1417 4492 denominatas
1445 4437 1475 4491 ia
1496 4438 1641 4494 lestinitate
1661 4449 1754 4495 nostra

107 4528 238 4590 butroti,
256 4529 283 4579 ti
300 4528 331 4578 ut
346 4525 438 4594 ipsum
463 4519 645 4590 irrrpitionem
667 4517 900 4585 confirmaremus
954 4524 1066 4582 aestivali
1083 4526 1251 4596 incipientes,
1269 4533 1295 4580 et
1309 4534 1365 4582 tots
1380 4524 1548 4581 bebdomada
1564 4526 1752 4599 perdurantes,

107 4618 191 4686 repiae
202 4630 253 4670 reos
266 4628 362 4686 preces
372 4609 603 4665 oscitabundus
613 4610 710 4662 autern
720 4604 793 4661 iilud
806 4607 901 4676 potius
955 4629 1017 4670 aurp
1033 4624 1152 4670 marrata
1163 4613 1343 4685 amathusque
1353 4613 1596 4670 apaaaatadiptbas
1609 4614 1686 4688 rapta
1696 4633 1753 4671 ma.

107 4704 286 4762 Dominicnrn
301 4699 492 4759 attendentes,
514 4696 561 4751 ubi
581 4695 713 4750 dicitnr:
736 4718 747 4744 u
764 4695 856 4749 Petite
874 4696 903 4748 et
955 4701 1222 4760 ptfiaaatiaraatattt,
1235 4702 1324 4758 (tardo
1341 4702 1423 4758 attam
1435 4702 1586 4760 riaaaaraaa
1607 4703 1754 4775 stampap.

109 4796 223 4852 dabitur·
234 4791 316 4853 uobis,
330 4790 443 4860 pulsate
459 4790 487 4841 et
500 4783 761 4856 opinatissimis.»
778 4783 904 4854 reiipiosi
957 4791 1037 4861 atara,
1062 4791 1287 4848 tamtttarjaairaaa
1310 4791 1402 4846 aptati
1426 4800 1452 4848 at
1471 4792 1650 4849 amiataatrprra
1673 4792 1755 4865 tauja,

106 4883 209 4956 fratris
226 4880 389 4952 petitionem
406 4877 518 4930 irritam
539 4889 597 4929 etto
611 4889 788 4947 nequaquam
811 4871 902 4928 tutti·
956 4881 1009 4937 loci
1028 4881 1109 4936 aliam
1124 4880 1318 4936 dimidietatem
1333 4881 1449 4936 decimae
1472 4882 1617 4953 supradicti
1633 4881 1754 4957 pedagii,

104 4968 296 5030 animunseui
312 4963 483 5031 tractationi
502 4962 903 5034 cuonpclicum,peienticum
957 4979 982 5026 at
997 4969 1132 5026 terimam
1148 4969 1296 5026 molendini
1312 4986 1391 5041 quem
1407 4969 1476 5039 apud
1505 4970 1613 5026 Veteres
1627 4972 1754 5044 Stampas

107 5062 170 5132 tide,
189 5055 316 5128 parisnnti
331 5069 393 5108 curn
410 5069 456 5124 spe
471 5053 637 5122 aprrunnus
652 5071 661 5106 ι
678 5050 781 5106 dieiais
803 5051 904 5106 obtuti-
956 5059 1086 5126 trahebat,
1101 5068 1126 5113 at
1142 5061 1168 5113 ta
1185 5060 1358 5129 stamparum
1379 5059 1468 5113 martia
1482 5058 1563 5115 davia
1579 5061 1644 5117 cata
1663 5063 1754 5135 apapt.

109 5147 336 5219 desiderarem
362 5145 445 5211 reqiis
464 5141 592 5212 precibus
606 5143 781 5207 satistacerr.
796 5144 825 5195 tt
838 5144 901 5209 tier·
956 5157 1009 5203 tenr
1026 5164 1108 5202 unum
1124 5149 1201 5203 valde
1225 5146 1317 5204 utilem
1342 5149 1420 5203 nobis
1435 5149 1522 5203 dedit.
1544 5149 1594 5205 liic
1617 5149 1753 5220 siquidem

109 5244 196 5295 terum
211 5235 335 5289 uiriatuti
350 5232 493 5302 praendere
509 5230 559 5285 sub
580 5246 637 5285 unu
656 5244 738 5301 opere
759 5245 810 5284 nos
825 5242 902 5300 potat
955 5236 1043 5294 Guido
1059 5237 1131 5291 illius
1146 5237 1236 5308 niagni
1250 5237 1379 5310 lingonis
1390 5236 1492 5291 domun
1510 5238 1620 5300 Puteoli,
1631 5239 1657 5293 in
1673 5241 1755 5308 cuius

107 5328 264 5382 crotic‘uiet.
281 5319 418 5389 imitatori
443 5320 554 5374 lotidem
570 5325 598 5374 ei
619 5319 752 5374 notiorem
778 5319 900 5384 Domini,
956 5325 1037 5382 feodo
1051 5326 1165 5380 ecclesia
1181 5327 1228 5380 isla
1244 5324 1355 5380 [unitata
1369 5335 1418 5389 est,
1436 5324 1506 5381 fitius
1522 5325 1584 5383 tait,
1601 5325 1654 5396 Qui
1669 5328 1753 5384 sorti.

109 5440 146 5480 esc
170 5437 308 5477 corrsensu
328 5422 356 5472 ci
375 5418 520 5472 uoluntate
540 5420 675 5484 teatrum,
700 5416 901 5472 canonicorum
956 5424 1000 5471 tus
1015 5430 1128 5471 uxorem
1146 5416 1252 5472 ilarcbi.
1266 5415 1468 5485 Stampensium
1481 5413 1646 5472 riceeomitis
1659 5415 1752 5486 liliam,

106 5512 216 5569 scilicet
240 5509 366 5583 ejusdem
386 5508 521 5572 ecclesiia,
536 5508 725 5562 concessimus
744 5504 901 5562 dourinia·
954 5510 1028 5562 unde
1038 5505 1090 5560 sibi
1105 5504 1312 5563 vicecomitatus
1327 5504 1436 5571 accidit,
1451 5520 1513 5562 eum
1529 5520 1659 5578 pmeeres
1673 5508 1754 5564 Fran·

104 5600 194 5669 sensi,
210 5599 331 5660 carcobio
343 5595 513 5672 predictam
527 5595 675 5653 ecetesiam
689 5597 825 5668 perpetuo
837 5609 901 5668 pos·
955 5609 1063 5664 corum,
1077 5600 1104 5652 et
1117 5593 1238 5652 maxiem
1252 5593 1366 5668 marti
1382 5592 1459 5652 otus
1471 5601 1567 5656 eontra
1588 5611 1685 5670 mem
1696 5596 1752 5654 Lu·
