3728 6000
113 223 153 279 tot
460 214 519 279 'DE
537 220 835 279 unsrneanrtortu
854 219 1012 281 tuentia
1031 224 1060 281 S.
1081 223 1227 282 ΜΑΗΤΙΝΙ
1244 226 1400 286 robure.
1708 235 1759 292 lta

109 347 230 420 proiecit,
259 356 288 403 nt
303 348 347 404 ubi
362 349 438 420 prius
453 347 497 403 vix
517 362 556 402 xri
576 345 728 402 monachos
743 346 905 410 invenisses,
921 347 949 408 Α
964 347 1131 419 prophetiam
1147 351 1349 425 Ezechiaeregis
1366 354 1456 410 :Ecce
1471 355 1502 410 tn
1509 371 1582 428 pere
1596 361 1757 417 amaritudo

114 437 283 509 pmtmodam
308 447 416 495 centum
432 436 629 509 quinquaginta
650 437 723 491 omni
744 436 911 491 abundantia
965 452 1028 490 rnen
1044 439 1224 496 uiuacissimo
1239 442 1304 509 (lca.
1315 457 1432 510 xxxviii,
1449 444 1506 514 tr).
1525 448 1625 500 Amara
1639 464 1758 522 namque

112 527 229 582 reiectos
256 527 415 598 reperisses.
446 525 526 595 Quod
546 541 663 580 cernens
681 525 797 595 inclytus
819 541 912 580 comes

112 615 285 670 Flandrensis
299 615 447 679 liebertus,
473 615 603 684 quiajam
619 614 770 668 Jerusalem
791 622 867 684 captu
883 613 909 667 in

113 711 208 759 terram
224 720 302 759 suam
320 705 452 768 redierat,
477 711 600 774 sumptos
614 719 649 757 ex
663 702 760 757 codem
784 701 910 758 coerrobio

113 793 201 849 Sancti
216 793 480 849 Fertinimonacbos
491 793 517 846 in
532 792 677 848 ecclesiam
692 790 782 847 Sancti
799 790 910 846 Verlasti

112 882 305 948 Atrebatensis,
342 883 485 953 simonque
519 880 589 936 Petri
622 879 775 935 Gundensis
808 880 908 951 posuit,

113 967 280 1040 multumque
295 982 343 1021 eus
364 966 491 1022 eumenii.
518 965 693 1035 Domnusque
709 963 768 1018 Ode
792 979 907 1018 venera·

111 1055 171 1110 bilis
188 1055 276 1111 abbas
300 1054 393 1111 Sancti
412 1054 529 1126 Remigii
551 1053 693 1109 liciniensis
724 1059 866 1124 susceptos
892 1068 908 1106 a

113 1145 222 1216 prael'ato
238 1144 338 1200 abbate
359 1143 451 1199 Sancti
466 1142 565 1199 Bertini
591 1144 741 1198 monachos
764 1142 791 1196 in
812 1157 904 1199 coeno-

113 1233 153 1288 bio
172 1250 220 1289 suo
245 1233 353 1303 posuit;
382 1231 480 1288 deinde
508 1231 659 1287 Ludorious
679 1247 727 1285 res
743 1231 906 1286 Francorum

964 525 1015 579 luit
1030 526 1160 582 Ecclesia
1175 529 1326 585 amaritudo
1341 539 1463 603 tempore
1478 542 1628 605 martyrum
1643 552 1659 591 a
1674 554 1759 610 pagu-

964 613 1007 667 nis
1045 615 1207 684 occisorum,
1245 619 1365 675 amarior
1401 625 1524 692 tempore
1560 625 1758 693 hereticorum,

963 704 1135 758 amarissima
1151 705 1176 759 in
1192 722 1258 778 pace
1273 709 1499 765 Christianorum.
1529 713 1662 769 ilenricus
1677 731 1760 771 naur-

964 806 1016 861 quc
1040 791 1189 863 imperator
1215 812 1268 851 non
1293 797 1382 853 serens
1405 800 1505 855 auferri
1528 801 1581 857 sibi
1599 803 1757 875 dignitatem

963 890 1163 937 antecessorum
1183 900 1303 952 suorum,
1335 894 1359 941 et
1381 887 1474 943 dicens
1501 906 1596 962 papam
1624 909 1679 947 non
1706 894 1758 951 boc

963 968 1052 1022 lacere
1062 985 1110 1038 pro
1121 968 1244 1028 libertate
1257 974 1394 1039 ccclesiae,
1410 977 1456 1031 sed
1473 978 1561 1048 [notius
1576 988 1605 1034 ut
1617 981 1757 1038 suboccu-

962 1055 1039 1111 sione
1054 1064 1081 1112 et
1095 1066 1224 1129 pretextu
1236 1062 1347 1130 justitia}
1361 1064 1491 1134 maiorem
1507 1075 1598 1138 posset
1614 1071 1757 1140 pecuniam

961 1159 1141 1217 congregare,
1154 1149 1237 1204 ulium
1252 1167 1348 1221 papum
1359 1154 1452 1226 elegit,
1468 1156 1756 1227 nomineGuibertnm,

961 1248 1077 1306 eumque
1101 1235 1145 1306 qui
1160 1254 1189 1292 se
1204 1242 1487 1298 excommunicaverat
1509 1244 1576 1300 lacit
1595 1262 1757 1304 excommu-

64 1314 67 1399 i
115 1324 201 1378 sidens
229 1323 298 1378 alias
320 1320 452 1378 ecclesias
479 1336 530 1390 per
558 1319 671 1375 easdem
700 1321 907 1376 consuetudines
960 1324 1056 1392 nicaei,
1073 1332 1201 1380 utcontra
1222 1339 1386 1401 praeceptum
1403 1333 1461 1402 ejus
1479 1333 1506 1386 in
1520 1351 1605 1407 regno
1621 1353 1669 1391 suo
1684 1336 1756 1394 divi-

64 1406 69 1461 l
116 1411 249 1483 prolicere,
274 1413 301 1466 ia
316 1412 441 1466 creuomo
457 1410 552 1467 Sancti
567 1409 688 1464 tledardi
701 1409 907 1464 Suessioncnsis
960 1426 1023 1465 num
1049 1412 1164 1469 officium
1183 1417 1257 1488 cogit
1283 1420 1426 1475 celebrari.
1456 1424 1562 1479 Dehinc
1590 1435 1757 1497 congregato

66 1492 69 1503 '
118 1500 518 1564 eariotenterservarifeci13
550 1499 644 1568 sicque
664 1498 840 1568 pergratiam
856 1498 905 1553 Dei
960 1501 1079 1556 exercitu
1092 1503 1204 1559 Romam
1220 1507 1334 1574 obsidet,
1361 1517 1499 1583 totumquo
1521 1513 1689 1581 provinciam
1704 1516 1757 1572 de-

118 1589 153 1644 rix
168 1589 225 1658 iarn
239 1590 378 1644 iuvenitur
402 1589 428 1643 in
445 1588 567 1656 Francia,
592 1587 635 1642 rel
652 1587 774 1641 Flandrin
795 1586 905 1656 aliquod
959 1598 1057 1644 restat.
1085 1592 1217 1665 Gregorio
1233 1611 1303 1666 papa
1327 1599 1468 1665 moriente,
1495 1602 1617 1657 succedit
1631 1603 1756 1660 Urbanus

67 1732 73 1759 ,
121 1678 263 1734 carrubium
288 1678 315 1732 in
330 1693 384 1750 quo
400 1693 453 1733 non
466 1677 558 1732 videas
571 1677 764 1731 cluniacenses
785 1692 903 1731 consue-
918 1703 945 1763 Β
960 1679 1021 1743 (nn.
1039 1680 1128 1750 1093),
1146 1691 1172 1735 ct
1185 1684 1279 1739 eadem
1297 1703 1358 1758 quae
1373 1696 1530 1744 antecessor
1544 1691 1603 1758 eius
1619 1699 1756 1762 statuerat,

66 1766 71 1833 Ξ
120 1767 213 1822 tudines
239 1767 366 1823 servari:
394 1768 520 1822 sedeam
546 1775 573 1820 ut
598 1765 812 1837 praedictumest
835 1765 905 1820 iuter
959 1765 1111 1835 coufirmat,
1128 1779 1208 1840 atque
1223 1773 1292 1828 inter
1304 1783 1406 1830 caetera
1421 1794 1481 1848 qnae
1499 1779 1528 1832 in
1543 1779 1759 1838 claromontensi

121 1856 206 1911 ricinus
227 1856 358 1911 ecclesias
380 1871 482 1926 magna
505 1855 588 1922 tuma,
618 1855 793 1924 prosperitate
812 1870 906 1909 crena·
959 1857 1217 1926 concilioclecreeit,
1238 1862 1318 1916 etiam
1335 1864 1757 1927 Griatcnenncameracensem

123 1946 182 1999 bium
197 1952 320 1999 nostrum
342 1944 472 2007 floreret3
500 1960 564 2000 ecee
588 1943 680 1998 subito
695 1942 792 1998 cecidit
805 1959 904 1997 corona
959 1944 1118 2016 episcopum
1139 1963 1188 2018 pro
1205 1964 1237 2004 eo
1253 1952 1325 2021 qnod
1343 1953 1529 2024 episcopatum
1550 1974 1599 2026 per
1613 1961 1755 2028 pecuniam

122 2034 204 2105 capitis
218 2034 315 2100 nocui,
331 2041 358 2090 et
373 2033 473 2090 delerit
488 2033 618 2105 gaudium
634 2034 725 2089 cordis
738 2034 832 2089 nostri.
960 2034 1073 2104 adeptus
1088 2034 1185 2102 inerat,
1215 2046 1241 2092 et
1256 2039 1360 2109 virgum
1386 2052 1465 2113 atque
1480 2044 1610 2098 annulum
1625 2046 1659 2102 dc
1673 2063 1758 2104 manu

64 2154 67 2205 ι
148 2131 482 2201 oinomjnussiqiijoem
499 2131 904 2186 Munassesflemoiumarchi.
959 2122 1136 2193 imperatoris
1166 2138 1330 2198 susceperat,
1358 2132 1644 2188 excommunicationis
1664 2136 1757 2207 gladio

64 2216 67 2279 l
122 2221 262 2291 episcopus,
290 2221 325 2274 ad
337 2221 482 2277 concilium
497 2220 660 2291 generaliter
684 2221 818 2275 mandans
837 2221 905 2276 alios
959 2212 1085 2280 pettulit·
1115 2222 1138 2268 ⁰¹
1160 2215 1194 2268 ab
1211 2218 1359 2287 episcopali
1373 2218 1461 2274 officio
1474 2221 1603 2291 deponi13
1631 2224 1755 2280 illuvio-

64 2288 67 2417 ,
121 2310 228 2378 iiiios,
266 2310 336 2365 joie,
356 2310 424 2366 aiios
448 2310 609 2364 nominatim
635 2310 759 2365 efficacii
780 2310 904 2365 odonem
959 2299 1041 2356 tentia
1066 2302 1151 2374 regali
1174 2304 1255 2359 tultus
1279 2307 1494 2376 pluribusannis
1518 2311 1685 2382 episcopatui
1705 2329 1755 2368 su-

64 2422 66 2455 i
120 2398 231 2454 abbatem
255 2398 348 2455 Sancti
372 2398 477 2452 tlurtini
501 2399 692 2467 Toruacensis,
714 2414 831 2468 cumque
854 2415 904 2452 ex-
958 2389 1042 2458 parba
1056 2391 1194 2461 Ftaessidel·
1213 2402 1240 2448 ⁰¹
1264 2403 1355 2450 contra
1371 2412 1449 2467 νίψω
1464 2408 1629 2469 praectplltm
1644 2400 1756 2459 inorbo

119 2482 171 2537 inde
183 2483 349 2538 admirantes
374 2483 440 2556 quid
462 2482 495 2537 de
510 2483 625 2538 concilio
641 2483 720 2538 nobis
745 2484 903 2547 referretur,

119 2572 212 2626 attoniti
243 2577 273 2626 et
303 2572 429 2642 suspensi
457 2579 687 2642 exspectaremus,
704 2588 769 2627 eece
794 2580 905 2643 repente

119 2660 235 2715 audimus
255 2661 292 2715 ad
312 2659 525 2717 Cameracensis
548 2660 622 2715 sedis
633 2661 820 2732 episcopatum
842 2678 903 2716 eum

119 2748 192 2804 lause
216 2749 343 2814 electum,
369 2757 395 2805 et
418 2749 480 2805 sine
507 2765 582 2805 nrora
604 2750 639 2804 ab
654 2750 860 2819 archiepiscopo
879 2758 905 2805 et

958 2476 1155 2534 Cameracensi
1171 2481 1291 2536 divinum
1307 2483 1424 2539 alliciam
1442 2486 1573 2540 celebrari
1585 2487 1673 2557 jubet.
1702 2491 1754 2546 Ur-

957 2565 1029 2621 bano
1044 2584 1121 2638 papae
1137 2569 1260 2625 morienti
1284 2573 1422 2629 Fusclraiis
1437 2576 1596 2642 succedens,
1625 2587 1651 2632 et
1666 2579 1753 2635 Gnal·

957 2655 1066 2710 alierum
1096 2657 1122 2711 iu
1138 2658 1244 2713 diutina
1258 2660 1439 2718 obstinatione
1467 2664 1643 2734 pertinaciter
1657 2683 1754 2737 perse·

957 2755 1050 2795 verare
1065 2742 1170 2811 dolens,
1195 2744 1288 2799 missis
1304 2746 1399 2801 litteris
1414 2750 1548 2803 Manassae
1564 2750 1692 2806 Rernensi
1706 2768 1754 2808 ar-

118 2838 380 2910 comprovincialibus
390 2839 525 2909 episcopio
536 2847 728 2894 consecratum
741 2839 901 2909 (opg1105),
957 2829 1130 2902 chleplsctlpo
1145 2834 1295 2903 apostolica
1309 2837 1471 2892 ttuclot'llale
1484 2839 1618 2908 praecipit,
1643 2848 1670 2895 ul
1685 2857 1753 2897 coil·

118 2924 174 2994 Qui,
195 2943 229 2982 ρο
247 2927 293 2982 die
317 2927 404 2982 incius
425 2936 507 2982 [oium
527 2936 692 2983 moenium
713 2934 835 2982 nogium
857 2943 903 2982 re.
956 2919 1076 2990 gregatis
1104 2923 1377 2993 comprovincialibus
1404 2926 1540 2996 episcopis
1568 2929 1754 2986 Cameracensi

117 3015 228 3086 plererit,
254 3015 314 3086 quis
329 3016 466 3089 singultus
481 3023 593 3087 pectora
608 3024 701 3071 nostru
726 3016 901 3083 concusserit,
955 3007 1089 3062 Ecclesia
1104 3009 1261 3082 episcopum
1285 3014 1387 3068 omissa
1402 3015 1531 3071 dilatione
1545 3016 1629 3089 eligat
1643 3025 1670 3073 et
1685 3034 1755 3074 con·

118 3103 196 3158 nullus
211 3104 291 3160 iacile
306 3105 445 3176 explicare
459 3105 565 3175 poterit.
598 3105 647 3159 Vir
663 3115 755 3160 tamen
769 3113 828 3160 octo
843 3105 903 3161 dies
956 3104 1054 3151 secret·
1071 3096 1116 3153 Sic
1131 3115 1198 3170 ergo
1218 3100 1305 3156 obbas
1318 3110 1410 3157 noster
1433 3103 1550 3159 domnus
1564 3105 1625 3161 ono
1644 3107 1755 3179 eligitur

117 3193 279 3261 innsifflni,
305 3202 332 3248 et
346 3210 455 3248 sup-gum
468 3193 548 3249 nobis
563 3194 688 3265 quaedgm
703 3193 904 3249 reddiiupcon.
957 3194 983 3240 el
997 3197 1182 3244 GOUSQCFMUF.
1213 3190 1267 3244 sed
1287 3191 1350 3262 quia
1378 3193 1572 3267 archicpiscopi
1596 3201 1754 3255 auctoritaie

118 3279 211 3347 solatio,
228 3282 358 3352 quoniam
374 3282 442 3352 ipse,
457 3282 608 3338 rebellante
622 3299 654 3339 uo
676 3282 819 3338 resistente
835 3284 903 3338 Gal·
958 3275 1128 3332 Guelcherus
1151 3278 1250 3348 expelli
1279 3295 1331 3334 non
1352 3281 1434 3348 valet,
1466 3282 1550 3338 abbas
1575 3296 1666 3342 noster
1694 3289 1754 3357 iarn
1834 3292 1837 3297 '

118 3371 340 3442 oheroopisoopo,
370 3371 483 3442 pacifice
497 3372 606 3442 ingredi
622 3388 675 3427 ooo
693 3373 788 3427 valens
802 3373 903 3428 Came·
958 3375 1132 3420 consecratus
1146 3367 1225 3421 nobis
1249 3369 1400 3435 remittitur,
1429 3378 1455 3425 et
1474 3373 1630 3443 episcopale
1645 3375 1754 3446 quidem

117 3473 196 3514 facum
216 3460 325 3525 urbem,
352 3477 460 3515 rursum
474 3461 555 3516 nobis
577 3460 613 3516 ob
632 3460 838 3532 archiepiscopo
855 3478 903 3517 ro·
958 3452 1075 3509 officium
1087 3455 1187 3526 ubique
1198 3455 1269 3527 gerit
1285 3475 1291 3511 :
1308 3457 1467 3529 ingressum
1482 3475 1548 3515 vero
1564 3461 1640 3517 urbis
1654 3471 1681 3518 el
1695 3466 1756 3520 red·

118 3547 226 3614 mittitur,
243 3558 270 3604 et
285 3564 450 3621 perannum
465 3549 600 3622 integrum
615 3549 758 3605 nobiscum
773 3549 903 3606 demora-
958 3542 1030 3596 ditus
1043 3543 1153 3614 regales
1167 3559 1220 3598 non
1236 3545 1327 3600 habet.

118 3643 161 3691 top,
181 3636 246 3707 Qoae
264 3646 353 3694 autom
379 3637 500 3707 ejusdem
527 3637 684 3694 rebellionis
706 3655 785 3694 causa
808 3639 902 3707 suerii,
992 3633 1036 3687 83.
1053 3634 1161 3688 Interea
1176 3634 1289 3689 callidus
1303 3651 1376 3707 ptiplt
1391 3636 1535 3692 Hent‘lctlm
1552 3639 1753 3700 adolescentem

119 3727 203 3796 panos
215 3728 391 3798 aperiendum
407 3726 522 3794 videtur,
537 3728 631 3783 tiocia
647 3738 737 3800 ooepio
751 3729 903 3784 narratione
956 3719 1040 3775 filium
1061 3722 1167 3777 Henrici
1186 3723 1358 3793 imperatoris
1378 3725 1473 3781 litteris
1494 3728 1627 3785 adversus
1650 3739 1753 3801 putrem

119 3813 300 3886 digrediamur.
957 3810 1081 3875 concitat,
1098 3816 1125 3865 et
1140 3819 1168 3866 at
1177 3813 1305 3867 Ecclesiae
1320 3813 1369 3868 Dei
1385 3816 1529 3871 auxilietur
1543 3817 1687 3886 admonet;
1708 3821 1754 3877 iile

148 3914 187 3968 tt.
202 3914 230 3968 la
255 3915 312 3970 vita
337 3914 410 3969 beati
426 3912 551 3985 Gregorii
575 3913 676 3986 legitur
696 3914 769 3986 quod
791 3929 853 3970 cum
868 3913 902 3969 ud
957 3899 1034 3970 segni
1058 3901 1183 3972 cupidus·
1206 3910 1233 3956 θῑ
1251 3902 1375 3973 gaudens
1396 3920 1425 3958 ὅθ
1445 3914 1646 3977 emimentem
1665 3925 1754 3966 0⁰⁶⁸·

123 4003 264 4070 ,pffiioijgae
278 4002 726 4073 sedisregimensujsseieieciu„
743 4003 901 4059 egreium.
957 3989 1061 4043 sionem
1085 3991 1454 4060 exapestolicauuctoritute
1478 3995 1629 4066 invenisse,
1659 4007 1754 4054 canna

120 4095 192 4154 retur,
216 4092 331 4147 Romani
352 4106 494 4148 assensum
518 4092 641 4148 Mauricii
661 4092 833 4163 imperatoris
850 4109 903 4164 pe·
956 4085 1063 4148 Fiilssffl
1080 4078 1353 4151 s0s0⁰i¹0¹¹⁸lffl⁰¹llii
1383 4099 1595 4157 ⁰¹¹fflll¹¹0f08¹¹⁰
1614 4087 1751 4159 Fl⁰F⁸¹¹l¹i

122 4176 213 4242 beraut,
237 4190 264 4236 et
283 4196 333 4252 per
346 4197 409 4236 eum
437 4180 465 4235 iu
482 4181 546 4236 sede
561 4179 709 4250 pontificali
733 4179 901 4236 elertumle·
956 4166 992 4221 lla
1021 4175 1049 4221 ¹¹²
1073 4177 1175 4236 Flaelffl'
1203 4171 1360 4224 Αὓῑῦθῐῑῑῑῐῃ
1390 4173 1565 4229 L⁰⁰dl⁰¹¹⁵0¹¹¹
1593 4174 1752 4249 eill⁵⁰0P¹¹¹¹¹

120 4279 254 4339 „mnu
276 4270 324 4325 ,ed
348 4277 375 4325 ei
397 4268 505 4324 genium
520 4269 638 4340 nogium
661 4277 822 4325 ommium
838 4273 900 4325 gu.
955 4255 1202 4312 nulluminvenirct
1216 4259 1261 4330 qni
1276 4258 1327 4313 sibi
1342 4258 1508 4317 adhereret.
1538 4263 1650 4318 iuvenis
1674 4265 1752 4321 iren·

122 4354 234 4426 doenum,
264 4375 280 4413 a
301 4359 455 4431 Dagoberlo
476 4359 641 4413 Francorum
658 4376 722 4431 rege
742 4359 900 4429 adponiifi.
955 4344 1022 4398 dens
1049 4362 1081 4401 eo
1103 4347 1174 4419 quod
1197 4355 1291 4402 contra
1310 4349 1562 4406 voluntatemsnum
1585 4367 1601 4406 a
1621 4354 1753 4423 praerticto

120 4453 194 4501 oium
215 4448 315 4502 plegio,
328 4454 356 4502 ei
369 4454 509 4517 psomoios
529 4446 610 4502 fuisse
625 4447 756 4520 opimo„
784 4463 899 4519 cumque
913 4413 941 4475 D
957 4435 1085 4507 episcopo
1109 4444 1189 4506 pater
1203 4454 1266 4491 suns
1286 4437 1313 4491 in
1328 4436 1396 4492 urbe
1412 4439 1555 4495 leodiensi
1578 4442 1750 4510 retineretur,

119 4533 179 4588 idem
193 4537 271 4591 etiarn
286 4535 377 4591 multis
391 4536 452 4591 aliis
465 4537 493 4591 in
508 4536 574 4591 locis
588 4536 704 4608 legatur,
719 4545 827 4591 sanctos
842 4537 899 4591 sci·

118 4620 171 4678 licet
183 4625 253 4681 viros
268 4641 284 4680 a
299 4625 414 4697 regibus
430 4625 464 4680 ud
479 4625 662 4696 pontificatum
687 4625 772 4681 luisse
784 4641 898 4696 promo-

118 4718 161 4776 tos,
184 4729 245 4768 eece
260 4712 350 4769 subito
371 4713 482 4769 Henrici
506 4713 619 4769 scitioris
634 4714 805 4785 imperatoris
826 4722 899 4769 tem-

116 4800 218 4870 poribus
244 4817 315 4872 papa
338 4803 488 4867 Romanus,
515 4802 562 4874 qui
580 4802 702 4873 primum
726 4811 839 4859 vocatus
854 4807 898 4858 est

113 4884 313 4953 blidemundus,
358 4896 451 4957 postea
480 4903 546 4943 aero
579 4888 732 4960 Gregorius
757 4888 896 4957 septimus,

110 4975 231 5045 prohibet
246 4991 280 5031 ne
295 4975 437 5047 quisquam
452 4976 486 5031 ab
501 4993 533 5032 eo
545 4976 669 5049 eligatur,
683 4977 726 5032 vel
737 4992 898 5048 promovea-

109 5070 155 5131 tur,
182 5072 211 5120 et
226 5079 324 5119 omnes
334 5064 379 5135 qni
394 5064 429 5118 ab
443 5081 476 5121 eo
491 5065 606 5136 promoti
621 5065 738 5133 luerunt,
755 5066 796 5121 vel
814 5066 897 5121 bacu-

106 5151 157 5207 lum
171 5169 220 5208 seu
231 5152 360 5207 annulum
375 5152 409 5207 dc
424 5169 504 5209 mann
515 5156 575 5223 eius
590 5162 776 5224 susceperunt,
788 5170 899 5209 excom-

103 5242 276 5297 mnuioentur
302 5249 329 5296 et
354 5240 546 5312 deponuntur;
573 5243 601 5296 in
623 5250 679 5299 toto
703 5243 782 5297 etiam
811 5257 899 5313 reguo

105 5331 172 5403 eius,
203 5329 232 5385 ia
248 5328 373 5400 partibus
386 5329 516 5387 duntaxat
529 5331 687 5387 Teutonicis
701 5331 822 5385 dii-inum
839 5329 900 5386 offi-

100 5421 170 5476 cium
185 5417 366 5475 interdicitur.
386 5419 427 5475 Fit
442 5418 560 5475 maxima
574 5427 674 5477 sanctae
689 5419 818 5476 Ecclesia
832 5435 899 5490 per-

99 5509 229 5582 turbatio,
249 5507 287 5566 ita
308 5507 433 5566 etmulti
455 5509 576 5568 dicerent
603 5517 666 5569 tuno
693 5508 801 5583 impleri
823 5508 899 5565 illam

954 4528 1105 4580 exercitum
1126 4533 1285 4598 congregat,
1310 4533 1337 4581 et
1355 4526 1381 4580 in
1403 4527 1448 4582 die
1469 4536 1563 4584 sancto
1591 4531 1751 4587 Parasceves

952 4613 1086 4668 Leodium
1097 4614 1230 4670 violenter
1243 4614 1344 4670 intrare
1358 4624 1446 4686 parat.
1477 4618 1651 4673 Praecedenlc
1668 4619 1751 4692 igitur

953 4703 1023 4759 seria
1038 4704 1129 4775 quinta
1144 4721 1204 4760 eum
1221 4705 1376 4775 episcopus
1398 4705 1456 4774 iam
1472 4707 1593 4776 vesperis
1608 4706 1697 4775 finitis,
1713 4724 1750 4766 ex

953 4810 1028 4849 more
1052 4794 1241 4850 ecclesiastico
1266 4792 1350 4865 pedes
1368 4794 1559 4850 canonicorum
1584 4795 1697 4865 lavaret,
1724 4804 1751 4852 et

952 4899 1058 4939 caenam
1083 4883 1251 4938 Dominicam
1281 4883 1439 4948 celebraret,
1476 4899 1538 4939 ecce
1567 4884 1655 4941 subito
1684 4903 1750 4941 uun·

952 4973 1036 5027 tiatnr
1057 4973 1155 5027 milites
1171 4972 1279 5040 juvenis
1299 4972 1372 5044 regis
1395 4979 1511 5026 castrum
1541 4975 1611 5044 quod
1631 4974 1750 5030 visetum

952 5061 1052 5118 dicitur
1066 5061 1223 5117 obtinuisse.
1240 5061 1372 5115 Exsilinnt
1385 5077 1444 5115 cum
1456 5060 1558 5131 impetu
1573 5064 1748 5132 Leodienses,

953 5159 978 5207 et
993 5151 1164 5222 praecedente
1182 5149 1362 5206 Namurcensi
1389 5150 1488 5205 comite
1512 5150 1620 5205 obviam
1638 5152 1750 5208 venien·

953 5242 1028 5297 tibus
1042 5243 1081 5297 ire
1097 5241 1232 5296 Festinant.
1247 5241 1317 5295 Ecce
1331 5246 1420 5293 autem
1435 5238 1498 5294 dum
1514 5240 1609 5294 militia
1625 5241 1689 5295 novi
1708 5258 1750 5297 re·

952 5331 996 5405 gis
1008 5329 1161 5387 inconsulte
1176 5337 1202 5384 et
1214 5343 1390 5399 praepropere
1405 5336 1516 5397 pontem
1527 5328 1646 5383 Mosellae
1661 5328 1750 5386 llumi·

953 5422 995 5477 nis
1009 5419 1178 5487 conscendit,
1207 5426 1319 5488 repente
1335 5433 1403 5489 pons
1416 5416 1534 5471 fluminis
1548 5417 1691 5490 frangitur,
1721 5425 1749 5475 et

952 5512 1099 5591 quingenti
1118 5510 1174 5566 iere
1196 5506 1298 5564 milites
1317 5505 1422 5564 loricati
1434 5514 1470 5564 ¹et
1483 5505 1581 5563 armati
1595 5522 1658 5565 eum
1672 5508 1748 5583 equis
