3728 6000
106 171 160 228 ll'l
469 177 518 234 btt
535 177 827 237 ausuaoatuouu
845 178 1004 239 sabaha·
1023 182 1051 241 S.
1072 183 1217 241 usathi
1236 185 1387 245 TORNAC.
1663 250 1667 259 ,
1701 188 1753 245 118

103 290 252 366 ipsumque
273 295 444 355 interdictum
462 298 565 355 irritum
581 315 641 357 esse
655 302 843 374 precipiebam
873 303 942 366 οιΑ
993 303 1287 379 101.1ntereaqnidam
1294 304 1748 374 Tomacensis,nominelloriaus,

102 398 139 437 ne
166 384 328 441 Lemhertus
341 387 493 443 Ecclesiam
506 390 706 446 Tornaceusem
722 399 858 465 gravaret,
874 391 901 447 in
955 383 1052 449 uidens
1065 410 1095 450 se
1108 395 1212 464 prolem
1227 411 1280 450 nou
1294 397 1409 466 habere,
1433 395 1575 452 ecclesiam
1590 394 1747 467 quamdam,

101 485 186 526 manu
213 480 240 528 et
268 474 381 531 tuitione
395 492 443 531 sus
468 493 528 533 eam
543 478 716 549 suscipiebat.
749 479 904 535 Hislitteris

100 561 247 630 susceptis,
263 564 483 635 archiepiscopus
498 567 742 635 comprovinciales
757 568 904 639 episcopos

100 651 275 716 convocarit,
304 650 460 723 litterasque
483 653 653 710 dulcissimas
676 663 703 711 et
732 655 902 711 humillimas

100 735 318 794 Tornacensibus
333 741 450 807 mittens,
468 759 516 797 cos
530 743 565 799 ad
578 744 749 799 concordiem
764 760 825 800 cum
842 744 903 815 epi-

101 828 903 903 scoposuovehementerexhortavit,tandemqueeos,quia

103 912 206 968 auxilia
220 914 262 969 eis
276 915 397 984 decroni,
412 917 529 973 inflexit.
550 921 618 990 Papa
629 936 737 991 qaoque
750 920 790 975 eis
802 936 850 990 per
863 920 905 975 lit-

102 1008 177 1056 terus
187 1002 327 1059 mandavit
339 1022 374 1060 ne
389 1007 501 1062 moleste
515 1006 615 1062 ferrent
628 1008 814 1080 quiapropter
828 1024 905 1064 scan-

104 1089 198 1144 dalum
213 1091 291 1163 regni
305 1109 354 1164 pro
370 1102 492 1165 tempore
511 1096 600 1151 adhuc
615 1096 670 1166 pati
685 1096 794 1153 volebat
808 1104 836 1150 ut
850 1097 904 1152 No·

101 1176 405 1252 riomensisepiscopus
420 1182 503 1237 etiam
514 1183 717 1239 Tornacensem
731 1193 839 1257 regeret
848 1183 905 1255 epi·

103 1274 258 1334 scopatum.
270 1268 508 1327 SicTornacenses
516 1272 610 1328 clerici
618 1273 765 1328 itomanam
773 1274 905 1346 tergiver-

102 1354 238 1410 sationem
262 1359 364 1428 experti
392 1360 564 1433 quieverunt,
580 1377 664 1432 seque
679 1370 742 1431 post
756 1361 903 1416 decessum

955 481 983 537 in
997 482 1101 538 honore
1124 484 1207 539 sancti
1223 484 1353 551 bledardi,
1377 500 1464 556 prope
1479 486 1633 540 Tornaoum
1656 483 1744 548 sitam,

956 568 991 625 de
1004 570 1104 640 opibus
1119 571 1178 626 suis
1201 570 1348 643 amplificat
1370 591 1376 627 ε
1404 580 1484 642 utque
1505 572 1532 626 iu
1547 588 1579 626 ea
1605 571 1748 643 religiosos

956 656 1069 713 clericos
1083 666 1165 729 ponat
1189 674 1205 717 a
1224 659 1326 714 domno
1340 659 1450 715 Simone
1465 659 1592 730 episeopo
1611 658 1744 728 postulat.

957 745 1041 815 Cujus
1058 746 1111 801 illae
1131 746 1254 817 petitioni
1281 745 1386 813 sarens,
1416 748 1560 818 quemdam
1591 747 1749 818 religiosum

957 834 1128 898 canonicum,
1140 835 1250 891 nomine
1260 834 1379 907 Ogerum
1394 836 1429 890 de
1444 843 1535 890 monte
1549 834 1641 891 Sancti
1655 834 1747 907 Eligii,

956 923 994 975 ibi
1009 922 1135 977 abbatem
1156 923 1230 990 lecit,
1259 924 1402 996 ipsamque
1422 923 1566 980 ecclesiam
1584 923 1609 978 ei
1635 923 1751 978 liberam

957 1011 1048 1065 tradit.
1074 1010 1123 1067 llle
1137 1026 1203 1067 vero
1222 1012 1343 1083 protinus
1363 1013 1463 1067 auxilio
1479 1012 1528 1067 Dei
1553 1019 1580 1067 et
1600 1011 1699 1067 civium
1713 1010 1751 1066 ihi

957 1114 986 1154 se
1017 1115 1098 1169 posse
1128 1099 1263 1170 proficere
1293 1100 1397 1170 ridens,
1431 1101 1520 1156 locum
1551 1108 1643 1154 tamen
1675 1098 1751 1154 illum

958 1195 1101 1260 angustum
1129 1203 1189 1243 esse
1216 1188 1304 1243 sciens
1340 1204 1388 1259 pro
1426 1187 1612 1245 construendis
1637 1185 1752 1243 officinis

958 1275 1104 1332 conventui
1131 1275 1240 1331 iraham
1276 1276 1449 1343 necessariis,
1478 1284 1577 1332 terram
1607 1274 1754 1347 quamdam

958 1379 1041 1434 super
1079 1364 1220 1435 planitiem
1253 1364 1343 1421 Scaldi
1381 1364 1497 1421 fluminis
1532 1363 1647 1419 inferius
1674 1364 1750 1432 emit,

103 1442 242 1500 Lemhcrti
252 1447 490 1504 suamlibertetem
499 1449 607 1520 assequi
619 1464 700 1520 posse
713 1456 902 1520 speraverunt.
957 1451 1048 1523 ibique
1083 1451 1225 1508 ecclesiam
1262 1451 1396 1523 lapideam
1438 1453 1467 1506 ia
1498 1452 1627 1507 honorem
1669 1451 1753 1507 sancti

140 1536 184 1588 99.
211 1535 356 1590 lamberto
384 1535 531 1593 decedente
558 1536 755 1594 Noviomenses
778 1536 902 1594 canonici
958 1539 1062 1597 Nicolai
1076 1557 1137 1596 com
1152 1539 1265 1598 officinis
1278 1540 1496 1614 congruentibus
1510 1539 1669 1607 construxit,
1689 1539 1753 1611 plu·

103 1620 249 1691 quemdam
265 1622 406 1680 Simonem
421 1625 622 1681 adolescentem
637 1626 689 1680 sibi
704 1626 731 1680 in
745 1625 900 1696 episcopum
915 1639 942 1698 Β
959 1645 1057 1699 resque
1072 1637 1126 1684 um
1141 1629 1255 1685 clericos
1266 1645 1347 1701 quam
1358 1628 1451 1695 laicos,
1465 1643 1571 1684 necnon
1587 1636 1613 1683 et
1625 1626 1754 1683 mulieres

101 1710 258 1780 elegerunt,
297 1710 379 1767 tilium
416 1713 540 1786 Hugonis
576 1713 693 1783 comitis,
722 1722 902 1787 cognomento
957 1717 1059 1772 ibidem
1081 1719 1270 1790 congregavit,
1297 1717 1440 1789 ipsamque
1462 1716 1600 1772 abbatiam
1621 1714 1756 1787 appellari

102 1799 206 1872 blegni,
233 1799 277 1870 qui
294 1816 355 1856 oum
371 1802 474 1857 caetcms
488 1801 655 1873 principibus
668 1802 703 1857 ad
717 1802 902 1872 accipiendam
956 1804 1018 1860 fecit
1034 1805 1124 1860 Sancti
1139 1805 1242 1860 Nrcolei
1257 1805 1291 1860 de
1308 1806 1399 1861 Prato.

102 1887 255 1941 Jemsalem
270 1888 406 1959 protectus
420 1889 448 1944 in
463 1890 558 1946 itinere
573 1899 694 1945 mortuus
711 1889 808 1945 luerat.
835 1890 903 1959 Quia
993 1894 1054 1948 loa.
1080 1893 1119 1948 Eo
1146 1900 1267 1962 tempore
1295 1893 1380 1949 sames
1407 1892 1647 1949 vehementissime
1672 1899 1756 1949 totam

104 1991 173 2045 ergo
198 1975 270 2030 idem
295 1976 389 2032 Simon
412 1994 557 2049 germanus
579 1986 638 2033 eret
663 1978 770 2033 liadulll
798 1977 904 2034 comitis
956 1982 1125 2054 provinciam
1140 1982 1285 2052 oppressit,
1315 1983 1352 2037 ita
1373 1990 1402 2038 ut
1424 1981 1516 2052 plures
1534 1982 1777 2037 lameintumcs-‘

104 2063 278 2127 Peronensis,
303 2075 329 2120 et
344 2064 462 2136 inclytus
483 2065 597 2121 Carolus
619 2081 712 2122 comes
726 2065 904 2122 a'tanarensis
957 2079 1065 2140 oerent;
1094 2086 1187 2126 comes
1203 2071 1285 2126 etiam
1309 2071 1420 2126 Carolus
1441 2086 1490 2140 per
1503 2078 1585 2125 tcum
1600 2069 1756 2124 Flendriam

105 2166 229 2207 sororem
246 2154 305 2222 ejus
328 2154 471 2227 conjugem
486 2155 612 2221 habebat,
640 2162 720 2225 pater
733 2154 816 2209 etiarn
830 2170 904 2224 prae-
958 2176 1007 2231 pro
1021 2176 1114 2215 avenae
1134 2160 1254 2230 penuria
1272 2159 1416 2214 cervisiam
1440 2157 1568 2229 componi
1588 2157 1755 2227 prohiberet,

105 2246 196 2303 dictus
213 2249 294 2320 Hugo
312 2266 460 2323 germanus
482 2251 569 2306 luerat
592 2251 708 2321 Philippi
730 2251 802 2324 regis
817 2251 837 2305 F
839 2265 904 2306 rau·
958 2249 1052 2305 dicens
1068 2248 1164 2303 melius
1178 2263 1239 2302 esse
1260 2256 1289 2302 ut
1302 2248 1400 2303 divites
1415 2263 1514 2320 aquam
1527 2246 1650 2301 biberent
1672 2260 1757 2317 quam

104 2349 212 2401 corum,
243 2338 322 2406 cujus
345 2336 416 2393 lilius
440 2339 592 2394 ludovicus
622 2347 685 2394 tuno
712 2355 823 2411 regnum
852 2339 906 2393 ha·
958 2352 1093 2409 pauperes
1114 2337 1188 2394 ieme
1209 2337 1342 2406 perirent.
1370 2334 1688 2392 Domnusetiamahbes
1707 2350 1757 2390 no·

104 2423 201 2491 hebet,
231 2424 293 2481 ideo
316 2425 407 2482 clerici
422 2427 619 2482 Noviomenses
645 2435 758 2499 propter
773 2426 905 2482 frustren-
959 2425 1474 2498 sterSegardus,miserieordiamotus,
1488 2424 1588 2479 taliaes
1599 2430 1757 2495 argenteos,

104 2512 168 2567 dem
207 2528 285 2582 spem
314 2514 525 2570 Tomacensiom
552 2530 613 2570 eum
651 2516 684 2569 ad
717 2515 906 2586 episcopatum
960 2522 985 2569 et
1000 2513 1052 2568 alia
1063 2514 1186 2585 quaedam
1198 2523 1359 2570 ornamenta
1369 2512 1499 2577 vendidit,
1519 2520 1545 2566 et
1561 2528 1594 2566 ex
1609 2512 1648 2566 eis
1662 2527 1759 2582 panem

104 2600 260 2673 elegerunt,
301 2609 328 2656 et
351 2604 537 2658 Tornacenses
560 2603 684 2672 protinus
710 2603 906 2658 interveniente
959 2604 986 2657 in
1007 2602 1164 2657 alimoniam
1201 2617 1349 2674 pauperum
1383 2601 1457 2655 emit.
1493 2601 1554 2656 Non
1588 2600 1672 2655 multo
1699 2608 1762 2670 post

103 2688 228 2761 glorioso
253 2690 353 2746 comite
377 2691 474 2746 Carolo
496 2692 598 2763 absque
609 2691 677 2745 altra
691 2690 906 2748 contradictione
959 2691 1104 2746 defunctus
1122 2695 1166 2746 est
1179 2690 1295 2745 domnus
1310 2688 1443 2745 liedulfus
1456 2689 1501 2744 ille
1514 2688 1756 2754 Northmenuicus,

104 2787 317 2845 consenserunt,
341 2780 405 2834 certi
427 2780 500 2851 quod
523 2780 545 2834 si
568 2779 652 2834 vellet
672 2779 775 2850 optime
800 2781 906 2834 Torua·
960 2780 1033 2850 prior
1057 2779 1085 2835 S.
1102 2778 1216 2834 amandi
1239 2777 1365 2834 ecclesiae
1379 2785 1486 2841 nostrae,
1521 2792 1584 2848 qum
1603 2777 1654 2831 sita
1672 2783 1713 2831 est
1733 2776 1762 2831 in

103 2881 217 2921 oensem
228 2867 381 2922 Ecclesiam
395 2884 493 2940 regere
508 2874 613 2937 posset.
633 2867 700 2936 Quia
712 2875 801 2922 tamen
817 2866 907 2923 adhuc
960 2882 1033 2939 pago
1047 2866 1233 2930 Noviomensi,
1253 2865 1428 2937 sepultosque
1444 2864 1526 2920 estin
1541 2865 1662 2920 claustro
1677 2878 1762 2936 prope

103 2949 180 3004 inira
199 2959 307 3006 aetatem
331 2959 357 3006 et
384 2952 453 3007 intra
480 2951 592 3007 ordines
607 2951 809 3007 Ecclesiasticos
838 2960 905 3017 erat,
960 2955 1194 3012 ostinmecoiesiae
1216 2969 1232 3008 a
1252 2953 1529 3009 domno'rheoderico
1553 2953 1650 3008 abbate
1666 2952 1758 3009 Sancti

106 3039 334 3111 archiepiscopus
349 3039 491 3096 hamensis
505 3039 634 3095 Radullus
648 3040 698 3094 sibi
713 3047 908 3111 presentatum
962 3044 1043 3116 Eligii
1056 3043 1258 3108 Noviomensis,
1274 3043 1320 3113 qui
1335 3058 1394 3097 eum
1411 3040 1602 3114 proreligione
1616 3056 1665 3095 sna
1680 3040 1759 3095 valde

104 3142 269 3185 consecrare
279 3129 390 3191 distulit,
400 3129 489 3185 donec
502 3128 667 3184 illellomam
680 3135 776 3198 petens
791 3127 909 3200 gratiam
962 3132 1094 3205 diligebat
1124 3149 1130 3187 :
1160 3133 1194 3188 de
1213 3133 1288 3199 quus
1311 3130 1386 3186 obitu
1410 3147 1472 3186 cum
1495 3129 1612 3185 domnus
1626 3129 1760 3186 Radullus

102 3232 189 3289 1²⁸1)ae
204 3217 330 3282 oblitust.
347 3225 374 3272 el
390 3225 495 3289 tllrtquu
510 3215 642 3272 Ecclesia}
657 3214 774 3285 praeluit.
963 3223 1127 3294 praepositus
1138 3229 1230 3276 noster
1245 3220 1357 3274 nimium
1372 3219 1590 3284 contristaretur,
1615 3219 1675 3287 ipse
1689 3232 1761 3290 quo·
1832 3234 1835 3240 ·

146 3309 208 3360 1⁰0·
236 3306 343 3360 laurea
370 3305 507 3360 Goutcrus
534 3304 706 3376 ptaeposilus,
721 3302 785 3358 dum
818 3315 910 3356 mrsus
964 3326 1016 3382 que
1031 3326 1086 3364 non
1106 3309 1193 3365 multo
1214 3316 1276 3378 post
1288 3307 1452 3381 gravissima
1466 3305 1588 3375 corporis
1604 3305 1763 3360 inilrmitate

107 3394 225 3450 Romam
241 3394 350 3465 repetit,
383 3393 409 3447 in
424 3393 490 3447 villa
504 3409 565 3464 qua
580 3392 679 3448 dicitur
692 3391 858 3447 Sarracenos
881 3389 908 3444 iu
964 3399 1047 3467 coepit
1062 3397 1188 3469 latigari3
1204 3397 1284 3465 cujus
1299 3403 1398 3467 quanta
1411 3393 1521 3449 ditectio
1535 3398 1607 3448 esset
1621 3393 1694 3448 circa
1710 3393 1765 3448 Eo·

106 3483 221 3538 diocesi
251 3481 370 3537 aunensi
397 3482 520 3546 moritur,
551 3485 578 3535 et
606 3481 633 3535 io
661 3479 774 3535 ecclesia
801 3479 907 3534 Suuotu
963 3486 1083 3553 alesiam,
1111 3488 1233 3556 aquam
1250 3483 1385 3554 integrum
1401 3481 1760 3537 ersanumsensumeaan

105 3570 358 3639 Maoaeseoeliturz
383 3570 557 3638 succeditque
578 3568 603 3624 ei
626 3567 811 3623 Theodericus
837 3566 908 3621 ado·
963 3575 990 3628 tn
1012 3573 1096 3629 tebrts
1114 3572 1266 3627 valetudine
1286 3571 1405 3626 baberet
1429 3569 1508 3626 tacita
1527 3568 1653 3625 ammons
1679 3567 1765 3637 potuit

106 3659 217 3714 lcareos
237 3656 309 3713 lilius
322 3657 483 3713 Theoderici
496 3656 582 3726 patula
596 3657 646 3711 aui.
664 3657 786 3712 Domuus
800 3669 909 3727 quoque
963 3662 1144 3721 innotescere.
1165 3662 1231 3718 Cum
1245 3660 1316 3716 enim
1327 3658 1388 3714 oleo
1400 3666 1495 3715 sancto
1509 3673 1525 3712 a
1540 3659 1641 3713 domno
1653 3656 1767 3724 abbate,

107 3748 181 3814 0⁶⁰2
210 3745 414 3803 &metttflussls
429 3746 584 3815 θβίὓΰῠβῦῦ,
612 3760 674 3799 cum
701 3757 832 3814 germano
861 3756 910 3797 ⁵1¹0
963 3758 1074 3821 totoque
1107 3756 1245 3805 conventu
1272 3748 1449 3818 lacrymante,
1478 3754 1624 3816 perunctus
1657 3744 1762 3811 luisset,
1828 3734 1833 3743 '

106 3837 211 3891 domno
227 3833 382 3890 Benedicta
402 3834 536 3889 monacho
549 3842 642 3888 nostro
656 3839 682 3888 et
692 3829 910 3902 eleemosynario
964 3854 1081 3907 eumque
1100 3844 1220 3907 quatuor
1237 3835 1287 3890 filii
1301 3836 1342 3891 sui
1366 3836 1400 3890 nd
1421 3843 1521 3890 terram
1543 3850 1622 3904 super
1644 3833 1764 3889 ciliciam

107 3928 213 4000 petenti
243 3927 329 3982 altare
360 3927 396 3983 de
421 3926 511 3982 lislda
542 3925 576 3980 ad
603 3941 735 3994 expensas
761 3939 910 3994 pauperum
964 3924 1161 3994 deposuissent,
1186 3931 1318 3994 rogantes
1332 3932 1371 3990 ut,
1397 3923 1476 3992 juxta
1499 3923 1653 3992 exemplum
1677 3921 1763 3977 sancti

106 4017 243 4083 dedisset,
269 4023 296 4071 et
318 4014 450 4085 quosdam
473 4014 589 4078 libellos,
618 4013 722 4068 scilicet
743 4012 778 4068 de
805 4026 911 4067 canone
963 4015 1078 4080 umora,
1094 4014 1123 4067 in
1138 4010 1367 4068 cinerectcilicio
1383 4009 1761 4081 trihusautquatuordieboa

108 4105 214 4170 missae,
240 4102 274 4159 de
289 4103 470 4173 disputatione
485 4108 581 4159 contre
594 4101 732 4168 Judaeum,
758 4100 792 4155 de
807 4099 910 4171 origine
963 4111 1156 4173 superterram
1170 4102 1257 4168 jecere
1271 4099 1386 4155 libenter
1405 4106 1551 4170 peteretur,
1575 4097 1760 4154 Theodericus

107 4195 219 4261 anima,
234 4192 447 4262 composuisset,
470 4190 629 4245 infirmitate
644 4189 768 4260 eorporis
781 4196 910 4260 gravatus
964 4206 1109 4263 germanus
1123 4190 1189 4257 ejus,
1213 4187 1340 4242 virdives
1355 4196 1382 4242 et
1393 4187 1542 4251 secularis,
1567 4187 1680 4242 audiens
1697 4201 1760 4242 eum

106 4282 299 4353 episcopatum
323 4279 441 4350 reliquit,
470 4293 555 4348 seque
569 4277 755 4349 Aquioiuctum
773 4275 801 4328 in
812 4275 908 4331 lectica
964 4279 1003 4334 sic
1028 4278 1164 4345 inhonori,
1193 4276 1315 4347 protinus
1339 4275 1466 4331 visitandi
1487 4274 1576 4347 gratia
1594 4274 1760 4344 supervenit,

105 4369 247 4440 deportari
257 4369 330 4423 lecit.
346 4366 552 4437 Quoddomnus
566 4364 703 4436 Segardus
718 4364 804 4419 abhas
814 4371 907 4418 noster
921 4338 950 4404 Ῑ)
964 4382 1081 4439 eumque
1095 4382 1157 4420 cum
1173 4364 1303 4420 incilicia
1324 4364 1464 4433 Jacentem
1479 4363 1573 4419 videns
1588 4365 1760 4418 vehementer

106 4458 235 4524 eudicus,
265 4457 386 4528 protinus
404 4471 465 4510 oum
490 4453 633 4510 monachis
653 4451 711 4507 suis
730 4451 793 4507 illuc
814 4449 908 4520 tendit,
964 4452 1500 4522 fleret,illeeumdesaeculicontempta
1517 4450 1761 4523 exhor-taricoepit,

106 4554 194 4617 utque
208 4563 237 4601 se
251 4546 286 4600 ad
302 4544 450 4602 Ecclesiam
466 4542 558 4599 Sancti
570 4540 675 4596 ‚llartini
690 4555 798 4613 quamn
813 4539 911 4594 laula-
963 4544 1056 4599 dicens
1069 4541 1180 4596 omnino
1195 4539 1431 4612 parvipendendas
1446 4539 1541 4594 mundi
1557 4538 1673 4605 divitias,
1686 4553 1756 4610 quo-

107 4634 213 4690 mentis
224 4641 423 4700 construxerat,
441 4633 486 4686 ubi
503 4632 592 4702 primo
607 4630 767 4695 monachus,
790 4627 910 4699 primus·
963 4632 1037 4686 niam
1047 4631 1069 4686 si
1084 4630 1179 4694 adam.
1197 4629 1293 4702 inquit,
1313 4629 1348 4682 ab
1362 4628 1439 4682 initio
1455 4627 1547 4681 mundi
1562 4641 1649 4696 usque
1663 4625 1691 4679 in
1705 4626 1757 4683 ho·

105 4739 164 4795 que
196 4721 284 4775 abbas
316 4720 451 4789 extiterat,
484 4718 584 4774 deterri
616 4717 762 4790 permittat,
795 4716 908 4786 expetit.
962 4719 1086 4775 diernum
1101 4717 1173 4772 diern
1187 4716 1213 4771 in
1229 4715 1329 4771 divitiis
1343 4715 1464 4783 vixisset,
1479 4721 1506 4770 et
1519 4712 1599 4769 hodie
1613 4730 1675 4769 eum
1690 4713 1759 4770 mori

106 4809 166 4867 Sed
198 4810 280 4866 abhas
313 4808 501 4880 aquicinensis
534 4807 643 4864 aluisus
674 4806 739 4861 dicit
770 4820 802 4859 se
834 4803 908 4859 nullo

115 4898 201 4954 modo
227 4912 383 4969 passurum,
422 4905 451 4950 ut
484 4911 563 4967 quem
601 4893 651 4949 sibi
682 4894 755 4949 heus
785 4892 907 4960 dederat,

105 4986 175 5042 alibi
207 4985 368 5042 deferretur.
418 4983 519 5056 Sicque
551 4980 619 5038 inira
651 4990 711 5039 octo
743 4980 803 5036 dies
835 4980 907 5036 idem

105 5086 258 5158 episcopus
272 5083 427 5149 defunctus,
451 5082 479 5137 io
494 5081 607 5138 ecclesia
622 5078 798 5152 aquicinensi
814 5094 908 5135 coram

106 5181 241 5254 crucihm
268 5198 330 5239 cum
358 5196 461 5254 magno
489 5182 592 5237 honore
624 5177 754 5250 sepelitur
781 5196 788 5232 :
816 5184 845 5233 et
872 5176 908 5234 de

107 5280 230 5339 candido
254 5294 393 5337 mmmore
429 5279 521 5350 imago
545 5277 606 5347 ejus
643 5291 728 5346 super
754 5273 909 5348 sepulcrum

107 5380 169 5450 ejus
189 5378 343 5450 sculpitur;
373 5376 552 5449 succeditque
575 5374 604 5431 in
618 5372 776 5448 episcopatu
799 5373 908 5445 quidam

107 5475 288 5533 burchardus.

962 4808 1141 4878 contingeret,
1170 4804 1236 4861 nihil
1252 4804 1278 4860 ei
1291 4804 1434 4873 prodesset
1449 4801 1521 4874 quod
1537 4801 1626 4857 tandiu
1642 4818 1691 4858 ees
1706 4804 1758 4859 ha-

962 4895 1074 4951 buisset.
1091 4895 1166 4949 lnter
1181 4902 1282 4949 caetera
1296 4891 1377 4948 ctiam
1393 4890 1433 4948 sio
1449 4898 1528 4947 terrae
1539 4890 1636 4961 jacens
1646 4891 1759 4948 interro·

961 4983 1037 5058 gavit
1055 4982 1103 5039 ubi
1122 4998 1214 5039 eomes
1236 4980 1351 5037 Carolus
1372 4988 1456 5047 esset,
1486 4979 1527 5037 rei
1553 4979 1618 5052 quid
1647 4979 1756 5038 iaceret.

962 5080 1014 5138 Coi
1036 5095 1100 5136 cum
1123 5078 1171 5135 tilii
1185 5079 1227 5135 sui
1244 5078 1368 5135 dicerent
1388 5092 1423 5133 aa
1437 5077 1473 5134 de
1486 5078 1584 5134 talibus
1597 5078 1756 5149 inquireret,

962 5178 1011 5236 scd
1032 5175 1204 5233 solummodo
1218 5174 1316 5231 anime
1329 5189 1386 5230 sue
1404 5174 1615 5231 sollicitudinem
1634 5172 1756 5243 haberet,

962 5274 1008 5332 ille
1020 5275 1192 5347 respondens
1212 5289 1220 5330 :
1247 5273 1353 5340 «Vere,
1375 5271 1472 5344 iuquit,
1491 5273 1526 5328 de
1541 5287 1618 5344 pace,
1643 5279 1671 5327 et
1683 5277 1756 5329 stato

961 5380 1017 5428 um
1041 5371 1105 5427 boni
1119 5369 1250 5442 principis
1269 5368 1381 5425 omnino
1401 5367 1508 5426 sobiciti
1529 5384 1589 5425 esse
1613 5368 1757 5438 debemus,

963 5466 1091 5540 quoniam
1103 5467 1133 5526 in
1146 5481 1215 5541 pace
1227 5465 1300 5525 illius
1315 5465 1366 5525 erit
1379 5481 1433 5540 pax
1446 5463 1642 5536 Ecclcahrum,
1658 5465 1685 5522 in
1700 5473 1760 5523 tur·
