3728 6000
109 276 156 332 tat
706 276 928 336 dubitativa
947 276 1159 338 ouationes.

1706 282 1762 336 221

105 418 159 460 uon
175 417 347 474 peccassem.
365 404 420 462 Sed
432 405 505 462 lieu!
521 421 605 476 quain
616 404 799 461 timeonchoc
815 405 904 474 ipsum
920 404 947 465 Α
962 421 1015 461 ιιι
1030 406 1161 463 excludas
1177 423 1220 461 me
1234 407 1269 463 ab
1289 407 1416 477 amplexu
1430 404 1624 476 redemptionis
1632 402 1758 477 tuae3qui

106 493 182 563 quod
204 502 272 549 tunc
286 494 424 558 tcamavi,
446 499 585 565 proveniat
611 494 676 548 milii
704 494 730 549 in
753 494 904 562 judicium;

105 582 179 650 quia,
195 582 219 636 ei
234 590 289 636 tarn
304 599 388 654 grave
403 591 444 638 est
459 599 573 654 peccare
590 592 653 652 post
671 590 809 651 acceptam
833 581 905 637 noti-

105 670 169 725 tiain
186 671 322 733 veritatis.
339 687 419 742 quam
433 673 628 743 gravissimum
645 682 706 740 post
718 684 829 743 gustum
843 671 906 726 beiti

104 759 151 824 tui,
167 767 232 829 post
247 768 387 830 acceptum
401 761 572 816 dulcedinem
588 770 640 816 tuae
652 761 803 815 dilectionis
817 762 822 814 l
835 760 905 814 Nam

105 848 185 903 etiam
203 848 309 916 inipso
338 848 527 918 pueritiamea
557 865 625 919 puer
640 850 759 919 impurus
784 848 842 918 jam
872 865 904 903 eit

103 937 191 1007 gratia
205 945 252 991 tua
268 942 294 992 te
309 938 447 1004 amabam,
462 946 490 993 et
512 946 606 992 tamen
629 953 683 992 non
713 937 853 1006 pueriliter
878 938 905 992 in

104 1034 129 1078 te
142 1025 305 1096 peccabam.
320 1026 427 1082 Ettuuc
442 1043 527 1096 usque
543 1042 615 1081 nnnc
636 1042 773 1098 uunquam
800 1027 905 1082 cessavi

103 1129 231 1184 peccare,
249 1130 299 1169 nec
312 1121 341 1168 ιι
357 1115 421 1169 mihi
435 1115 504 1171 bene
521 1115 621 1170 facere.
641 1115 711 1184 Quid
739 1123 833 1179 restat,
853 1115 905 1170 nisi

103 1210 130 1256 ut
145 1202 255 1258 dicatur
269 1202 335 1257 mibi
352 1221 359 1257 :
377 1206 515 1275 decepisti
542 1203 614 1260 benc
632 1205 663 1259 ιιι
679 1206 737 1260 ιιιι
753 1209 803 1260 ιιι
825 1203 903 1272 (ιιι.

102 1293 170 1361 xvi).
181 1292 237 1347 Sed
252 1296 393 1357 converte,
411 1293 535 1357 Domina,
549 1292 680 1362 judicium
696 1301 769 1348 tuum
784 1294 811 1347 iu
822 1294 905 1347 misc·

103 1379 264 1444 ricordiam,
281 1387 307 1434 et
321 1380 356 1436 de
371 1390 484 1453 peccate
512 1381 612 1436 damna
627 1389 776 1453 peccatum,
803 1390 831 1436 ut
858 1379 904 1452 qui

102 1469 176 1539 juste
190 1485 235 1525 nie
250 1469 380 1525 damnare
403 1470 497 1535 habes,
513 1486 565 1541 pro
592 1471 698 1525 tantillo
730 1485 823 1525 amore
851 1484 904 1541 quo

104 1563 168 1613 tunc
181 1565 210 1613 te
225 1558 362 1628 amabam,
377 1567 490 1628 accepta
504 1573 577 1614 nunc
592 1560 725 1631 exgratia
740 1567 784 1613 tua
812 1558 903 1630 pleni-

103 1643 196 1700 tudine
220 1647 323 1700 amoris
339 1646 387 1707 tui,
403 1647 511 1702 veniam
539 1646 567 1701 iri
593 1647 727 1716 judicium
761 1651 845 1706 tuum.
876 1654 903 1701 et

959 512 1009 566 per
1024 498 1115 551 omnia
1130 494 1262 551 desidero
1276 498 1478 552 communicare
1498 495 1571 551 cruci
1587 502 1650 549 tuae.

996 585 1035 638 Tu
1046 584 1155 639 dixisti:
1171 584 1418 651 liiiioiiidictem,·
1433 583 1643 655 epoietribnem
1659 582 1753 647 (Rom.

960 676 1021 742 xri).
1040 674 1227 746 Nequaquam,
1244 689 1260 729 o
1276 674 1481 746 benignissime.
1502 673 1555 728 Sed
1575 671 1640 726 mibi
1665 669 1758 725 vindi-

959 770 1041 826 ctam,
1055 770 1086 817 ut
1101 777 1153 833 ago
1168 763 1324 833 poeniteam.
1349 762 1519 817 Horrendum
1534 769 1575 816 est
1596 759 1716 816 incidere
1730 757 1759 813 in

960 866 1055 904 marius
1071 851 1119 905 Dei
1136 851 1262 904 viventis.
1283 851 1403 921 Praecipe
1419 850 1552 922 quidquid
1567 849 1623 915 vis;
1653 847 1700 903 sed
1721 846 1757 903 da

959 938 1024 992 milii
1039 938 1192 1010 intelligere
1206 947 1233 993 et
1247 955 1338 1010 posse,
1355 939 1427 1010 quod
1443 939 1578 1009 precipis,
1595 937 1639 1008 qui
1652 937 1705 1005 jam
1728 934 1757 991 itt

958 1026 1010 1082 boc
1026 1027 1124 1081 dedisti
1137 1035 1262 1097 paratum
1278 1043 1326 1083 cor
1339 1043 1441 1093 meum,
1456 1035 1484 1082 ut
1499 1042 1515 1082 a
1530 1023 1757 1082 iaciendavoluu·

959 1123 1010 1169 tate
1025 1123 1070 1169 tua
1085 1115 1111 1169 in
1128 1116 1201 1170 nullo
1216 1133 1245 1171 se
1260 1116 1404 1170 subtrahat
1418 1132 1466 1172 eor
1482 1116 1524 1171 vel
1539 1130 1640 1185 corpus
1651 1128 1755 1168 meum.

957 1203 997 1258 Tu
1015 1204 1174 1275 cognovisti
1196 1204 1349 1260 sessionem
1372 1220 1472 1270 meam,
1488 1210 1515 1260 et
1527 1202 1756 1258 resurrectionem

957 1307 1058 1360 ineam,
1079 1300 1107 1347 et
1124 1292 1215 1347 omnia
1234 1308 1293 1348 mea
1314 1293 1463 1348 novissima
1478 1300 1505 1347 et
1522 1290 1633 1362 antiqua
1657 1289 1750 1357 (Paul.

957 1384 1099 1449 cxxxviii).
1116 1381 1244 1436 Deforme
1256 1397 1300 1436 me
1315 1397 1331 1436 a
1343 1381 1452 1446 saeculo,
1462 1381 1558 1437 cuimc
1570 1375 1753 1441 conformavi:

959 1469 1048 1524 forma
1063 1477 1089 1524 et
1108 1470 1248 1525 conforma
1262 1486 1306 1525 me
1323 1471 1419 1542 gratiae
1435 1477 1486 1524 tuae
1512 1468 1546 1522 ad
1575 1483 1656 1537 quam
1685 1480 1755 1521 con-

958 1558 1025 1628 fugi,
1040 1564 1067 1614 et
1080 1559 1114 1613 da
1128 1558 1205 1614 cordi
1221 1574 1284 1614 ineo
1299 1558 1415 1614 formam
1430 1557 1538 1629 placitae
1552 1555 1601 1611 tibi
1618 1554 1755 1624 poeuiten·

957 1647 1012 1702 tiae.
1033 1648 1074 1701 De
1089 1647 1168 1701 etiam
1186 1648 1262 1711 inibi,
1284 1647 1408 1714 Domine,
1424 1645 1503 1701 fidem
1514 1660 1611 1716 puram
1627 1651 1652 1698 et
1667 1642 1755 1698 devo·

103 1750 253 1806 appaream
267 1733 294 1788 in
309 1739 402 1790 sancto
421 1740 477 1801 too,
500 1739 527 1790 et
552 1735 580 1790 iu
595 1736 680 1790 oculis
708 1735 943 1813 misericordiaess
959 1743 1024 1799 tarn,
1040 1736 1122 1806 piam.
1138 1735 1233 1790 fertem
1253 1744 1280 1791 ct
1293 1735 1495 1802 inconcussam,
1516 1740 1545 1789 ut
1572 1732 1650 1788 dieas
1675 1731 1755 1786 etiam

103 1826 169 1889 ιιι,
184 1839 218 1879 ea
232 1822 338 1878 ratione
353 1839 406 1892 qua
421 1825 547 1894 apparuit
559 1824 698 1896 peccatrix
714 1824 772 1891 illa,
788 1824 822 1880 de
851 1840 904 1894 qua

105 1910 215 1966 dixisti:
231 1911 429 1968 Dimittuntur
442 1915 469 1969 ei
483 1919 599 1985 peccate
609 1915 854 1986 meltc.qiioriiem
864 1913 907 1968 di-

102 2000 177 2055 lexit
189 2002 314 2056 multem
329 2002 405 2072 (faie.
419 2008 479 2070 vii).
498 2001 551 2058 Sed
578 2002 696 2074 primurn
719 2001 832 2073 dignare
860 2016 908 2057 cor

101 2103 194 2143 meum
221 2090 284 2162 igne
294 2088 408 2160 perfecti
422 2089 523 2145 umoris
538 2093 587 2155 tui,
603 2089 717 2146 exsudet
732 2106 748 2145 a
775 2107 818 2146 ine
845 2106 906 2147 ina-

101 2192 175 2249 gnus
193 2178 253 2246 ejus
267 2177 359 2244 ardor,
377 2187 404 2233 et
420 2187 553 2249 excoquat
575 2195 658 2234 omne
686 2179 791 2249 peccati
819 2194 905 2234 vene·

102 2281 185 2330 uum:
201 2266 324 2337 exploret
338 2274 365 2321 et
378 2266 461 2322 diluat
477 2267 604 2340 lacrymis
619 2267 760 2324 oculorum
780 2283 905 2323 macrum

103 2369 186 2410 omne
198 2354 373 2411 conscientiae
389 2373 457 2412 meae
474 2358 651 2430 contagium
680 2356 814 2412 excruciet
842 2372 904 2412 crux

960 1824 1036 1885 mibi.
1052 1824 1166 1896 gratiam
1185 1824 1251 1878 dans
1266 1840 1314 1892 pro
1329 1825 1443 1894 gratita.
1465 1823 1578 1888 «Vade,
1599 1819 1664 1893 quia
1687 1817 1756 1876 fides

959 1920 1002 1968 tua
1018 1918 1044 1968 te
1058 1911 1161 1968 salvum
1176 1912 1239 1967 iecit
1254 1913 1334 1976 (Luc.
1350 1918 1432 1980 viil.»

1226 2000 1418 2056 nuntiatio
1439 2001 1484 2057 vt.

960 2090 1203 2161 Anirnnpcndiem
1214 2089 1369 2152 beatorum.
1385 2090 1536 2148 arealem.
1547 2089 1576 2145 id
1600 2092 1643 2145 eat
1656 2091 1755 2156 Deam,

995 2183 1128 2235 eturcom
1147 2178 1358 2243 testamentiid
1380 2182 1423 2234 eat
1437 2178 1619 2235 bumciiitntc
1638 2177 1754 2246 Christi,

994 2268 1215 2339 contempletur.

997 2379 1007 2404 ι
1026 2356 1089 2411 llidi
1103 2355 1202 2411 ostium
1215 2363 1340 2426 opertum
1354 2355 1382 2410 iii
1392 2355 1473 2422 cralo,
1493 2379 1504 2404 i
1520 2355 1558 2411 ait
1573 2355 1756 2410 beatualoau·

103 2448 149 2498 tua
162 2443 295 2516 quidquid
317 2445 539 2515 concupiscentia
567 2445 669 2511 carnis,
685 2445 906 2517 concupiscentia
959 2460 1018 2512 nea,
1046 2453 1101 2501 «et
1129 2460 1183 2500 vox
1218 2445 1304 2513 prima
1334 2459 1416 2516 quam
1451 2445 1553 2510 audivi,
1575 2444 1655 2514 quasi
1685 2442 1757 2498 tubae

105 2536 244 2588 oculomm
258 2540 286 2587 et
300 2532 426 2605 superbia
437 2534 499 2589 vitae
515 2534 598 2607 longo
626 2533 803 2607 negligentiae
833 2549 905 2588 meaa
959 2534 1093 2606 loquentis
1109 2549 1224 2598 meeum,
1240 2534 1332 2589 dicens
1347 2552 1354 2589 ε
1372 2534 1559 2591 Αιιιιιιιιιιι
1573 2535 1667 2605 tdpec.
1682 2534 1754 2602 tali

110 2621 162 2675 situ
177 2629 217 2676 eat
231 2628 415 2688 contractum
433 2629 528 2693 pereat
542 2623 579 2677 ab
607 2622 790 2692 increpatione
816 2623 906 2678 vultus
960 2621 1128 2688 ODomine,
1149 2622 1193 2692 qui
1218 2623 1318 2677 coelum
1338 2630 1365 2676 et
1393 2630 1492 2676 terrain
1519 2621 1626 2685 creasti,
1655 2628 1755 2674 terram

113 2708 159 2773 tui,
173 2709 303 2780 quidquid
319 2726 352 2765 ex
368 2709 507 2766 voluntate
520 2711 609 2766 carnis
621 2710 665 2767 vel
680 2726 814 2767 consensu
826 2727 906 2766 rnen·
959 2719 1046 2767 autem
1075 2711 1103 2764 in
1123 2719 1234 2781 peccato
1263 2715 1290 2765 et
1314 2726 1397 2782 opere
1426 2711 1516 2765 Adam
1543 2708 1755 2776 maledixisti,at

115 2796 154 2866 ιιι,
175 2798 315 2854 ιιιιιιιιι
335 2806 377 2854 est
405 2806 431 2854 et
455 2797 611 2855 suffossum.
637 2799 762 2867 Domine,
785 2800 907 2870 quivult
959 2800 1021 2856 liliis
1053 2799 1113 2869 ejus
1144 2800 1277 2869 deputasti
1315 2798 1527 2867 inhabitandam,
1553 2798 1579 2854 in
1605 2812 1658 2870 qua
1687 2795 1749 2870 qui·

118 2886 208 2953 audiat,
234 2895 260 2944 et
301 2886 414 2942 irrideat
441 2903 486 2943 me
510 2888 702 2954 confitentem
731 2889 823 2943 videat
844 2905 905 2945 cuin
959 2906 1064 2961 cunque
1088 2888 1223 2954 habitant,
1252 2888 1302 2944 sub
1348 2887 1491 2944 maledicto
1524 2895 1596 2952 sunt,
1636 2901 1698 2943 cuin
1727 2891 1754 2940 et

120 2975 255 3045 peccatrice
271 2974 362 3031 tuaad
378 2975 460 3047 pedes
473 2976 670 3033 misericordiae
685 2985 741 3034 tuae
759 2979 903 3045 jacentem,
959 2979 1058 3034 veteris
1096 2977 1233 3032 maledicti
1267 2992 1362 3047 paenas
1395 2978 1470 3031 luunt
1511 2984 1661 3041 continuas,
1701 2974 1755 3029 dc·

122 3060 239 3119 lavantem
254 3064 382 3136 lacrymis
397 3064 499 3133 cordis,
520 3074 546 3120 et
573 3066 905 3138 unguentopiaedavotio·
958 3066 1119 3122 cliiiaudoa
1148 3065 1281 3120 mandatis
1309 3067 1373 3132 tuis,
1400 3065 1476 3120 novis
1509 3065 1627 3134 quotidie
1655 3078 1753 3120 eumu-

124 3148 323 3224 niaungentetn.
341 3152 491 3207 Eatomnis
514 3154 665 3208 substantie
684 3170 756 3218 mea,
775 3158 903 3223 quamtu·
958 3155 1057 3221 lentur,
1082 3154 1117 3209 de
1145 3153 1242 3225 quibus
1269 3155 1390 3208 dicitur:
1419 3153 1581 3208 «Maledicti
1610 3149 1757 3224 quidecli·

126 3233 305 3309 ltcnniiueest,
325 3241 385 3296 aive
408 3240 582 3313 incorpore,
611 3242 668 3296 sive
694 3242 722 3296 in
749 3243 849 3306 anime,
876 3244 904 3297 in
958 3252 1061 3299 nanta
1089 3244 1224 3298 mandatis
1251 3242 1305 3297 tuis
1331 3243 1419 3313 (Paul.
1446 3241 1553 3310 cxviii),
1580 3264 1591 3288 i
1623 3248 1753 3311 pertesus

127 3328 224 3394 pretinm
238 3328 332 3400 placiti
349 3329 399 3384 tibi
414 3330 553 3399 unguenti,
566 3331 640 3402 quod
660 3329 797 3387 effundam
821 3347 905 3400 super
957 3340 995 3387 tot
1010 3331 1230 3387 maledictionum
1246 3345 1382 3384 novarum
1397 3335 1425 3385 et
1448 3329 1631 3402 antiquarum,
1655 3326 1752 3399 quibus

127 3423 189 3484 caput
213 3423 297 3483 tuum,
316 3417 398 3488 cujus
430 3428 510 3489 caput
542 3419 635 3487 Deus;
659 3427 685 3474 et
704 3435 788 3489 super·
820 3421 904 3489 pedes
958 3429 984 3476 et
999 3437 1059 3492 quae
1075 3436 1129 3475 non
1144 3419 1232 3490 rapui,
1249 3434 1337 3490 cogor
1352 3418 1503 3485 exsolvere,
1520 3427 1546 3472 et
1574 3431 1633 3485 quaa
1663 3413 1751 3484 rapui,

127 3507 180 3572 tuos,
202 3505 279 3576 cujus
309 3522 374 3576 parii
405 3507 460 3563 ime
487 3507 646 3563 humilitatis
682 3515 781 3563 nostine
809 3515 905 3563 natura
957 3524 1018 3566 cuin
1035 3509 1175 3579 multiplici
1191 3507 1283 3562 fenore
1299 3506 1516 3579 exigor:quam
1533 3504 1656 3571 libenter,
1672 3516 1755 3574 quain

127 3596 165 3645 ast.
194 3595 343 3650 tturinuret
375 3595 523 3651 Pbarisaeus
552 3614 559 3650 :
588 3597 629 3652 Tu
670 3596 798 3651 miserere
837 3598 902 3662 mei,
957 3598 1146 3653 desideranter
1161 3596 1287 3668 fugerem
1309 3597 1344 3651 de
1378 3603 1452 3650 terra
1485 3602 1577 3649 nostra
1600 3591 1626 3648 in
1655 3593 1754 3648 coelnm

128 3677 277 3739 Deusineus.
293 3682 403 3738 Frentat
425 3683 452 3738 iu
469 3684 653 3740 medentibus
668 3683 829 3740 furloculos
852 3687 904 3740 ba·
957 3695 1041 3750 tuum,
1056 3685 1129 3757 quod
1144 3685 1227 3739 semel
1244 3685 1402 3739 mundatum
1427 3699 1443 3739 a
1469 3681 1605 3752 superbia,
1635 3678 1755 3752 projecto

128 3764 188 3836 bena,
200 3771 261 3825 durii
278 3771 324 3827 tibi
340 3771 475 3844 placeam,
492 3789 546 3828 non
570 3774 753 3845 magnipendo
776 3774 819 3830 cui
846 3774 904 3829 dia·
956 3775 1020 3830 iude
1033 3774 1161 3845 superbo.
1174 3773 1221 3829 tibi
1236 3773 1381 3841 retinuisti,
1397 3772 1422 3828 si
1437 3787 1580 3828 ascensum
1607 3768 1755 3825 invenirem

126 3855 293 3925 plicetur.Sit
320 3860 380 3926 tibi,
404 3876 517 3917 cernor
538 3861 628 3917 cordis
655 3863 903 3935 inei,quotidiana,
957 3870 984 3919 et
998 3863 1098 3918 ostium
1110 3871 1246 3934 apertum.
1263 3861 1349 3917 dudio
1378 3862 1444 3917 nihil
1472 3878 1533 3917 esse
1557 3860 1594 3915 ibi
1622 3856 1754 3914 malorum

127 3943 302 4004 inocentinua
317 3950 375 4006 baec
386 3950 476 4006 unctio
491 3966 565 4016 mea;
578 3951 650 4020 quia,
674 3967 736 4006 cuni
763 3964 837 4020 ungo
866 3958 901 4017 te,
957 3952 1077 4007 omniurn
1093 3968 1155 4024 ιιι
1168 3952 1210 4005 liic
1222 3951 1358 4020 patiinnr;
1375 3966 1428 4005 nou
1443 3966 1503 4004 esse
1524 3949 1561 4004 ibi
1589 3946 1752 4002 matutinum

126 4034 272 4101 tumeliam
289 4035 462 4089 me.Natura
479 4035 653 4106 quippemea
670 4035 796 4105 nequitiae
824 4035 904 4090 iuve-
957 4046 1150 4108 etvesperam,
1179 4037 1339 4092 matutinum
1372 4037 1473 4092 lactitiae
1493 4053 1546 4090 nou
1573 4033 1753 4105 demorantis,

126 4125 201 4178 enta
213 4122 383 4194 respondens
402 4123 538 4186 dutitiam.
558 4124 626 4179 secla
641 4130 681 4178 esi
694 4123 767 4178 sicul
792 4131 852 4178 ulcr
876 4123 903 4177 in
956 4143 1097 4199 vesperam
1126 4125 1292 4182 demorantis
1321 4125 1410 4190 fletus,
1437 4125 1649 4197 quornmaxitus
1664 4122 1753 4179 tuscis

124 4211 222 4277 pniiua;
238 4227 300 4284 quae
315 4211 366 4267 nisi
377 4213 509 4284 unguenti
523 4211 605 4282 hujus
622 4212 759 4268 suavitate
776 4212 904 4268 continua
957 4224 1086 4289 quantum
1102 4232 1144 4270 mc
1159 4215 1322 4283 delectaret;
1339 4214 1387 4268 sod
1403 4229 1483 4268 uriam
1498 4212 1534 4267 ibi
1554 4227 1617 4267 esse
1627 4212 1702 4267 diam
1717 4211 1753 4267 da

122 4293 301 4364 demulceatur,
318 4300 438 4372 rigescit,
450 4301 579 4365 durescit,
594 4309 621 4356 et
635 4308 739 4372 crepat,
765 4309 791 4355 et
813 4299 902 4356 effun-
956 4304 1072 4360 visionis
1087 4311 1140 4361 tuae
1159 4303 1289 4359 continua
1304 4304 1393 4375 gloria
1414 4302 1549 4368 festivam,
1565 4301 1691 4355 feriatam
1717 4298 1754 4354 ab

121 4382 159 4453 dit,
174 4386 196 4441 si
210 4388 275 4458 quid
289 4387 355 4444 boni
374 4390 410 4443 tui
425 4389 497 4445 intus
508 4388 607 4445 liabere
619 4390 733 4446 videtur.

148 4473 238 4530 Dixisti
253 4492 261 4530 ε
289 4477 364 4544 Quod
379 4476 477 4532 ιιιιιι
492 4476 550 4533 ιιι
564 4480 634 4549 fecit
648 4479 744 4544 (llere.
761 4478 829 4546 xiv).
861 4457 943 4531 DaD

116 4560 183 4629 inibi,
211 4563 336 4630 Domine,
361 4563 476 4622 fideliter
496 4565 588 4622 facere
613 4566 672 4631 tibi,
699 4566 829 4639 quidquid
852 4566 905 4620 ha·

115 4648 170 4714 beo,
181 4652 309 4723 quidquid
325 4652 391 4721 scio,
403 4654 534 4727 quidquid
545 4671 615 4720 sum,
628 4655 757 4726 quidquid
773 4671 882 4726 possum
896 4673 903 4719 ;

110 4740 174 4796 niliil
194 4741 258 4797 mibi
278 4757 430 4797 reservem.
457 4743 559 4798 ‘fecum
584 4743 672 4798 babeo
691 4757 813 4811 causam,
842 4760 903 4800 cuin

108 4829 180 4885 nulle
195 4830 352 4896 hominum
375 4829 410 4884 ad
425 4831 511 4901 pedes
525 4831 718 4887 misericordiae
741 4835 795 4887 ιιι
814 4833 902 4902 jaceo,

107 4926 142 4981 ibi
165 4925 276 4997 jacebo,
305 4925 343 4982 ibi
375 4926 500 4999 plorabo,
525 4928 612 4984 donee
645 4944 688 4984 me
707 4928 791 4984 facias
809 4929 904 4986 audire

107 5038 201 5080 rocem
217 5029 290 5077 tuam
308 5021 419 5090 bonam,
434 5022 565 5091 judiciuin
593 5023 647 5081 oris
666 5023 715 5088 tui,
742 5025 902 5080 sententiam

101 5120 277 5190 justitiaetuae
289 5127 402 5184 etnreie.
415 5122 478 5192 quia
490 5138 506 5177 a
516 5130 541 5177 te
552 5121 615 5178 mibi
625 5121 706 5187 datie,
714 5122 903 5180 dimittuntur·

103 5219 252 5290 ciperente
258 5218 500 5292 malleatoriam
511 5219 831 5287 dilexitmiiltamlfuc.
842 5221 900 5292 vii).

103 5315 231 5380 Domine,
246 5329 295 5386 per
305 5330 386 5371 cinna
396 5315 543 5385 judicium,
559 5317 631 5387 quod
651 5315 726 5372 dedit
740 5316 789 5371 tibi
814 5318 901 5385 later,

99 5413 224 5485 praeveni
248 5427 293 5469 me
306 5414 358 5470 hoc
373 5413 480 5481 merito,
497 5421 524 5470 et
539 5412 636 5484 judica
649 5431 694 5470 ine
707 5413 762 5471 hoc
786 5415 900 5484 jndicio,

101 5507 166 5581 quie
181 5520 278 5564 amere
291 5507 393 5563 amoris
403 5506 441 5563 tui
454 5506 527 5564 malo
542 5507 594 5565 boc
605 5507 710 5579 judicio
722 5507 866 5582 justificari
876 5517 902 5566 at

99 5604 212 5675 ιιιιιιι,
226 5618 311 5679 qnam
324 5603 378 5663 atto
388 5603 758 5682 magnificarietglorifiraii.
774 5605 900 5676 Domine,

957 4393 1091 4457 omnibus,
1105 4409 1166 4462 ιιι
1185 4391 1284 4447 festum
1304 4392 1393 4445 vultus
1415 4390 1452 4444 lui
1478 4388 1658 4444 interturbare
1686 4402 1753 4457 ροι-

958 4481 1021 4536 sint.
1038 4481 1133 4543 dudio.
1155 4481 1218 4551 quia
1243 4480 1325 4552 ignis,
1342 4479 1457 4551 grando,
1479 4479 1533 4545 iiix,
1562 4478 1676 4551 glacies,
1692 4475 1753 4546 spi·

960 4569 1026 4624 ritus
1040 4568 1302 4641 procellarum,illuc
1312 4583 1364 4624 nou
1380 4567 1539 4631 ascendunt,
1554 4582 1614 4638 ιιι
1628 4565 1663 4621 ad
1682 4564 1752 4622 aflli-

957 4660 1063 4732 gendos
1078 4673 1136 4723 nos,
1153 4657 1280 4714 facientia
1296 4656 1408 4711 verbum
1422 4664 1509 4720 tuum,
1525 4671 1610 4726 super
1624 4670 1673 4709 nna
1700 4655 1754 4711 hoc

958 4747 1070 4801 assidue
1085 4747 1274 4811 descendunt;
1290 4745 1364 4799 nulla
1385 4743 1423 4799 ibi
1447 4758 1520 4798 mors
1548 4742 1590 4797 vel
1616 4743 1753 4816 corruptio

957 4850 1105 4906 corporum
1127 4834 1169 4890 vel
1196 4834 1357 4900 animarum,
1391 4840 1497 4888 remota
1533 4831 1640 4902 penitus
1664 4831 1753 4887 omnis

957 4923 1189 4995 perturbationum
1204 4923 1296 4994 pestis,
1325 4937 1377 4975 una
1401 4920 1439 4974 ibi
1454 4922 1552 4989 virtus,
1569 4936 1623 4975 uua
1639 4919 1752 4977 felicitas

957 5029 984 5077 et
994 5021 1135 5093 gaudium,
1156 5019 1273 5076 charitas
1288 5026 1333 5074 tua
1366 5017 1455 5074 fruens
1474 5019 1545 5074 bono
1579 5034 1628 5074 suo
1649 5019 1753 5090 absque

957 5119 1113 5189 suspicione
1128 5117 1273 5190 perdendi.
1309 5115 1394 5171 Audio
1410 5115 1497 5171 adbuc
1526 5115 1652 5172 festivam
1679 5115 1752 5170 diem

957 5219 1030 5273 illam
1046 5217 1203 5290 augelorum
1219 5214 1325 5287 gaudiis
1339 5222 1367 5270 et
1382 5214 1506 5269 laudibus
1520 5214 1668 5279 celebrem,
1683 5229 1753 5284 apo-

957 5316 1086 5372 stolorum
1102 5322 1286 5386 etmartyrum
1298 5311 1407 5369 coronis
1421 5311 1577 5384 gloriosam,
1594 5310 1754 5367 atomuium

957 5413 1100 5479 bonorum,
1117 5411 1162 5483 qui
1181 5411 1217 5465 ab
1233 5411 1310 5466 initio
1330 5409 1379 5465 tibi
1406 5408 1576 5477 placuerunt,
1600 5408 1752 5467 Ecclesiam

956 5509 1023 5566 inibi
1032 5517 1239 5583 congregatam,
1253 5516 1280 5565 at
1293 5507 1327 5563 ad
1337 5508 1410 5565 diem
1432 5508 1533 5565 festum
1560 5507 1632 5564 hunc
1652 5525 1753 5584 perpe-

956 5613 1015 5666 tuai
1029 5605 1126 5665 arisae
1141 5605 1306 5663 mansiones.
1322 5603 1444 5679 Quorum
1473 5620 1537 5663 cuni
1551 5605 1622 5662 duos
1636 5612 1686 5662 aut
1698 5613 1754 5665 tres
