3728 6000
136 240 184 295 att
639 241 827 298 GUlLLELlll
848 241 995 297 annarts
1014 241 1043 297 S.
1062 240 1279 298 Tnnobontct
1735 245 1788 298 352

136 362 216 428 mori,
231 376 403 420 communem
418 380 478 421 cunr
505 381 576 439 pane
604 365 657 421 isto
686 373 797 421 terreno
823 365 973 428 videturA
987 365 1144 437 periorihus
1170 374 1305 421 creaturae
1333 381 1389 421 suae
1417 366 1540 437 partibus
1569 365 1788 437 supereminens,

41 514 44 519 t
136 451 224 507 sortiri
243 454 399 512 materiam.
428 457 590 527 loquantum
608 470 674 511 vero
699 455 779 526 panis
794 471 855 510 cum
871 471 933 510 cor·
988 455 1113 511 subditos
1136 455 1226 510 erexit
1252 454 1431 525 adseipsum.
1462 457 1491 510 ln
1519 454 1695 508 interioribus
1713 453 1787 508 enim

136 553 203 610 pore
218 538 321 595 Christi
335 559 508 599 communem
532 545 616 600 babet
640 543 790 611 materiam,
804 544 933 613 possibile
987 542 1131 600 aedificavit
1146 543 1199 596 sini
1213 542 1343 597 humilem
1359 544 1467 598 domum
1485 544 1518 598 dc
1532 543 1597 599 lirun
1617 550 1712 597 nostro
1724 557 1788 612 :per

134 627 218 685 hahet
233 629 260 684 in
275 630 342 685 illud
366 633 556 697 transmutari,
570 649 622 690 nec
637 649 698 689 cum
722 636 774 690 hoc
798 633 836 698 tit,
851 648 868 688 a
882 648 933 686 na·
988 647 1072 702 quam
1088 631 1247 687 subdendos
1259 632 1429 701 deprimeret
1440 650 1454 687 a
1465 632 1573 703 seipsis,
1589 630 1658 687 etad
1672 647 1701 685 se
1714 632 1788 700 traji-

137 720 201 772 tara
229 734 421 793 usquequaque
449 722 595 777 receditur.
621 722 648 777 Si
674 722 745 777 enim
771 721 933 776 multitudini
987 728 1070 788 cerat,
1099 720 1196 774 liniens
1226 721 1359 785 timorem,
1389 725 1417 775 et
1445 722 1565 775 nutriens
1592 735 1724 784 amorem,
1754 736 1787 774 ne

136 806 222 861 maris
245 806 379 863 modicam
406 810 460 864 vini
480 816 585 884 gattam
609 812 636 865 in
652 827 728 867 snam
753 818 934 865 transmutare

135 901 274 962 naturam,
289 897 423 953 intantum
439 908 467 953 ut
494 899 528 955 de
552 915 583 955 ea
609 900 673 954 uitril
689 900 796 971 penitus
812 899 935 954 rideatur

135 983 290 1054 residuum,
301 995 342 1042 eat
359 987 507 1059 possibile,
526 990 686 1044 multitudini
702 989 745 1045 vel
756 983 934 1061 magnitudini

136 1072 241 1128 virtutis
256 1075 367 1142 Christi,
385 1093 436 1147 qua
455 1079 587 1134 cumben
602 1079 678 1134 Patre
694 1094 778 1133 unum
795 1085 835 1132 εει
853 1077 934 1132 homo

139 1161 260 1217 Christus
287 1165 372 1231 lesus,
401 1166 578 1238 omnipotenti
604 1167 738 1223 Crantoris
761 1167 878 1231 actione,
908 1180 934 1226 et

137 1246 357 1304 obedientissima
385 1259 516 1307 creaturae
537 1252 663 1323 passione
691 1268 790 1323 panem
811 1252 838 1306 in
855 1269 932 1308 suum

138 1343 315 1393 transmutare
330 1354 428 1410 corpus
443 1341 493 1395 erit
515 1340 683 1411 impossibile
696 1343 710 1396 ‘l
726 1342 759 1396 Et
774 1341 816 1397 cui
840 1357 932 1398 creare

134 1422 171 1478 dc
183 1424 271 1480 nihilo
286 1433 314 1482 et
327 1426 474 1483 formatum
490 1433 516 1484 et
527 1429 643 1484 sormam
660 1430 710 1484 luit
724 1429 814 1495 tacite,
827 1438 933 1486 mutare

135 1511 290 1582 formatum,
318 1523 345 1570 et
372 1532 536 1573 conservare
568 1518 695 1588 formam,
711 1517 848 1589 quomodo
882 1521 934 1577 crit

986 807 1087 863 tiducia
1103 810 1144 863 sui
1157 809 1389 880 progrederentur
1404 809 1524 879 longius,
1541 809 1588 863 sed
1604 807 1694 879 potius
1710 807 1786 861 intir-

987 906 1139 964 marentur,
1157 897 1280 953 videntes
1291 902 1353 952 aute
1366 898 1449 968 pedes
1464 913 1528 953 suos
1542 897 1705 952 intirmatam
1720 896 1787 952 divi·

987 985 1097 1040 nitatcm
1114 1001 1146 1041 ει
1163 987 1370 1056 participatione
1385 988 1482 1042 tunicae
1495 987 1617 1057 pelliceae
1638 994 1746 1052 nostrae,
1761 993 1788 1040 et

987 1072 1052 1129 lassi
1085 1083 1323 1146 prosternerentur
1353 1076 1379 1128 in
1414 1089 1466 1142 ea;
1483 1075 1633 1129 illaautem
1668 1090 1786 1146 surgens

987 1162 1089 1218 leuaret
1103 1178 1165 1218 eos.
1181 1161 1252 1231 Quid
1281 1163 1353 1218 enim
1370 1162 1474 1218 faceret
1495 1162 1577 1218 miser
1600 1162 1683 1217 homo
1697 1163 1712 1215 ‘l
1726 1162 1786 1234 quis

987 1265 1049 1305 euru
1079 1251 1207 1306 liberaret
1222 1252 1257 1305 de
1285 1266 1400 1321 corpore
1415 1250 1509 1305 mortis
1523 1250 1615 1319 hujus,
1632 1250 1685 1304 nisi
1698 1250 1785 1321 gratia

987 1339 1035 1393 Dei
1061 1355 1111 1410 per
1136 1340 1229 1394 testim
1253 1340 1389 1394 Christum
1417 1338 1564 1395 Dominum
1588 1338 1784 1393 nostrum‘llu

987 1443 1111 1500 quocum
1128 1430 1255 1498 princeps
1276 1430 1370 1482 mundi
1393 1429 1471 1496 hujus
1484 1444 1538 1484 non
1553 1428 1686 1482 inveniret
1700 1427 1783 1498 quid-

987 1533 1069 1588 quam
1085 1524 1170 1572 morte
1182 1517 1307 1588 dignum,
1322 1516 1420 1572 occidit
1435 1533 1513 1579 eum;
1529 1524 1557 1572 et
1570 1518 1609 1572 sic
1623 1522 1783 1572 evacuatum

135 1599 269 1658 difficitet
288 1603 333 1659 Sic
348 1605 449 1677 itaque,
462 1614 490 1661 ut
512 1607 679 1671 dictumest,
696 1607 729 1662 ad
758 1608 877 1676 mysterii
893 1608 932 1662 ri-
986 1612 1026 1659 est
1041 1605 1265 1676 chirographum,
1282 1604 1426 1674 quoderat
1444 1606 1610 1659 contrarium
1624 1603 1716 1658 nobis.
1734 1602 1783 1658 llle

32 1682 38 1693 “
134 1691 202 1750 tum,
229 1685 264 1742 ad
291 1697 388 1760 gustus
414 1690 585 1762 suffragium,
613 1692 779 1762 quibusdam
809 1694 928 1759 mutatis,
945 1692 1218 1785 Bverolibeusprn
1243 1694 1371 1749 omuibus
1390 1696 1513 1764 gustarit
1527 1697 1657 1748 irrortem:
1674 1691 1783 1748 etlibe·

136 1774 298 1844 quibusdam
324 1778 448 1844 mininie,
464 1796 480 1835 a
496 1781 542 1851 pio
563 1781 743 1850 Redemptore
758 1791 848 1837 nostro
863 1798 930 1851 pos·
985 1781 1055 1837 ravit
1081 1797 1138 1845 eos,
1154 1782 1199 1853 qui
1215 1798 1265 1853 per
1290 1789 1374 1836 totam
1390 1782 1474 1836 vitam
1490 1782 1585 1837 timore
1606 1781 1701 1836 mortis
1728 1782 1781 1836 nb-

135 1862 543 1938 sibilefactumestnobis,pie
562 1877 930 1942 etsancteetrerecorpus
985 1870 1059 1926 noxii
1085 1874 1163 1924 erant
1199 1870 1336 1924 servituti.
1353 1869 1456 1940 Sicque
1484 1869 1512 1924 iu
1536 1870 1781 1924 mortisconsortio

136 1950 197 2022 ejus
229 1955 404 2022 manducare,
422 1959 528 2029 quoties
555 1957 635 2014 uobis
668 1959 802 2016 benedicit
833 1975 930 2032 panem

134 2040 227 2112 istum,
242 2043 294 2100 hoc
304 2052 344 2100 cst
359 2052 522 2105 transmutat
537 2048 563 2102 in
579 2064 681 2119 corpus
691 2065 783 2105 suum.

450 2164 563 2221 CAPUT
582 2164 614 2220 V.

183 2277 222 2334 De
235 2280 382 2350 spirituali
392 2282 616 2338 manducatione
631 2284 753 2353 corporis
769 2282 884 2339 Christi.

175 2374 228 2429 Sed
242 2391 303 2431 cum
319 2377 421 2432 homini
437 2379 555 2443 animali,
572 2381 616 2449 qui
631 2397 683 2435 non
694 2381 809 2451 percipit
828 2397 860 2435 rra
871 2398 932 2452 quae

45 2474 53 2481 ·
135 2460 186 2517 Dei
202 2471 274 2531 sunt,
290 2465 438 2521 absurdum
460 2476 483 2522 et
499 2468 607 2539 plenum
624 2470 744 2524 horroris
761 2470 891 2536 videatur,
903 2476 931 2523 ut

136 2565 235 2606 servus
251 2556 396 2610 manducet
423 2557 561 2611 dominum
590 2574 675 2622 suum,
692 2559 766 2612 omni
789 2559 930 2631 diligentia

135 2640 362 2697 considerandum
377 2642 457 2698 nobis
479 2653 519 2699 est
537 2646 674 2717 quomodo
689 2646 723 2701 ad
738 2663 828 2702 veram
848 2648 930 2704 vitam

137 2727 196 2782 talis
208 2729 285 2785 cibus
299 2730 338 2785 sic
359 2732 438 2787 nobis
461 2735 627 2789 necessarius
641 2736 686 2801 sit,
700 2743 726 2789 ut
751 2736 810 2791 sine
824 2735 878 2791 hoc
897 2736 930 2791 ad

134 2813 209 2870 illam
224 2820 370 2888 pervenire
384 2821 551 2892 impossibile
566 2824 610 2878 sit.
636 2825 731 2879 llodus
756 2826 837 2879 etiam
853 2840 930 2879 man·

135 2903 254 2961 durandi
280 2908 407 2963 subtilius
427 2910 612 2966 discutiendus
635 2913 750 2980 videtur,
779 2930 813 2968 ne
841 2915 931 2969 omnis

984 1959 1124 2015 FiliusDei
1139 1958 1216 2012 nobis
1231 1957 1289 2012 deri
1304 1958 1487 2029 dignatusest
1501 1959 1617 2023 amicus,
1634 1965 1663 2012 ut
1691 1957 1779 2012 Deum

984 2063 1196 2120 agnosceremus
1220 2047 1336 2102 similem
1351 2047 1553 2117 quodammodo
1568 2046 1647 2101 nobis
1669 2046 1782 2111 lactum,

984 2135 1096 2207 ejusque
1111 2134 1208 2190 fiducia
1239 2135 1454 2205 relinqueremus
1468 2136 1573 2191 hostem
1596 2140 1719 2191 nostrum
1734 2154 1741 2201 ;
1758 2142 1785 2191 et

985 2225 1145 2296 lugeremus
1158 2223 1191 2277 ad
1208 2222 1417 2294 Redemptorem
1428 2228 1565 2278 nostrum.
1583 2245 1594 2270 ι
1612 2222 1665 2288 Qui
1686 2223 1784 2277 intan-

985 2320 1040 2367 tum
1055 2312 1196 2366 descendit
1209 2313 1243 2366 ad
1272 2312 1473 2367 sublevandum
1498 2328 1561 2377 nos,
1574 2321 1603 2366 ut
1626 2328 1719 2382 neque
1731 2313 1783 2367 hoc

984 2401 1145 2455 abhorreret
1161 2417 1176 2455 a
1191 2400 1270 2455 nobis
1293 2416 1343 2472 pro
1358 2401 1437 2455 nobis
1448 2402 1586 2472 suscipere
1601 2402 1628 2454 in
1655 2416 1708 2472 quo
1722 2416 1783 2454 ma-

981 2488 1071 2558 jorem
1087 2496 1112 2542 et
1127 2487 1489 2560 dignioremnostranatura
1503 2488 1630 2544 inimicus
1640 2488 1783 2558 seglnria-

984 2577 1061 2631 batur
1075 2577 1207 2631 existere.
1226 2576 1353 2632 Cedendo
1365 2577 1436 2630 enirn
1454 2578 1493 2630 itti
1512 2577 1538 2630 in
1560 2577 1741 2648 passionibus,
1755 2585 1783 2633 et

984 2667 1137 2731 moriendo,
1150 2666 1232 2737 paulo
1247 2667 1340 2720 minus
1353 2666 1482 2721 minorari
1495 2667 1570 2719 uisus
1584 2666 1618 2720 ab
1633 2666 1698 2736 ipsis
1711 2681 1782 2737 apo-

984 2756 1088 2810 staticis
1102 2755 1218 2824 angelis,
1233 2755 1295 2825 quia
1310 2755 1375 2809 mori
1396 2756 1485 2824 potuit
1500 2770 1507 2823 ;
1524 2755 1561 2809 illi
1584 2755 1629 2822 qui
1644 2756 1711 2809 mori
1727 2771 1782 2810 nou

984 2852 1090 2914 poterat
1104 2843 1243 2914 impotens
1257 2845 1391 2913 apparuit,
1405 2853 1432 2897 ει
1447 2858 1500 2898 non
1518 2842 1715 2899 formidabilis.
1736 2844 1782 2900 Sic

984 2933 1069 2996 enim,
1085 2940 1114 2985 ut
1142 2931 1178 2985 ait
1201 2933 1332 3002 propbeta
1356 2930 1438 2995 Osee,
1452 2932 1604 2987 attrahendi
1630 2932 1782 2988 eramusin

135 2988 498 3062 q⁰i⁰⁰fll⁰l³¹i¹⁰¹⁸lid⁰¹⁰f
519 2996 692 3062 m⁸⁰d⁰⁰³f⁰=
711 2996 930 3053 ⁰⁰¹¹ffifliffli⁵
986 3021 1101 3076 vinculis
1127 3020 1266 3076 charitatis
1295 3021 1382 3089 (Osce
1409 3023 1457 3092 ιιι).
1480 3021 1525 3077 Sic
1553 3021 1663 3077 curandi
1691 3027 1780 3092 erant,

134 3083 187 3131 tam
203 3078 229 3132 in
251 3081 397 3152 semetipso
421 3093 574 3140 manentem
599 3086 712 3141 habere.
733 3085 786 3141 Sed
809 3087 866 3156 jam
889 3069 967 3141 ‹ti-C

133 3168 206 3222 ctum
222 3176 272 3235 est,
285 3186 344 3241 quae
358 3171 391 3225 sit
417 3171 475 3242 ipsa
502 3173 554 3228 vita
572 3174 622 3228 :ad
638 3190 718 3248 quam
734 3190 783 3229 nos
811 3174 929 3231 riviticet

133 3253 183 3310 iste
196 3255 284 3311 cibus.
301 3259 380 3326 Quod
396 3260 467 3315 enim
496 3264 634 3334 perhanc
655 3265 709 3318 rita
724 3265 812 3334 potius
831 3265 928 3319 anirnae

134 3355 273 3415 quaeratur
300 3364 381 3419 qnam
405 3351 539 3422 corporis,
555 3351 621 3407 nulli
637 3361 677 3407 est
696 3352 818 3408 dubium.
835 3354 929 3424 Liquet

133 3434 217 3489 etiarn
233 3436 369 3502 omnibus,
386 3439 458 3508 quod
474 3439 541 3494 sicut
555 3440 608 3495 rita
624 3442 746 3513 corporis
763 3452 803 3497 est
821 3443 926 3496 anirna:

133 3523 169 3578 ita
180 3526 277 3579 anima,
289 3525 371 3581 Dens.
387 3548 398 3576 ι
421 3528 499 3583 Deus
514 3537 602 3584 autem
619 3539 660 3585 est
682 3531 799 3586 charitas
810 3532 832 3600 (l
845 3534 926 3587 toan.

133 3615 185 3680 av).
202 3637 214 3660 ι
245 3613 304 3668 Vita
332 3630 398 3687 ergo
438 3617 541 3672 animae
563 3619 701 3673 rationalis
727 3626 769 3673 est
807 3619 928 3673 charitas

131 3698 196 3756 Dei.

168 3787 202 3843 Ut
217 3787 301 3859 igitur
313 3789 358 3846 ille
387 3800 503 3856 ametur,
520 3793 565 3862 qui
580 3801 623 3848 est
650 3794 707 3865 ipse
721 3811 799 3850 amor
813 3812 886 3862 suus,
903 3805 929 3850 ει

133 3875 178 3946 qui
194 3876 309 3932 habetur
324 3878 369 3932 ubi
385 3889 499 3944 amatur,
516 3880 550 3935 ad
568 3884 619 3936 hoc
643 3884 762 3938 enutrire
776 3899 826 3938 nos
844 3884 927 3939 dehet

131 3961 208 4018 cibus
236 3963 297 4020 iste.
327 3967 463 4037 Quidquid
491 3971 564 4024 enim
593 3970 757 4042 Redemptor
783 3980 875 4027 noster
901 3972 927 4026 in

133 4065 216 4107 came
242 4052 317 4121 tecit,
347 4055 382 4109 ob
406 4057 457 4111 hoc
485 4058 580 4129 utique
605 4057 721 4128 tecit,ut
747 4071 885 4116 amaretur
912 4076 929 4116 a
985 4113 989 4120 .

132 4138 222 4206 nobis,
239 4156 294 4196 non
310 4142 382 4214 quod
395 4155 488 4216 egeret
501 4147 560 4217 ipse
581 4156 674 4204 nostro
694 4164 797 4218 amore,
813 4153 860 4220 qui
877 4151 928 4206 hn-

132 4241 228 4283 nomm
243 4240 394 4286 nostrorum
407 4247 462 4287 non
483 4233 599 4306 indiget,
616 4253 665 4306 per
688 4238 779 4293 omnis
794 4237 929 4295 sufficiens

131 4314 191 4388 ipse
206 4317 269 4384 sibi,
284 4318 331 4373 sed
359 4321 507 4390 quiaquos
535 4322 629 4378 beatos
644 4324 702 4394 ipsc
716 4324 806 4381 tacere
834 4343 929 4383 susce-

132 4413 221 4475 perat,
238 4405 290 4461 niai
318 4423 379 4462 eum
403 4409 520 4465 amando
536 4427 588 4466 nou
614 4418 736 4482 poterant
751 4430 812 4470 esse
841 4414 924 4470 beati.

132 4493 252 4565 ldenque
281 4510 334 4551 non
361 4496 531 4554 solummodo
558 4515 659 4567 amore,
689 4517 746 4571 quo
775 4518 826 4556 nos
854 4503 929 4573 prior

132 4582 234 4649 dilexit,
251 4583 299 4638 sed
315 4585 481 4641 omnimodis
497 4589 595 4642 amoris
611 4589 759 4661 obsequiis,
772 4599 800 4644 ut
817 4606 927 4647 amare-

133 4678 203 4727 tura
217 4672 297 4727 nobis
312 4675 512 4744 quodammodo
530 4676 688 4732 elaborabat
701 4681 810 4739 mereri.
823 4678 928 4733 intirma

132 4768 225 4816 nostra
237 4763 370 4828 curando,
382 4773 490 4818 mortua
501 4765 666 4834 suscitando,
684 4766 816 4837 ignobilia
835 4767 927 4821 mundi

132 4849 272 4920 eligendo,
309 4850 386 4905 tortia
428 4851 489 4921 ejus
521 4853 725 4919 contundendo,
760 4864 927 4911 terrenorum

133 4936 239 5003 odium,
268 4939 414 4994 scelestium
452 4956 574 4995 amorem
610 4944 837 4999 commendando.
864 4945 929 5000 ldco

132 5024 235 5098 quippe
249 5026 430 5083 descenderat
443 5030 478 5083 ad
505 5044 565 5094 nos,
577 5037 606 5083 ut
620 5045 740 5086 amorem
765 5041 887 5088 nostrum
901 5034 929 5088 in

131 5112 248 5167 terrenis
262 5110 414 5181 dispersum
429 5121 455 5167 et
469 5114 648 5183 putrefactum
667 5115 797 5172 beneficia
821 5119 929 5187 pietatis

132 5199 286 5256 exhibendo
309 5199 336 5253 in
352 5215 381 5255 se
411 5202 588 5275 recolligeret,
605 5204 673 5258 etin
688 5205 841 5261 novitatem
866 5209 930 5264 rita

131 5286 304 5356 retnrmaret,
328 5293 358 5345 et
383 5287 549 5346 abstractum
577 5298 605 5347 et
631 5293 838 5349 emundatuma
862 5295 930 5352 laece

983 3111 1029 3180 qui
1058 3125 1088 3164 se
1111 3109 1246 3164 amabant
1269 3126 1355 3180 usquc
1385 3112 1419 3164 ad
1450 3118 1634 3180 contemptum
1664 3110 1722 3174 Dei,
1752 3118 1782 3165 ut

981 3198 1117 3253 discerent
1132 3198 1220 3253 Deum
1235 3214 1327 3252 amare
1353 3197 1488 3267 usquead
1516 3203 1701 3266 contemptum
1725 3199 1778 3253 sui.

982 3287 1042 3342 lloc
1056 3286 1128 3340 eninr
1145 3301 1196 3341 non
1208 3295 1319 3356 propter
1330 3303 1368 3344 se.
1384 3286 1430 3340 sed
1450 3293 1560 3357 propter
1573 3303 1623 3341 nos
1644 3302 1780 3356 provoca-

983 3374 1031 3430 bat
1042 3376 1067 3427 in
1081 3374 1169 3441 nobis,
1186 3373 1258 3444 quod
1274 3382 1387 3445 propter
1401 3374 1475 3445 ipsos
1489 3391 1538 3429 nos
1554 3376 1581 3428 in
1596 3375 1687 3445 seipso
1699 3374 1779 3429 exhi-

982 3462 1064 3518 bebat
1089 3462 1177 3525 uobis,
1206 3461 1333 3517 videlicet
1357 3470 1385 3516 ut
1413 3464 1581 3518 disceremus
1607 3479 1670 3517 rum
1685 3478 1780 3518 amare

982 3549 1118 3622 usquead
1145 3554 1329 3621 contemptum
1358 3553 1451 3616 nostri,
1468 3551 1513 3621 qui
1528 3567 1578 3607 nos
1592 3551 1781 3621 prioramavit

982 3639 1116 3711 usquead
1132 3646 1317 3711 contemptum
1333 3639 1534 3709 quodammodo
1548 3639 1598 3694 sui.

1018 3754 1097 3809 Salvo
1112 3753 1185 3809 enim
1200 3752 1254 3808 alio
1269 3754 1466 3824 redemptionis
1480 3761 1580 3809 nostrae
1594 3763 1776 3823 sacramento,

984 3844 1062 3913 hujus
1097 3843 1134 3897 rei
1158 3842 1247 3915 gratia
1274 3858 1381 3898 carnem
1409 3843 1538 3919 suscepit,
1571 3856 1779 3914 susceptamque

982 3931 1189 3989 tracessitatibus
1204 3940 1306 3987 naturae
1322 3932 1483 4004 injuriisque
1499 3942 1525 3988 et
1540 3933 1712 4004 passionibus
1727 3949 1778 3989 ει-

983 4021 1083 4093 posuit,
1100 4019 1216 4091 lecitque
1235 4020 1276 4075 rel
1291 4021 1360 4076 dixit
1381 4020 1511 4093 quidquid
1535 4038 1585 4093 per
1599 4039 1706 4078 carnem
1732 4021 1779 4078 vel

983 4126 1010 4164 m
1029 4125 1108 4166 carne
1136 4108 1199 4163 lecit
1214 4109 1256 4163 vel
1282 4109 1442 4164 diuinitate
1473 4126 1541 4183 ergo
1565 4111 1600 4166 de
1623 4126 1706 4167 carue
1728 4127 1780 4168 sua

983 4197 1092 4253 amandi
1114 4213 1144 4251 sc
1160 4204 1263 4251 tantam
1292 4197 1391 4268 ingerit
1414 4200 1566 4267 materiam,
1595 4215 1725 4271 maguam
1752 4207 1780 4255 et

983 4285 1120 4341 mirificam
1135 4285 1279 4340 animabus
1301 4287 1402 4340 nostris
1427 4287 1488 4343 vitae
1513 4288 1669 4343 alimoniam
1695 4287 1778 4342 mini-

983 4384 1060 4430 strat.
1085 4373 1172 4442 Quam
1201 4382 1264 4430 tunc
1291 4374 1382 4428 aridis
1411 4374 1534 4430 saucibus
1559 4376 1700 4444 sumimus,
1716 4393 1779 4433 cum

941 4424 966 4483 D
981 4463 1094 4518 dulciter
1107 4461 1304 4535 recolligimus,
1320 4471 1346 4518 et
1361 4464 1389 4517 in
1404 4472 1499 4519 ventre
1522 4466 1661 4520 memoria
1680 4480 1778 4522 recon-

979 4552 1251 4622 dimusquaecunque
1276 4567 1324 4622 pro
1352 4552 1510 4608 nobislccit
1539 4554 1580 4608 vel
1609 4571 1708 4626 passus
1736 4562 1779 4610 est

981 4640 1113 4696 Christus.
1130 4639 1164 4693 tn
1178 4640 1229 4694 hoc
1252 4647 1293 4694 est
1320 4641 1476 4696 convivium
1505 4641 1539 4697 dc
1567 4645 1728 4699 camelesu
1751 4652 1779 4699 et

982 4727 1183 4800 sanguine:cui
1205 4728 1251 4797 qui
1272 4729 1464 4795 communicat,
1487 4730 1568 4786 habet
1591 4732 1673 4787 vitam
1696 4733 1725 4787 in
1747 4748 1779 4788 sa

982 4826 1145 4872 manentem.
1175 4817 1351 4872 Tuncautem
1380 4820 1624 4887 communicamus,
1639 4837 1701 4876 cum
1726 4820 1779 4876 fide

982 4906 1096 4962 ardente
1109 4921 1171 4978 quar
1185 4921 1235 4977 per
1250 4905 1421 4962 dilectionem
1449 4917 1588 4979 operatur,
1620 4910 1779 4981 reponimus

982 4994 1008 5047 in
1024 5009 1117 5048 mansa
1133 4993 1242 5048 ttnmini
1264 4994 1355 5063 qualia
1371 4996 1433 5050 inde
1455 4997 1631 5067 sumpsimus,
1653 4996 1779 5053 videlicet

982 5090 1011 5137 ut
1024 5082 1093 5135 sicut
1107 5081 1152 5136 ille
1167 5099 1196 5136 se
1210 5084 1325 5153 praebuit
1340 5100 1389 5155 pro
1404 5085 1488 5141 salute
1503 5094 1608 5151 nostra,
1629 5086 1705 5141 nulla
1728 5101 1778 5141 sua

982 5170 1221 5234 necessitat03sic
1249 5187 1300 5226 nos
1326 5179 1395 5228 totos
1425 5172 1486 5231 fidei
1514 5175 1576 5245 ejus
1600 5180 1628 5230 at
1655 5175 1779 5231 charitati

982 5269 1158 5324 exhibeamus
1171 5268 1334 5324 necessitate
1348 5271 1443 5325 salutis
1456 5280 1568 5329 nostrae.
1588 5274 1616 5328 ln
1632 5273 1684 5329 boc
1703 5275 1777 5329 enim

132 5391 228 5432 earum
256 5391 356 5444 ferum,
371 5393 431 5451 (με
458 5395 522 5434 ,um
550 5379 613 5451 ipso
640 5381 844 5451 pappa-,mari
874 5399 927 5439 ⁰0„
980 5363 1275 5435 convivioquicunque
1290 5367 1443 5437 saginatur,
1464 5369 1549 5424 nescit
1575 5386 1675 5441 panem
1697 5387 1777 5425 auum

133 5472 257 5535 possunt,
274 5480 367 5522 secum
379 5466 483 5524 levaret
497 5484 614 5525 sursum.
626 5469 801 5541 Augrrstinus,
817 5471 845 5526 in
858 5472 927 5529 libro
981 5465 1083 5520 otiosus
1096 5463 1251 5528 comedere,
1266 5464 1315 5518 scd
1342 5465 1459 5522 sollicite
1486 5480 1547 5521 cum
1573 5469 1686 5525 muliere
1713 5468 1776 5524 lorti

133 5550 343 5612 confessionum
355 5573 387 5610 :a
404 5556 451 5615 Sic
467 5557 540 5612 enim
550 5557 596 5613 illa
615 5572 720 5613 summa
740 5559 865 5630 rnajcstaa
879 5580 927 5619 su·
980 5563 1015 5619 da
1030 5571 1109 5622 nocte
1123 5561 1204 5631 buius
1218 5561 1314 5619 scruti
1324 5565 1468 5637 consurgit
1488 5564 1523 5620 ad
1538 5563 1676 5620 incernam
1701 5565 1777 5620 verbi
