3728 6000
102 237 158 297 'tas

686 236 733 294 DE
751 234 1048 296 stcuauEN10.-
1068 237 1132 294 tta.
1148 238 1169 293 Ι.

1693 242 1745 296 ’186

103 363 177 436 lina;
192 363 324 436 idipsum,
340 380 452 437 semper
472 364 600 436 idipsum.
617 362 736 421 Proinde
758 363 810 419 hoo
830 362 904 419 idem
916 368 947 430 Α
961 364 1036 419 ditur
1050 364 1077 419 in
1091 365 1193 435 seipso.
1205 363 1279 420 Sicut
1293 379 1361 436 ergo
1375 381 1473 421 manna
1495 367 1586 438 specie
1602 375 1679 423 tenus
1694 375 1753 425 erat

103 452 269 511 sacrificium
283 470 367 509 nnurn
388 455 487 510 solum.
503 455 632 527 Alioquin
656 452 783 524 quoniam
806 452 901 507 multis

103 542 132 598 in
156 543 226 599 locis
247 542 369 610 offertur,
385 543 462 598 multi
483 552 543 598 sunt
562 542 689 599 Christi?
711 542 901 613 Nequaquam,

102 631 153 688 sed
166 647 240 687 uuus
254 631 356 703 ubique
378 640 419 688 est
441 631 579 700 Christus3
603 639 631 687 et
654 629 700 685 bic
719 630 816 701 plenus
840 628 901 684 exi-

103 729 191 786 stens,
213 729 241 776 ει
263 720 319 776 illic
343 720 449 792 plenus,
470 735 552 775 uuum
585 735 697 791 corpus.
724 717 802 773 Sicut
830 716 903 771 euim

103 809 178 882 quod
210 809 312 882 ubique
342 807 455 865 offertur
485 824 568 863 unum
597 823 697 878 corpus
723 813 774 871 est,
800 813 828 861 et
848 820 904 861 uon

103 898 192 954 mulla
215 913 338 970 corpora,
362 898 400 954 ita
425 905 452 953 et
473 914 556 952 unum
586 895 759 952 sacrificium.
781 893 903 951 Pontifex

100 994 194 1044 autem
208 987 254 1042 ille
268 994 319 1054 est,
332 987 377 1058 qui
401 986 519 1042 hostiam
534 985 631 1043 obtulit
649 1001 699 1040 nos
714 983 901 1039 mundantem.

100 1075 192 1147 ipsam
203 1074 345 1131 offerimus
360 1074 441 1133 etiam
456 1091 539 1142 nunc,
554 1090 617 1147 quae
639 1082 704 1129 tunc
717 1073 819 1142 oblata,
835 1086 904 1128 con-

101 1164 172 1220 sumi
186 1180 241 1221 non
253 1172 354 1236 potest.

140 1253 221 1324 Quod
235 1270 285 1310 nos
298 1253 422 1320 tacimus,
437 1253 465 1308 iu
479 1252 765 1309 commemorationem
783 1251 813 1306 fit
833 1250 903 1320 ejus,

103 1342 346 1414 quodtaetumest.
363 1344 503 1400 Nocenim
512 1344 610 1415 facite,
620 1343 667 1409 ait,
679 1343 711 1397 tra
722 1357 816 1397 meam
832 1355 905 1395 com-

105 1433 344 1489 memorationem
355 1433 434 1502 (tuc.
444 1448 513 1501 1¹11,
524 1431 578 1500 19).
591 1430 669 1500 Quod
682 1429 772 1502 igitur,
782 1426 906 1484 utsancti

104 1526 251 1588 testantur,
281 1521 396 1577 dirersis
426 1520 501 1590 locis,
535 1519 708 1590 diversisque
735 1516 906 1588 temporibus

107 1608 273 1666 sacrificatur
290 1626 296 1665 :
313 1625 369 1666 uon
387 1610 472 1664 multa
495 1617 585 1664 tamen
600 1623 726 1679 corpora,
737 1604 787 1663 sed
801 1605 907 1679 Qua

107 1714 192 1754 nuum
206 1697 306 1753 Christi
322 1714 420 1768 corpus
441 1707 490 1764 εει,
507 1696 578 1768 quod
601 1713 618 1753 a
641 1696 759 1753 dirersis
780 1695 905 1759 sumitur,
921 1732 948 1791 B

107 1794 230 1845 etunnm
244 1786 370 1860 idemque
383 1802 481 1859 corpus
504 1786 641 1858 integrum
665 1797 715 1854 est,
732 1784 907 1855 omnipoten-

108 1876 163 1946 tiae,
178 1893 240 1949 quae
255 1876 361 1932 Christo
376 1875 457 1931 etiam
473 1891 520 1947 pro
535 1875 625 1932 caruis
649 1884 727 1946 parte
748 1872 849 1929 collata
869 1878 910 1926 εει

108 1965 311 2021 attribuendum
339 1974 394 2034 est;
418 1981 480 2037 qua,
509 1972 539 2019 ut
565 1979 650 2036 supra
681 1962 782 2018 dictum
811 1966 861 2027 est,
881 1958 910 2012 in

108 2054 180 2112 coelo
194 2063 221 2110 et
235 2055 350 2125 interra
369 2070 492 2127 presens
506 2052 597 2133 ⁵etiam
619 2050 800 2122 corporaliter
820 2050 911 2120 potest

109 2159 181 2210 esse,
202 2143 367 2214 ubicunque,
397 2142 643 2215 quomodocunque
671 2140 721 2195 sibi
751 2135 909 2210 placuerit:

108 2232 216 2289 ntideo
235 2233 389 2304 ubicunque
415 2231 530 2288 voluerit
553 2231 588 2285 ait
607 2245 670 2285 caro
691 2226 801 2294 Christi,
819 2232 913 2282 eontra

109 2330 240 2378 naturam
259 2323 348 2376 carnia
366 2320 472 2392 integra
492 2326 519 2376 et
538 2316 740 2389 praesenstlh),
756 2317 822 2388 quia
843 2314 913 2370 lacta

110 2409 139 2466 in
154 2410 226 2466 coelo
247 2417 274 2465 ει
297 2410 324 2463 in
348 2418 421 2464 terra
442 2409 624 2480 omnipotens.
641 2406 720 2476 Quod
743 2412 831 2461 autem
856 2407 912 2458 hu-

109 2500 242 2573 gustinns
266 2499 326 2552 ait:
353 2498 416 2553 ·Et
441 2497 551 2570 quidem
574 2496 603 2551 in
629 2502 798 2551 sacramento
812 2492 851 2548 sic
873 2490 912 2558 fit,

115 2586 307 2661 unusquisque
331 2586 427 2657 accipit
447 2594 552 2657 partem
576 2599 663 2649 suam,
688 2592 713 2639 ει
742 2599 791 2654 per
823 2588 915 2652 partes

113 2676 311 2742 manducatur,·
327 2691 360 2731 ne
375 2675 430 2731 hoc
443 2675 552 2747 quidem
576 2672 691 2744 impedit
717 2672 777 2742 ejus
796 2670 914 2742 integri-

112 2772 197 2821 tatem
211 2765 390 2836 aliquatenus.
408 2788 419 2812 ε
437 2764 506 2819 Fieri
535 2763 608 2817 enirn
623 2762 676 2819 hoc
695 2761 760 2816 dicit
780 2759 806 2814 in
822 2773 916 2816 sacra·

113 2861 219 2922 mento,
243 2853 315 2924 quod
336 2853 451 2920 ridetur,
474 2868 527 2907 non
551 2852 580 2906 in
608 2867 636 2906 re
659 2847 834 2915 sacramenti,
854 2863 916 2920 quaa

115 2959 172 2999 non
190 2942 307 3008 ridetur,
323 2957 438 3014 corpore
453 2941 556 2996 scilicet
570 2938 670 2997 Christi
693 2938 766 3010 quod
780 2935 918 2993 invisibile

956 453 1126 518 unimodum,
1140 452 1188 508 sed
1203 453 1240 508 ita
1251 453 1413 510 intrinsecus
1428 456 1511 512 variis
1526 457 1670 527 saporibus
1684 473 1752 513 con-

956 541 1082 597 diebatur
1100 556 1150 612 pro
1174 540 1323 608 voluntate,
1341 543 1382 598 vel
1406 543 1547 613 voluptate
1569 546 1710 612 utentium,
1726 554 1755 600 ut

956 630 1100 685 multorum
1116 645 1262 700 corporum
1277 646 1358 702 sapor
1381 631 1409 687 iu
1431 647 1487 687 una
1507 641 1577 687 essct
1597 634 1698 704 speeie,
1714 635 1756 691 sic

957 718 1109 776 econtrario
1137 718 1294 775 omnimoda
1315 727 1356 774 est
1388 721 1509 793 corporis
1532 721 1632 776 Christi
1654 723 1756 777 veritas

956 805 1071 862 interius
1080 805 1108 860 in
1122 807 1198 862 varia
1211 815 1443 865 sacramentorum
1463 811 1620 879 quantitate,
1638 817 1666 864 ut
1688 812 1758 866 sicut

956 894 1058 967 legitur
1078 895 1113 950 de
1138 909 1230 962 mana,
1253 911 1305 950 nec
1332 897 1377 966 qui
1404 897 1464 968 plus
1494 898 1642 971 collegerat
1664 899 1758 953 babuit

957 983 1084 1053 amplius,
1105 999 1157 1038 nec
1177 979 1227 1055 qui
1244 984 1334 1038 minus
1362 993 1507 1056 paraverat
1530 987 1632 1057 reperit
1654 987 1755 1043 minus.

957 1071 997 1127 lta
1009 1071 1038 1127 in
1051 1079 1224 1127 sacramento
1239 1073 1364 1144 corporis
1380 1073 1489 1142 Christi,
1501 1088 1552 1130 nec
1563 1076 1590 1129 in
1599 1075 1699 1130 minori
1709 1075 1756 1130 de·

958 1161 1066 1224 tectus;
1081 1159 1173 1216 necin
1197 1160 1295 1230 majori
1317 1161 1347 1216 bt
1368 1162 1553 1232 abundantia;
1568 1164 1629 1233 quia
1648 1179 1702 1218 nou
1728 1163 1756 1217 in

958 1249 1050 1321 specie
1074 1249 1117 1304 vel
1146 1248 1294 1321 quantitate
1322 1251 1494 1318 sacramenti,
1528 1252 1577 1307 scd
1601 1250 1628 1305 in
1658 1252 1756 1308 virtuto

960 1337 1057 1394 Christi
1072 1344 1113 1393 est
1126 1337 1221 1409 gratia.

1253 1453 1365 1510 CAPUT
1384 1455 1460 1510 XVl.

961 1550 1037 1618 Quod
1058 1551 1219 1606 immolatto
1250 1550 1359 1607 Christi
1382 1553 1415 1607 tre
1441 1552 1541 1617 attari,
1566 1566 1624 1607 raon
1652 1552 1758 1607 dicitur

996 1621 1068 1693 quod
1081 1623 1188 1677 lteram
1198 1622 1355 1687 occidatur,
1367 1623 1415 1679 sed
1426 1624 1497 1705 qood
1508 1623 1644 1691 cerceios
1654 1625 1759 1678 isame-

1000 1694 1068 1750 lotio
1090 1697 1307 1764 repreasentate,
1330 1693 1404 1748 idem
1427 1709 1459 1749 m
1478 1695 1567 1749 attari
1582 1710 1670 1761 artae,
1689 1695 1760 1767 quod

1000 1767 1071 1819 tunc
1086 1763 1116 1818 ira
1132 1779 1214 1819 cruce
1229 1767 1375 1836 operetur.

998 1858 1149 1915 Videndum
1164 1870 1253 1917 autern
1265 1869 1314 1928 est,
1331 1876 1392 1918 cum
1407 1861 1667 1933 Ambrosiusltoan.
1681 1863 1762 1935 Chry·

963 1950 1042 2020 sest.)
1050 1948 1131 2020 paulo
1146 1958 1208 2005 ante
1223 1949 1331 2018 dixerit,
1345 1951 1409 2022 quia
1419 1950 1446 2004 in
1456 1950 1563 2007 Christo
1574 1952 1660 2007 semel
1671 1951 1763 2007 oblata

965 2045 1006 2093 est
1016 2038 1102 2093 hostia
1117 2038 1152 2093 ad
1167 2039 1282 2094 salutem
1297 2039 1489 2110 sempiternam
1504 2047 1612 2111 polens,
1629 2056 1678 2096 cur
1688 2041 1766 2111 quasi

966 2126 1124 2198 quotidiana
1138 2136 1229 2183 nostra
1244 2127 1346 2184 oblatio
1361 2128 1509 2198 postillam
1536 2129 1621 2184 semel
1645 2129 1765 2184 oblatam

966 2233 1072 2282 reram,
1088 2233 1143 2273 non
1157 2222 1232 2274 esset
1246 2231 1329 2284 rera;
1345 2217 1388 2273 vel
1403 2224 1464 2289 post
1482 2217 1558 2272 illam
1579 2226 1716 2288 potentem
1741 2226 1782 2278 et,

967 2308 1144 2367 sufficientem
1160 2307 1194 2362 ad
1210 2305 1335 2372 salutem,
1354 2315 1426 2362 esset
1453 2305 1602 2381 superflua,
1618 2307 1766 2379 quesierit.

968 2398 1038 2469 Quid
1054 2412 1122 2469 erqo
1135 2396 1209 2452 nos?
1224 2394 1323 2450 Nonne
1339 2395 1525 2466 persingulas
1540 2395 1599 2450 dies
1609 2395 1770 2451 oderimus?

968 2488 1023 2545 Sed
1042 2485 1182 2542 sciendum
1198 2484 1260 2557 quia
1274 2485 1296 2539 si
1311 2493 1405 2541 nostra
1420 2485 1580 2556 quotidiana
1599 2484 1700 2540 oblatio
1716 2486 1770 2540 alia

968 2585 1041 2633 esset
1055 2591 1137 2648 quam
1151 2574 1197 2629 illa
1221 2573 1250 2628 iu
1274 2572 1380 2629 Christo
1403 2574 1490 2629 semel
1510 2574 1608 2640 oblata,
1624 2589 1678 2629 non
1703 2588 1771 2629 vera

968 2672 1052 2731 esset,
1069 2663 1119 2719 sed
1133 2662 1278 2734 superflua.
1295 2661 1363 2716 Cum
1378 2661 1450 2717 enim
1471 2661 1571 2717 oblatio
1586 2661 1634 2717 ille
1648 2663 1675 2716 in
1691 2662 1771 2718 Chri-

970 2761 1012 2809 sto
1035 2751 1119 2808 semel
1141 2750 1239 2816 oblata,
1256 2758 1283 2806 et
1303 2765 1369 2806 vere
1390 2750 1425 2805 sit
1445 2765 1519 2815 vera,
1537 2750 1599 2820 quie
1620 2767 1682 2807 rere
1710 2752 1767 2806 rita

969 2851 1071 2898 aeterna
1095 2849 1121 2896 et
1155 2838 1342 2906 sufficiens,ut
1367 2854 1427 2894 eam
1449 2838 1529 2894 nobis
1549 2839 1680 2905 conterat,
1707 2841 1770 2911 ipsu

971 2931 1031 2987 sola
1041 2938 1133 2986 nostra
1143 2927 1255 2995 oblatio,
1272 2942 1353 2998 quam
1375 2927 1457 2983 alium
1478 2929 1560 2983 vitam
1584 2938 1676 3000 posset
1698 2945 1767 3001 pro-

116 3040 172 3089 εει.
192 3031 356 3097 Cumeuim,
373 3039 402 3085 ut
421 3031 494 3086 idom
518 3029 683 3102 Augustinus
703 3027 752 3095 ait,
768 3023 918 3098 corporalia
972 3020 1080 3076 mittere
1113 3018 1157 3074 rel
1184 3016 1320 3085 conferre,
1343 3016 1366 3072 si
1399 3025 1471 3073 esset
1491 3017 1568 3072 alia?
1583 3019 1670 3074 aliam
1698 3021 1770 3076 enim
1826 3056 1829 3060 μ

108 3128 290 3177 ¹sacramenta
314 3120 368 3174 sint
391 3119 468 3191 quasi
492 3120 618 3189 quaedam
642 3115 736 3181 verba,
751 3116 819 3188 quia
838 3114 918 3186 signa
934 3088 960 3153 C
974 3107 1150 3173 oblationem,
1171 3105 1253 3162 aliam
1276 3113 1413 3177 oporteret
1436 3106 1562 3162 conterre
1584 3108 1711 3180 salutem,
1729 3108 1773 3165 vel

113 3226 211 3267 rerum
225 3217 289 3265 sunt
302 3209 361 3264 haec
375 3216 404 3263 ut
418 3208 476 3276 illa,
492 3208 561 3264 sicut
584 3205 668 3264 variis
692 3205 848 3261 nominibus
865 3218 916 3274 ap-

116 3299 234 3371 pellatus
258 3298 374 3370 Cepbas,
398 3296 503 3363 Simon,
528 3296 634 3362 Petrus,
655 3295 726 3349 idem
752 3297 796 3349 eat
811 3294 916 3360 Petrus,

115 3387 157 3444 sio
181 3386 303 3443 Christus
326 3401 381 3441 non
407 3393 449 3441 εει
464 3384 544 3452 alius,
567 3382 694 3456 quamvis
715 3382 800 3439 variis
821 3395 917 3438 saera-

113 3475 214 3532 mentis
237 3482 462 3546 repraesentatum
488 3473 559 3545 quia,
576 3489 639 3528 cum
660 3471 767 3543 species
790 3469 869 3542 panis
891 3475 918 3524 et

112 3565 173 3622 rini
196 3565 250 3620 duo
275 3565 338 3618 sint.
354 3571 535 3627 sacramenta,
560 3577 614 3617 non
637 3560 777 3616 tamenin
800 3559 841 3614 eis
864 3557 917 3613 duo

114 3653 219 3709 diversi
243 3651 353 3715 Christi,
374 3651 421 3706 sed
444 3650 471 3704 iu
495 3657 609 3721 utroque
633 3664 702 3704 unus
722 3657 761 3704 est
783 3645 914 3715 Christus,

114 3736 163 3809 qui
185 3752 238 3793 nec
256 3736 445 3791 distributione
466 3734 553 3805 ipsius
578 3733 743 3790 sacramenti
775 3731 802 3786 in
824 3730 916 3804 seipso

114 3825 256 3892 dividitur,
283 3840 333 3881 nec
358 3840 407 3897 pro
427 3822 575 3896 quantitate
597 3821 731 3894 portionis
752 3820 842 3892 majus
872 3819 915 3876 rel

114 3915 206 3970 minus
219 3913 359 3985 accipitur,
371 3913 436 3984 quia
451 3912 478 3967 in
493 3911 625 3983 spirituali
651 3927 700 3966 sua
720 3909 818 3966 virtute
839 3924 915 3964 sem-

114 4019 168 4076 per
180 4009 249 4058 totus
263 4018 324 4058 esse
343 4001 475 4067 creditur,
491 4000 529 4056 ita
552 4009 579 4055 ut
603 4014 654 4056 nec
676 3999 721 4072 qui
742 3999 803 4071 plus
823 4012 916 4053 sacra·

115 4091 201 4148 menti
225 4090 373 4162 acceperit,
390 4090 520 4158 abundet,
536 4105 586 4144 nec
608 4088 652 4158 qui
674 4088 774 4154 minus,
790 4085 916 4149 deiiciatt

113 4181 181 4256 quia
197 4196 307 4251 semper
322 4180 393 4235 idem
410 4184 451 4233 est
461 4187 540 4242 totus,
552 4177 578 4232 in
592 4185 785 4250 magnototus,
797 4175 917 4246 inparve

112 4274 200 4336 totus,
217 4269 244 4323 in
254 4269 362 4340 integro
377 4276 460 4334 lotus,
477 4268 502 4322 in
518 4267 607 4324 tracto
622 4274 704 4335 totus,
718 4264 781 4338 quia
800 4278 914 4337 quomo·

111 4359 258 4430 docunque
273 4358 411 4414 varientur
425 4356 514 4430 signa,
527 4371 636 4427 semper
644 4354 717 4410 idem
728 4362 769 4410 εει
777 4353 805 4408 in
813 4353 915 4426 seipso.

969 3198 1005 3254 ad
1020 3186 1144 3281 ea'qrdem
1157 3195 1191 3251 ad
1207 3211 1292 3268 quam
1308 3195 1502 3251 conterendam
1517 3196 1577 3250 sola
1588 3197 1687 3253 Christi
1699 3199 1774 3253 sulii·

970 3286 1006 3343 cit
1021 3286 1133 3356 oblatio,
1151 3292 1223 3340 esset
1238 3284 1373 3357 supertlua
1392 3286 1420 3339 et
1447 3298 1528 3340 rana.
1558 3283 1626 3353 Quia
1642 3302 1707 3358 orgo
1722 3288 1776 3342 irn-

970 3375 1099 3449 possibile
1114 3381 1154 3429 cst
1171 3374 1252 3429 aliam
1274 3372 1392 3430 conterri
1414 3373 1540 3441 salutem,
1566 3379 1674 3443 oportet
1697 3375 1774 3430 earn-

972 3464 1037 3521 dem
1047 3480 1108 3520 esse
1122 3463 1195 3518 illem
1209 3462 1294 3517 semel
1309 3460 1437 3528 oblatam,
1454 3470 1480 3517 et
1508 3470 1628 3516 nostram
1644 3465 1776 3535 quotidia-

972 3569 1035 3610 nam
1047 3552 1225 3618 oblationem,
1237 3558 1266 3606 ut
1275 3550 1370 3606 eadem
1382 3550 1432 3605 sihi
1448 3549 1498 3620 ipsi
1506 3565 1562 3605 uon
1576 3551 1609 3606 sit
1624 3554 1773 3623 superflue,

973 3643 1021 3699 sed
1037 3642 1133 3698 eadem
1143 3655 1253 3711 semper
1267 3637 1403 3694 sufficiens
1431 3646 1458 3694 et
1486 3655 1595 3711 semper
1609 3643 1774 3699 neccssaria.

1008 3730 1126 3787 Primum
1141 3730 1230 3801 itaque
1241 3735 1331 3783 utrum
1346 3728 1443 3783 eadem
1465 3736 1558 3784 nostra
1580 3737 1605 3784 et
1620 3729 1666 3785 illu
1681 3731 1715 3785 sit
1730 3731 1774 3787 vi·

972 3819 1095 3888 deamus,
1111 3817 1209 3874 deinde
1225 3825 1313 3872 utrum
1325 3833 1433 3888 semper
1444 3818 1570 3872 eamdem
1586 3820 1776 3889 semperidem

971 3911 1066 3966 saturis
1094 3914 1223 3979 sequatur
1249 3904 1375 3962 effectus.
1407 3906 1463 3963 Sed
1491 3907 1651 3963 Ambrosius
1681 3909 1774 3980 (toan.

970 3999 1140 4070 chrysost),
1156 3995 1234 4069 quasi
1255 3996 1427 4066 respondens
1453 4013 1511 4060 sure
1539 3999 1694 4068 quaestioui,
1711 3999 1772 4054 uit:

974 4084 1161 4151 «oderimus,
1182 4084 1231 4142 aed
1264 4083 1299 4140 ad
1328 4085 1544 4141 recordationem
1573 4088 1666 4143 mortis
1687 4087 1772 4157 ejusq

971 4184 998 4233 et
1012 4191 1067 4233 una
1081 4183 1122 4232 est
1132 4175 1222 4231 hostia
1232 4189 1288 4230 non
1304 4174 1406 4240 multra,
1430 4174 1495 4247 quia
1509 4175 1594 4230 semol
1609 4176 1716 4232 oblatus
1731 4186 1774 4232 εει

972 4265 1100 4322 Christus.
1111 4266 1170 4321 Hoc
1184 4270 1276 4320 autem
1286 4262 1448 4320 sacrificium
1457 4264 1613 4336 exemplum
1629 4274 1670 4320 est
1684 4265 1770 4320 illius:

972 4355 1098 4426 idipsum,
1115 4368 1224 4425 semper
1237 4351 1355 4422 idpsum.
1366 4374 1377 4401 r

150 4444 230 4503 Unde
242 4445 339 4501 merito
354 4445 490 4501 Eusebius
504 4446 564 4501 ait:
584 4469 594 4493 u
612 4446 681 4501 Vere
700 4443 780 4499 unica
800 4450 827 4498 et
847 4425 955 4514 per-D
1004 4443 1161 4501 Notandum
1175 4457 1241 4517 erqo
1257 4441 1319 4514 quia
1335 4440 1520 4512 quotidianum
1544 4448 1666 4496 nostrum
1682 4445 1772 4498 sacri·
1824 4470 1827 4475 ·

115 4534 188 4592 tecta
202 4533 302 4600 hostia,
315 4533 367 4589 lide
389 4533 548 4589 estimanda
572 4549 626 4588 non
646 4532 811 4603 specie,nec
833 4538 915 4587 exte-

111 4623 182 4680 riori
197 4622 335 4680 censenda
355 4622 424 4689 visu,
447 4621 494 4678 sed
515 4621 637 4678 interiori
661 4620 774 4678 affectu.
796 4645 807 4671 ι
831 4619 916 4676 Unica

112 4712 187 4770 enim
202 4719 254 4779 est,
271 4711 403 4782 quianon
417 4709 548 4766 varietate
564 4710 688 4766 locorum
705 4710 747 4767 vel
763 4718 915 4781 temporum

115 4809 180 4858 sunt
202 4799 303 4865 multae,
321 4797 370 4855 sed
394 4815 448 4854 una
469 4814 580 4870 semper
599 4798 684 4854 hostia
708 4798 836 4870 perfecta,
853 4797 917 4870 quia

115 4905 170 4946 nec
186 4887 283 4962 augeri
305 4892 394 4958 polest
413 4904 462 4944 nec
486 4887 580 4944 minui.
598 4889 631 4942 Et
648 4887 713 4958 quia
733 4887 837 4959 species
857 4887 914 4942 elc-

115 4986 282 5042 mentorum,
298 4977 377 5047 panis
391 4976 495 5033 scilicet
514 4984 540 5033 ει
563 4976 628 5044 vini,
646 4976 743 5033 Christi
765 4976 852 5048 ligura
874 4983 916 5031 est

116 5083 173 5124 non
194 5065 304 5130 veritas,
321 5063 384 5119 ideo
399 5081 453 5120 non
476 5066 637 5121 {estimanda
658 5065 757 5136 specie,
773 5065 816 5120 vel
838 5068 916 5119 cate-

117 5155 183 5212 riori
199 5151 337 5210 censenda
354 5152 423 5221 visu,
440 5155 489 5209 sed
504 5155 625 5210 interiori
640 5153 704 5209 fidei
718 5151 915 5225 affectu;quia,

119 5244 170 5302 etsi
184 5243 292 5300 videtur
302 5245 510 5298 sacramentalis
520 5244 628 5315 species
648 5243 841 5297 elementorum
864 5257 916 5299 ra-

74 5404 78 5409 .
118 5332 184 5389 riari
196 5332 224 5386 iu
240 5330 331 5404 siquo,
346 5346 445 5403 corpus
461 5341 548 5388 tamen
565 5330 661 5387 Christi
674 5329 845 5385 immutabile
859 5346 917 5386 cre·

969 4531 1060 4590 licium
1074 4531 1250 4602 idemipsum
1267 4530 1334 4586 dicit
1347 4544 1409 4586 curn
1424 4545 1467 4596 co,
1484 4545 1538 4602 quo
1548 4530 1672 4585 Christus
1685 4533 1772 4586 semel

969 4621 1078 4680 oblatus
1093 4620 1176 4677 estin
1192 4634 1283 4683 cruce.
1309 4626 1442 4691 quantum
1471 4618 1505 4673 ad
1539 4619 1663 4674 camdem
1678 4636 1772 4676 reram

970 4710 1016 4767 bic
1031 4721 1057 4767 et
1072 4709 1110 4765 ibi
1125 4707 1361 4780 corporisChrIsti
1385 4707 1562 4762 substantiam
1580 4724 1587 4762 :
1604 4709 1675 4779 quod
1700 4726 1771 4765 vero

969 4807 1090 4857 nostrum
1101 4798 1287 4869 quotidianum
1306 4797 1378 4852 illius
1406 4796 1491 4852 semel
1519 4797 1602 4853 oblati
1628 4797 1693 4853 dicit
1708 4814 1770 4854 esse

968 4886 1166 4959 exemplum,id
1177 4887 1338 4959 esttiquram
1347 4885 1388 4942 rel
1397 4887 1516 4942 sormam
1528 4901 1535 4955 ;
1548 4901 1602 4941 non
1612 4886 1678 4942 dicit
1688 4894 1717 4941 ut
1728 4887 1771 4942 hic

968 4977 1012 5034 rel
1034 4975 1072 5031 ihi
1087 4975 1270 5032 essentialiter
1288 4975 1371 5031 alium
1387 4974 1521 5031 Christum
1545 4975 1699 5039 constituat,
1720 4976 1769 5030 sed

969 5065 1138 5124 uteuatdem
1146 5066 1178 5122 in
1186 5066 1371 5127 tracesemct,
1380 5067 1410 5120 in
1422 5064 1510 5119 ulturi
1518 5065 1704 5136 quotidieutio
1714 5083 1770 5121 mo-

970 5155 1003 5212 do
1012 5157 1156 5212 immolari
1165 5162 1193 5211 et
1201 5153 1451 5226 offersiostendot,
1463 5152 1534 5207 ibiin
1545 5153 1656 5208 veritate
1666 5154 1768 5223 passio·

971 5242 1015 5297 nis
1029 5259 1081 5315 que
1092 5259 1143 5313 pro
1153 5242 1231 5298 nobis
1242 5242 1349 5298 occisus
1362 5251 1413 5308 est,
1430 5242 1473 5298 hic
1491 5241 1519 5295 in
1534 5240 1622 5315 figura
1637 5251 1663 5297 ct
1679 5226 1783 5296 imita-l

972 5331 1044 5388 tione
1056 5331 1191 5404 passionis
1205 5331 1301 5404 ipsius,
1323 5349 1376 5404 qua
1390 5332 1511 5389 Christus
1526 5349 1579 5389 non
1592 5333 1687 5388 iterum
1706 5347 1769 5389 tere

156 5488 212 5560 (ta)
227 5487 460 5545 Contranrturam
473 5484 572 5556 carnia,
587 5499 650 5556 quse
664 5480 786 5538 noudum
802 5499 851 5552 per
874 5482 1100 5541 resurrectionem
1120 5483 1190 5541 lacta
1213 5489 1255 5540 est
1275 5483 1431 5555 spiritualis,
1448 5492 1477 5539 ut
1491 5482 1606 5557 hlgerus
1626 5483 1769 5557 explicavit

120 5574 181 5632 esp.
199 5560 241 5614 rt.
