3728 6000
56 256 109 311 585

58 384 159 450 sperat,
176 382 278 431 tantum
293 380 376 438 amat,
398 379 500 427 tantum
515 376 652 441 operibus·
675 365 728 435 Qut
750 368 851 434 silem,
867 361 895 420 Α
909 376 983 443 fidei,
998 392 1047 448 per
1075 394 1154 447 quam
1174 377 1307 433 indicatur
1331 378 1470 433 Abrabam
1494 386 1570 451 poter
1599 380 1705 436 tuturus

57 474 159 523 tanturn
187 472 282 536 sperat
311 470 440 534 quantum
473 460 566 525 credit,
606 464 734 530 quantum
769 457 853 513 amat,

56 564 187 628 quantum
207 560 344 625 operatur.
365 552 410 607 Sic
434 549 523 620 etqui
549 546 688 610 amat;sic
703 542 785 598 etiam
809 538 856 612 qui

55 650 192 716 operatur.
207 643 241 697 Et
255 644 313 697 traec
333 649 373 696 est
385 640 465 712 plena
480 647 506 693 ct
535 638 670 708 perlecta,
686 641 714 689 et
732 647 855 703 conqua-

54 735 133 789 drata
147 731 201 787 sibi
215 732 265 787 Dei
277 731 392 800 justitia.
418 727 496 785 Unde
514 742 575 782 cum
600 724 718 780 Abrabae
734 729 854 778 tentare·

55 829 101 878 tur
120 820 262 893 perfectio,
289 819 441 889 perlectum
475 816 538 870 iidci
564 831 632 886 opus
656 814 681 868 ei
705 811 854 880 injunctum

55 919 105 979 est,
121 918 150 965 ut
173 926 223 981 per
237 908 360 964 atl'ectunr
380 907 465 978 patris
484 904 552 960 tides
567 903 730 974 probaretur
743 898 857 954 creden·

56 1001 103 1068 tis,
130 1006 157 1055 ct
175 999 314 1070 perlectus
338 998 462 1051 inventus
488 1002 543 1050 est.
569 991 766 1047 t'ert'ectionem
791 1001 856 1043 vero

56 1087 147 1160 operis
166 1086 227 1157 ejus
245 1101 300 1141 non
315 1085 452 1156 intelligit,
470 1083 514 1153 qui
531 1080 744 1153 magnitudinem
767 1083 856 1131 tenta·

56 1177 137 1233 bouis
161 1192 214 1231 uon
236 1174 366 1230 advertit.
396 1173 489 1229 Filium
511 1187 591 1240 quem
614 1168 712 1224 offerre
734 1166 856 1236 jubeba-

62 1274 116 1331 tur,
133 1265 161 1319 in
176 1271 317 1320 senectute
337 1263 371 1318 cle
387 1262 472 1317 sterili
487 1276 573 1316 uxore
593 1264 740 1329 genueram
763 1255 859 1310 unicus

60 1355 168 1420 eratei,
187 1353 283 1425 inquo
305 1357 331 1407 et
359 1351 587 1422 repromissiones
610 1352 762 1417 acceperat,
786 1342 857 1398 aite-

60 1458 122 1499 rum
137 1457 250 1514 sperare
259 1456 312 1495 non
323 1448 441 1512 poterat.
463 1462 472 1487 r·
487 1439 574 1503 Tolle,
589 1436 705 1507 sinquit
714 1433 857 1498 Dominus,

63 1530 170 1586 atilium
187 1538 262 1585 tuum
279 1545 360 1600 quern
376 1528 468 1597 diligis
483 1529 569 1590 isaeo,
586 1524 689 1580 etoll'er
704 1522 769 1577 milri
783 1521 857 1575 illum

538 240 724 299 uxt‘Omt'tO
746 240 781 293 ΙΝ
801 236 908 292 lii’lST.
924 236 970 290 AD
985 236 1106 291 ROll.-
1115 236 1178 292 Ltu.
1194 237 1228 293 ll.

1656 240 1708 294 586

907 468 1057 521 multarum
1072 467 1197 537 gentium
1214 483 1220 521 :
1235 467 1308 539 quod
1323 476 1386 523 tunc
1401 468 1539 524 credimus
1555 468 1706 541 resignan-

909 557 985 620 dum,
1002 571 1063 611 cum
1091 556 1215 627 ingressa
1239 556 1360 627 gentium
1382 557 1560 626 plenitudine,
1581 566 1608 613 et
1633 559 1707 614 omni

909 644 955 715 qui
970 652 1033 699 tune
1047 643 1099 698 orit
1112 645 1197 699 lsrael
1213 646 1327 712 salvato,
1344 645 1370 699 in
1381 661 1465 700 unum
1480 647 1624 718 apparebit
1639 663 1708 701 sau-

909 742 953 790 ata
966 733 1084 788 Abrahae
1107 734 1263 803 posteritas.
1281 734 1372 790 Potest
1386 735 1467 788 etiam
1492 735 1607 807 intelligi
1635 735 1709 807 quod

908 822 1048 892 mysteria,
1065 838 1125 891 quae
1144 822 1174 875 in
1201 821 1264 893 lege
1277 829 1304 878 et
1326 823 1465 893 prophetis
1480 824 1524 879 vet
1549 824 1710 894 patriarchis

910 910 1153 975 adumbrabantur,
1170 910 1323 978 hujusmodi
1333 919 1420 978 erant,
1444 928 1506 983 qnae
1518 919 1546 969 et
1567 913 1654 985 signis
1671 914 1709 967 in·

910 998 1026 1054 dicanda
1038 1008 1129 1054 essent
1139 1007 1166 1053 et
1179 999 1331 1070 signaculis
1343 1000 1512 1057 obseranda.
1532 1002 1613 1056 tnhis
1628 1016 1707 1074 ergo,

912 1104 971 1157 quar
992 1087 1080 1159 signis
1107 1086 1252 1143 indicanda
1276 1095 1353 1142 erant
1382 1088 1423 1143 tris
1440 1089 1486 1160 qui
1510 1090 1660 1146 credebant
1683 1099 1711 1148 et

912 1176 1048 1247 gentibus,
1061 1176 1170 1247 signum
1180 1177 1321 1245 accepisse
1335 1176 1434 1232 dicitur
1448 1186 1526 1247 pater
1553 1179 1708 1248 Abrabam

912 1265 939 1320 in
954 1266 993 1320 eis
1009 1280 1082 1331 vero,
1101 1280 1161 1334 «pure
1183 1265 1225 1319 his
1240 1266 1283 1334 qui
1300 1281 1334 1320 ex
1349 1265 1556 1323 circumcisione
1583 1269 1710 1325 credide-

911 1357 983 1419 rant,
1008 1353 1176 1408 observanda
1207 1361 1282 1408 erant
1296 1362 1323 1409 et
1345 1354 1509 1425 obtegenda,
1535 1356 1708 1428 signaculum

913 1441 1011 1498 dicitnr
1035 1441 1194 1511 accepisse:
1210 1442 1282 1511 quod
1315 1454 1377 1497 tuno
1412 1443 1602 1515 resignabitur,
1638 1461 1709 1511 curn,

912 1526 979 1581 sicut
994 1526 1094 1581 dictum
1111 1533 1160 1590 est,
1177 1526 1344 1596 plenitudine
1357 1526 1490 1600 ingressa,
1509 1529 1599 1583 omnis
1626 1529 1710 1586 lsrael

60 1621 87 1675 in
101 1620 289 1675 holocaustum
310 1618 390 1686 (Gen.
403 1622 482 1683 xxrr).
502 1639 512 1663 n
530 1614 600 1682 Quid
614 1622 691 1683 pater
703 1609 860 1666 Abrabam?
913 1614 1063 1671 salvabitur
1086 1616 1174 1677 (Rom.
1191 1615 1240 1683 xi).
1263 1615 1342 1669 Pater
1365 1623 1406 1669 cst
1428 1631 1495 1687 ergo
1525 1616 1661 1672 Abraham
1682 1625 1710 1674 et

59 1710 119 1765 b'ou
134 1708 220 1775 flevit,
236 1723 291 1763 non
306 1705 452 1770 hesitavit,
467 1720 521 1759 non
537 1703 691 1767 excusavit,
704 1700 751 1755 sed
767 1698 858 1768 palam
871 1716 899 1776 B
914 1702 1129 1759 circumcisionis
1145 1711 1172 1757 et
1187 1704 1332 1773 preputii;
1349 1710 1375 1757 et
1397 1704 1424 1758 in
1448 1706 1581 1775 praeputio
1610 1722 1665 1761 non
1684 1707 1713 1761 in

59 1797 176 1854 ostendit
197 1811 280 1866 quem
303 1795 363 1866 plus
385 1801 497 1858 amaret,
522 1794 607 1846 iteum
634 1798 679 1844 ant
706 1787 792 1843 tilium
807 1806 814 1849 ;
832 1793 857 1841 et
913 1791 1119 1848 circumcisione
1133 1800 1254 1861 reputata
1269 1801 1309 1846 est
1335 1792 1361 1846 ai
1376 1790 1445 1847 tides
1460 1792 1493 1846 ad
1515 1793 1660 1863 justitiam,
1688 1804 1714 1853 et

60 1902 121 1942 eum
135 1884 255 1956 perfecte
279 1882 404 1947 credidit,
424 1889 453 1936 et
477 1881 604 1951 per-tecte
618 1878 731 1941 amarit,
762 1876 857 1946 perl'c·
912 1881 1020 1952 signum
1043 1880 1148 1949 accepit
1176 1880 1390 1936 circumcisionis
1404 1880 1575 1951 signaculum
1599 1883 1715 1953 justitie

61 1984 132 2031 aum
154 1974 236 2029 etiam
259 1988 328 2043 opus
352 1987 502 2044 aggressus
526 1968 711 2038 est:ideoque
730 1972 756 2019 et
775 1964 859 2018 tilium
912 1968 984 2036 tidei,
1006 1984 1066 2038 quae
1090 1976 1131 2022 est
1165 1967 1193 2021 in
1221 1968 1418 2039 pr·aeputio;id
1444 1977 1484 2023 cst
1519 1987 1598 2039 quarn
1622 1972 1716 2028 habuit

61 2062 161 2119 meruit
174 2062 306 2132 recipere,
323 2069 350 2115 et
359 2060 426 2114 tides
440 2060 465 2114 ei
479 2057 656 2127 adjustitiam
670 2061 792 2125 reputata
807 2060 858 2107 est.
912 2059 1073 2130 priusquam
1098 2056 1351 2126 circumcideretur,
1375 2080 1386 2105 s
1404 2060 1434 2111 ut
1448 2057 1482 2112 sit
1497 2067 1573 2128 pater
1594 2060 1717 2115 omniurn

62 2151 200 2208 Audierat
213 2151 297 2207 rerba
319 2148 454 2218 exquisita
467 2147 501 2201 ad
519 2145 697 2215 dirumpenda
720 2151 745 2197 et
760 2142 860 2196 discer-
913 2145 1082 2201 credentium
1100 2160 1148 2215 per
1161 2145 1332 2215 preputium,
1344 2168 1355 2192 ι
1375 2146 1401 2199 id
1424 2147 1506 2201 estin
1523 2148 1664 2218 preputio,
1687 2157 1717 2204 ut

63 2240 151 2313 penda
166 2248 279 2311 patena
294 2240 410 2304 riscera,
427 2236 477 2291 sed
491 2235 575 2290 lorica
602 2228 665 2288 tidei
680 2233 798 2298 indutus,
819 2246 862 2285 so·
914 2234 1115 2303 sioutreputata
1136 2242 1176 2287 est
1197 2233 1235 2286 itti
1250 2233 1328 2300 tides,
1345 2232 1386 2289 sic
1410 2256 1421 2282 ι
1447 2242 1590 2305 reputetur
1614 2245 1642 2292 et
1664 2236 1718 2293 illis

66 2345 145 2386 curus
159 2328 336 2384 tentationem
352 2325 494 2397 percurrit,
515 2333 541 2379 et
556 2323 662 2394 paterni
672 2322 785 2377 aiicctus
797 2318 861 2375 dul·
915 2323 949 2378 ad
974 2322 1117 2391 justitiam,
1134 2328 1160 2376 et
1184 2322 1219 2375 sit
1243 2330 1322 2392 pater
1346 2323 1569 2392 circumcisionis,
1593 2341 1649 2381 non
1676 2326 1720 2382 bis

66 2418 194 2475 oediuem
208 2432 262 2472 uon
280 2416 409 2479 turbarit,
421 2415 469 2469 sed
484 2413 607 2469 adauxit.
624 2412 719 2467 lterito
731 2425 808 2482 crgo,
834 2414 864 2463 ut
916 2418 1017 2467 tanturn
1039 2410 1086 2483 qui
1110 2416 1174 2465 sunt
1196 2426 1231 2465 err
1252 2411 1469 2479 circumcisione,
1495 2413 1545 2467 sed
1567 2420 1593 2468 et
1608 2413 1651 2469 bis
1672 2413 1720 2487 qui

63 2522 133 2579 sepe
146 2505 262 2569 dicatur,
278 2503 347 2559 tides
360 2504 383 2559 ei
399 2508 523 2574 reputata
537 2510 579 2557 est
597 2499 791 2568 adjustitiam.
809 2496 862 2552 Sed
917 2508 1054 2555 sectantur
1065 2498 1182 2569 vestigia
1196 2498 1269 2564 fidei,
1287 2515 1351 2570 quae
1365 2504 1407 2554 est
1422 2500 1450 2554 iu
1478 2502 1611 2572 praeputio
1633 2504 1720 2575 patris
1791 2540 1793 2545 ·

64 2593 268 2664 etquicunque
302 2591 384 2647 tidem
411 2592 529 2645 itbratrae
561 2588 696 2654 babuerit,
721 2586 865 2656 risumque
918 2589 1004 2643 nostri
1023 2589 1180 2643 ramme.
1196 2588 1718 2661 «Noneoimperlegempromissio:s

62 2682 153 2739 eor-dis
175 2683 232 2751 sui,
248 2681 331 2735 idest
359 2679 449 2733 carnis
475 2679 628 2747 voluptates
651 2684 678 2731 ct
705 2675 804 2731 animae
819 2688 866 2728 vo·
918 2675 1028 2747 quodsi
1052 2683 1132 2743 esset,
1148 2676 1182 2730 ad
1198 2691 1246 2731 cos
1262 2683 1365 2730 tautum
1381 2684 1463 2743 esset,
1480 2677 1527 2749 qui
1543 2677 1596 2750 legi
1617 2679 1719 2736 deser-

62 2772 180 2826 luntates
203 2770 230 2824 iu
255 2784 302 2824 ara
329 2776 430 2821 sauctae
451 2765 629 2837 professionis
648 2765 706 2820 lleo
724 2762 864 2830 obtulerit,
919 2765 1003 2821 riunt.

62 2859 153 2915 audiet
176 2875 191 2914 a
208 2858 343 2920 Domino;
358 2872 407 2927 per
422 2856 613 2926 memetipsum
624 2853 724 2923 juravi,
740 2852 804 2923 quia
823 2850 867 2906 te·
956 2855 1043 2910 vans.
1058 2857 1164 2909 ts.-·
1175 2854 1566 2930 Nuncautcmnonperlegem
1575 2857 1721 2930 promissio

61 2948 121 3006 aisti
136 2964 195 3004 rem
210 2949 280 3001 trano
298 2955 324 3000 ct
338 2962 391 3000 non
407 2944 552 3015 pepercisti
567 2943 664 2997 unimce
680 2949 734 2995 tucn
754 2944 865 3011 propter
919 2942 1045 3010 Abrabae,
1061 2951 1107 2997 aut
1128 2943 1225 2998 semini
1240 2942 1311 3013 ejus,
1328 2951 1357 2998 ut
1377 2945 1464 3000 baercs
1490 2954 1563 3001 esset
1576 2949 1689 3020 muudi;
1708 2972 1721 2999 s

61 3053 114 3103 rne,
139 3036 308 3092 benedicens
332 3033 493 3089 benedicam
518 3032 576 3099 tibi,
597 3039 623 3087 et
646 3030 813 3102 reputabitur
837 3035 864 3083 et
919 3040 948 3086 ut
969 3032 997 3085 in
1021 3038 1077 3086 toto
1100 3031 1125 3086 ci
1142 3031 1243 3086 mundo
1265 3032 1424 3088 dilataretur
1451 3034 1606 3103 hereditas,
1636 3045 1665 3092 ut
1692 3037 1719 3092 in

62 3126 111 3197 ipsi
126 3124 197 3181 tides
219 3125 280 3196 ejus
300 3123 335 3179 ad
350 3123 497 3193 justitiam.
528 3122 669 3193 Coguntur
691 3136 756 3191 crgo
774 3118 864 3173 Judrei
918 3120 1024 3176 semine
1036 3121 1097 3189 ejus
1112 3119 1339 3175 benedicerentur
1360 3136 1456 3176 omnes
1470 3131 1578 3194 gentes.
1595 3127 1656 3180 Non
1668 3142 1721 3196 per

61 3214 141 3271 fateri
155 3214 293 3269 Abrabam
305 3210 483 3281 justificatum
507 3227 557 3281 per
570 3209 652 3264 tidem
666 3228 673 3275 ;
688 3225 739 3264 nos
759 3223 866 3279 quoque
917 3207 1019 3280 legem,
1034 3209 1081 3263 sed
1095 3224 1143 3278 per
1155 3207 1284 3276 justitiam
1299 3207 1372 3277 fidei,
1389 3210 1451 3279 quia
1466 3211 1538 3283 legis
1565 3212 1721 3271 observatio

61 3303 191 3375 „ogjmuf
209 3300 362 3372 intelligere
385 3316 481 3356 omnes
502 3299 637 3371 antiquos,
662 3297 707 3368 qui
723 3294 863 3365 justificati
917 3297 963 3354 rix
983 3312 1093 3367 poenam
1108 3295 1217 3368 effugit,
1235 3294 1297 3350 fidei
1319 3312 1386 3353 vero
1408 3299 1536 3353 meritum
1549 3315 1627 3370 spem
1649 3318 1721 3372 pro·

61 3398 134 3458 sunt,
152 3407 188 3447 ex
203 3391 256 3445 hac
279 3390 339 3459 ipsa
355 3387 408 3442 tide
420 3386 592 3456 justificatos.
613 3386 691 3454 Quod
712 3387 784 3440 enim
802 3399 863 3439 ore·
917 3385 1057 3440 missionis
1077 3392 1224 3455 exspectat.
1248 3386 1280 3438 m
1297 3393 1461 3456 praeceptum
1484 3389 1570 3443 serris
1589 3390 1717 3460 ponitur;

61 3480 152 3535 dimus
169 3494 221 3535 nos
245 3495 279 3534 ex
294 3486 370 3549 purte
384 3477 558 3548 preteritum,
574 3492 607 3531 ex
631 3483 707 3545 purte
729 3475 862 3538 futurum,
917 3472 985 3529 sides
1000 3489 1065 3528 sero
1080 3474 1115 3527 ab
1125 3472 1221 3527 amicis
1236 3473 1365 3544 exigitur.

61 3571 116 3627 boe
147 3577 233 3625 totum
261 3566 300 3621 illi
327 3566 476 3622 credebant
504 3564 632 3631 futurum,
652 3563 790 3620 revelante
812 3560 863 3616 sibi
955 3564 1040 3617 Vens.
1065 3563 1107 3624 tt,
1130 3561 1226 3615 trs-at.
1249 3590 1283 3601 -
1300 3584 1311 3608 s
1329 3560 1450 3616 Sienim
1475 3564 1520 3633 qni
1543 3581 1578 3622 0¹
1600 3567 1717 3640 iege,bi

63 3658 168 3730 Spiritu
190 3663 344 3719 sancto,ut
369 3655 437 3709 salvi
464 3652 571 3708 tierent.
603 3653 750 3709 Sciendum
773 3659 863 3705 autem
919 3658 1020 3706 tantum
1035 3649 1160 3705 lraerertes
1176 3656 1247 3714 sunt,
1263 3649 1398 3705 exinanita
1414 3659 1455 3705 est
1468 3652 1537 3708 tides
1561 3656 1718 3726 ndbrabre,

59 3747 94 3803 (te
107 3743 319 3802 circumcisione
337 3744 464 3809 Abrabae,
482 3752 508 3797 et
523 3741 660 3812 baptismo
675 3749 781 3806 nostro,
794 3754 863 3807 quo·
918 3756 970 3810 qus
994 3737 1141 3808 justiticari
1168 3738 1277 3804 meruit,
1313 3744 1339 3791 et
1364 3738 1467 3794 nultius
1494 3743 1582 3798 meriti
1609 3743 1718 3815 allecta,

60 3852 122 3891 nrm
135 3832 353 3904 unumquodque
369 3832 397 3886 in
414 3840 537 3901 tempore
552 3846 601 3884 suo
613 3826 785 3901 signaculum
800 3826 863 3881 fidei
920 3851 931 3874 ι
947 3827 1048 3883 abolita
1060 3834 1104 3881 est
1118 3826 1274 3896 promissio,
1292 3849 1303 3874 ι
1322 3833 1350 3880 ut
1362 3826 1497 3895 Jamnulii
1511 3831 1564 3885 siut
1579 3834 1717 3892 haeredes.

60 3917 120 3991 tuit,
148 3922 265 3993 signans
299 3920 403 3976 scilicet
431 3920 519 3975 coritis
549 3917 791 3983 circumcisionem,
821 3914 863 3970 rel
918 3917 947 3971 Si
968 3917 1040 3971 enim
1057 3916 1095 3969 ita
1108 3921 1192 3980 esset,
1208 3922 1364 3985 oportuerat
1378 3915 1496 3986 primurn
1512 3919 1648 3976 Abrabam
1673 3923 1717 3979 le-

60 4012 234 4069 eouscieutiae
249 4009 417 4074 munditiam,
436 4007 562 4080 quoniam
579 4008 755 4062 circumcisus
773 4002 863 4076 gignit
917 4020 981 4076 gem
995 4004 1109 4074 implere
1126 4018 1132 4057 ι
1149 4007 1193 4058 aut
1208 4002 1352 4073 implenda*
1374 4004 1473 4059 trustra
1488 4006 1634 4076 insisteret,
1651 4013 1716 4082 quia

59 4100 265 4174 prreputiatum,
302 4099 374 4153 sicut
410 4097 560 4168 baptizatus
598 4111 650 4150 non
687 4093 862 4165 baptizatum,
919 4096 993 4150 ·tex
1009 4096 1076 4148 iram
1093 4117 1104 4143 s
1123 4094 1212 4164 potius
1230 4116 1241 4139 «
1267 4102 1408 4163 operatur.
1432 4118 1443 4143 ι
1462 4096 1585 4154 Ubivero
1600 4101 1640 4156 ira
1656 4110 1713 4169 est;

58 4188 256 4245 mssumlens
270 4192 386 4257 uterque
405 4186 498 4240 vitium
520 4185 646 4257 originis,
663 4199 716 4254 quo
733 4183 790 4253 ipse
803 4182 862 4252 iam
916 4183 1060 4238 hereditas
1070 4197 1124 4237 non
1140 4189 1190 4235 est.
1208 4182 1252 4235 lru
1265 4189 1354 4236 autern
1369 4181 1395 4237 in
1410 4183 1471 4254 lege
1485 4192 1545 4255 est;
1562 4203 1625 4243 uam
1639 4205 1714 4260 prae-

57 4278 158 4335 caruit.
175 4278 253 4333 Sicut
273 4290 341 4348 crgo
364 4282 427 4328 tunc
441 4273 688 4337 circumcidendus,
713 4271 753 4327 sic
774 4271 863 4326 omnis
915 4271 1056 4327 vaticano.
1076 4294 1087 4319 ι
1104 4269 1154 4327 Ubi
1169 4286 1235 4325 vero
1247 4278 1347 4324 nonest
1359 4271 1472 4336 lex,nec
1486 4278 1711 4345 praevaricabor

58 4367 108 4439 qui
127 4365 227 4423 salvari
252 4365 317 4431 vult,
343 4364 424 4418 modo
452 4370 490 4418 est
509 4362 697 4433 baptizandus.
721 4360 860 4416 Transibit
918 4359 1109 4416 t’raevaricatio
1124 4367 1214 4415 autem
1228 4359 1327 4429 duplex
1342 4369 1546 4429 peccatumest.
1568 4364 1714 4431 Quodstne

56 4462 153 4511 autem
167 4453 377 4525 unumquodque
393 4454 649 4508 lrocsacramontum
660 4465 666 4517 ;
679 4450 751 4522 quod
766 4457 858 4505 autem
873 4420 902 4482 D
916 4449 978 4521 lege
991 4448 1150 4518 simpliciter
1164 4455 1206 4502 est
1219 4454 1361 4517 peccatum
1375 4463 1383 4515 ;
1397 4448 1425 4502 in
1441 4448 1502 4521 lege
1522 4459 1546 4506 ct
1568 4457 1713 4522 peccatum

55 4543 174 4617 signant
187 4544 265 4614 signa
288 4544 345 4596 lucc
366 4540 408 4595 sci
433 4540 582 4610 signacula,
599 4538 718 4593 manebit
732 4538 759 4592 in
776 4543 858 4594 aeter-

56 4648 137 4689 num.
151 4633 302 4702 Utrumque
320 4630 393 4685 euim
413 4629 512 4698 posuit,
534 4636 560 4682 ot
588 4628 700 4699 signum
726 4630 752 4683 et
763 4629 859 4699 signa-

56 4722 164 4787 cuturn,
179 4726 206 4775 et
220 4719 379 4774 nonnullam
391 4718 516 4773 videntur
541 4717 640 4771 trabere
660 4714 853 4771 differentiam.

57 4806 176 4877 Signum
192 4802 331 4873 estquod,
353 4803 442 4856 visum
457 4802 499 4857 vel
518 4804 676 4872 cogitatum,
692 4802 719 4855 in
740 4808 858 4856 mentem

56 4894 156 4951 venire
170 4892 233 4950 iacit
247 4908 316 4958 rem,
332 4891 410 4960 cujus
420 4897 462 4946 est
475 4890 599 4962 signum.
618 4891 700 4945 Jonas
718 4890 746 4944 in
765 4896 858 4944 ventre

55 4983 112 5039 ceti
128 4982 213 5037 tribus
239 4981 335 5036 diebus
361 4989 388 5035 et
411 4979 494 5034 tribus
518 4979 643 5034 noctibus
671 4978 778 5050 signum
808 4977 859 5032 tuit

56 5070 170 5128 Domini
192 5072 257 5126 lesu
271 5069 384 5135 Christi,
401 5067 481 5123 luturi
505 5068 533 5122 in
561 5068 645 5122 corde
666 5075 743 5122 terrae
771 5068 858 5121 tribus

56 5160 159 5217 diebus
173 5167 200 5216 et
215 5159 300 5215 tribus
314 5157 439 5215 noctibus
449 5157 560 5227 (bruttii.
577 5162 639 5225 sn).
653 5155 779 5211 Carnutis
793 5172 859 5227 quo·

56 5266 113 5321 que
138 5248 307 5305 circumcisio
321 5247 429 5319 signum
451 5253 492 5300 ost
505 5244 722 5301 circumcisionis
736 5243 860 5315 spiritua·

57 5348 105 5404 lis.
121 5344 297 5418 Signaculum
313 5360 378 5399 vero
400 5352 450 5407 est,
474 5359 534 5397 curn
550 5342 631 5398 alicui
659 5343 697 5396 rei
718 5341 859 5397 servandas

60 5461 116 5517 pro
137 5453 259 5515 tempore
276 5441 399 5505 custodia
419 5440 576 5510 imponitur,
593 5440 666 5512 quod
681 5455 762 5495 nemo
787 5439 858 5495 alius

60 5544 116 5601 nisi
129 5543 175 5614 qui
184 5540 321 5616 impressit
334 5540 431 5595 debeat
453 5538 607 5613 resignare.
617 5540 680 5597 llaec
695 5547 737 5596 est
749 5539 856 5610 justitia

205 5666 326 5725 rimor.
342 5664 476 5721 clxxii.

913 4545 940 4595 et
955 4538 1071 4592 mandati
1086 4535 1273 4606 prevaricatio
1288 4542 1338 4591 est.
1356 4536 1406 4591 Ubi
1428 4538 1500 4592 enim
1522 4544 1710 4611 prevaricatio

913 4631 955 4682 est
970 4624 1177 4688 contemnentis,
1194 4623 1258 4693 quid
1273 4632 1357 4678 restat
1371 4625 1423 4679 nisi
1437 4627 1477 4680 ira
1488 4627 1634 4696 jubentis?
1646 4634 1708 4689 Nou

912 4731 980 4788 crgo
996 4730 1029 4769 ox
1043 4714 1104 4783 lege
1120 4711 1271 4777 baereditas,
1287 4712 1349 4782 quia
1363 4711 1406 4768 lex
1415 4713 1481 4768 iram
1495 4726 1631 4786 operatur.
1645 4722 1710 4779 ldeo

912 4820 945 4860 ex
967 4800 1187 4874 repromissione,
1210 4800 1275 4873 quia
1296 4801 1371 4855 Deus
1396 4803 1468 4873 quod
1494 4807 1626 4876 promisit,
1649 4811 1711 4882 ipse

912 4892 985 4948 iacit.
1001 4890 1054 4960 Qui
1070 4891 1142 4946 enirn
1156 4898 1292 4961 prcecepta
1306 4889 1376 4961 legis
1397 4890 1509 4962 implere
1523 4911 1554 4950 sc
1569 4906 1644 4966 putat
1659 4916 1709 4971 per

911 4981 1051 5035 arbitrium
1086 4979 1203 5049 proprie
1224 4977 1368 5034 voluntatis
1395 4978 1453 5035 sine
1479 4982 1575 5052 spiritu
1599 4990 1708 5059 grstiae,

911 5084 988 5125 suam
1007 5068 1137 5137 justitiam
1161 5068 1219 5122 vult
1233 5067 1408 5132 constituere,
1432 5084 1486 5124 uon
1499 5071 1632 5141 iustitiam
1658 5077 1709 5134 Dei

912 5174 1030 5213 sumere.
1043 5158 1104 5213 Non
1120 5157 1169 5211 troc
1185 5156 1310 5227 promisit
1325 5156 1397 5210 Deus
1410 5157 1533 5215 Abrabae.
1550 5162 1612 5217 Non
1635 5166 1708 5222 enim

911 5244 946 5299 de
962 5250 1062 5298 nostrae
1076 5240 1218 5297 voluntatis
1243 5244 1385 5311 potestate,
1401 5241 1449 5297 sed
1473 5243 1506 5298 dc
1530 5248 1618 5318 gratia
1632 5266 1707 5322 pras.

912 5340 1099 5398 destinationis
1113 5355 1169 5394 suae
1183 5336 1309 5408 promisit
1318 5337 1391 5407 quod
1401 5341 1527 5408 promisit
1535 5343 1608 5401 Deus
1622 5350 1709 5406 Abra·

912 5440 966 5495 bre.
988 5438 1116 5494 Promisit
1130 5437 1202 5493 euim
1225 5435 1297 5506 quod
1318 5434 1377 5506 ipse
1391 5435 1511 5495 facturus
1531 5439 1625 5512 luerat,
1655 5465 1711 5506 non

911 5537 983 5610 quod
998 5536 1131 5602 homines,
1148 5534 1221 5606 quia,
1234 5533 1317 5591 etium
1331 5549 1393 5591 rum
1407 5535 1461 5607 ipsi
1477 5537 1600 5599 homines
1609 5544 1713 5605 iaciunt

1521 5664 1554 5719 19
