3728 6000
4 188 7 193 ’
106 201 158 257 res
578 193 726 253 totNle
745 192 908 252 uoniam
928 195 958 253 a.
978 192 1171 254 temnant
1199 192 1306 252 naon.
1398 198 1400 203 ·
1702 195 1752 251 rat

17 368 20 373 ι
101 332 177 386 esset
191 324 236 400 qui
251 322 405 396 talispecie
421 321 588 397 apparebat.
609 320 854 394 appropinquante
865 336 898 377 eo
912 326 938 387 Α
954 324 1050 380 ecdem
1073 324 1198 380 intuitum
1225 321 1352 396 dirigere,
1375 321 1574 395 diligenterque
1600 321 1750 377 attendere.

100 415 525 485 cumsriiscomitibus‚quorum
541 429 594 468 non
618 412 730 468 attendit
758 427 901 466 numerum
955 414 1050 470 Stabat
1064 414 1157 470 itidem
1179 413 1206 467 in
1235 412 1325 467 medio
1354 412 1477 467 ecclesiae
1503 411 1626 481 ejusdem
1648 426 1753 483 pauper

16 516 19 521 '
101 508 259 576 (sextamcn
273 512 319 559 aut
333 512 395 559 octo
410 519 470 559 esse
485 509 653 573 potueruut).
679 502 763 556 suctus
778 509 819 556 est
838 516 899 555 cer·
953 513 1039 560 coetus
1054 505 1196 573 utriusque
1212 518 1304 566 sexus,
1321 503 1512 572 protensisque
1528 502 1652 556 manibus
1672 516 1752 558 orare

101 594 220 649 tissimus
235 594 320 649 frater
333 592 404 664 quod
420 601 529 647 sanctus
547 591 688 647 Mauritius
699 599 780 645 esset.
810 590 899 645 llere·
953 592 1106 649 ridebatur.
1123 590 1234 647 Dicebat
1243 606 1309 659 ergo
1330 607 1401 645 nnus
1424 606 1516 645 eorum
1533 590 1640 664 erigens
1655 589 1750 647 luciam

65 722 69 735 .
100 692 245 754 tentetque
273 682 591 751 accedenspraesumpta
617 679 715 734 fiducia
741 679 807 733 dixit
836 678 897 734 eis:
953 689 981 738 et
998 682 1094 752 palmis
1116 680 1292 752 complodens
1320 687 1415 735 corrtra
1442 679 1549 736 altare:
1577 678 1629 736 «0
1657 688 1752 735 sancte

104 792 115 825 a
132 771 270 845 Oquanta
284 771 414 826 fortitudo
425 770 504 825 vobis
519 779 576 824 erat
594 769 622 822 in
638 776 717 824 tautae
732 767 900 839 proceritatis
952 771 1070 829 Mauriti.
1092 787 1190 843 magne
1205 780 1313 841 martyr,
1331 785 1378 823 cur
1395 784 1438 823 mc
1458 786 1511 824 non
1535 769 1674 840 adjuras?
1698 769 1753 824 Cur

101 861 253 931 atintegrae
277 860 428 930 juventutis
458 859 631 928 corporibus,
661 857 761 913 milites
788 855 897 924 Christi,
953 877 1007 917 non
1018 860 1136 916 vindicas
1149 861 1184 916 de
1199 859 1374 932 praedonibus
1388 859 1434 931 qui
1450 874 1493 913 me
1515 859 1596 914 rebus
1623 857 1751 915 omnibns

100 949 227 1024 quoniam
266 948 380 1004 ririliter
404 947 522 1002 inimicis
550 947 683 1012 resistere,
711 953 737 1000 et
757 945 898 1001 victoriam
952 950 1185 1019 exspoliaverunt,
1224 947 1381 1020 nudumque
1422 963 1519 1019 capere
1562 956 1589 1003 et
1625 946 1751 1003 occidere

100 1053 133 1095 ex
148 1037 295 1095 idololatris
307 1036 438 1110 consequi
451 1035 615 1105 potuissetis,
631 1035 653 1090 si
668 1035 752 1089 armis
767 1035 898 1089 materia·
952 1034 1128 1112 quaerunti'»
1143 1037 1329 1104 Cuiusrerbis
1343 1045 1454 1092 sauctus
1484 1052 1636 1101 occurrens,
1666 1053 1748 1093 eum-

100 1125 171 1182 libus
182 1126 325 1196 placuisset
342 1125 378 1180 uti
394 1125 408 1178 t
425 1148 437 1173 r
454 1125 494 1181 td
510 1125 569 1180 haec
583 1123 636 1179 dux
658 1123 864 1196 placidissimus
888 1140 895 1176 ε
951 1143 1013 1199 que,
1029 1144 1110 1200 quem
1126 1126 1236 1184 tenebat
1262 1125 1339 1197 quasi
1364 1126 1398 1181 ad
1426 1125 1619 1182 attendendum
1648 1142 1750 1182 concu-

103 1213 328 1284 sQuid,lrater,
345 1214 441 1285 inquit,
457 1212 698 1267 nonnevictoriam
717 1212 751 1268 de
777 1211 896 1267 inimicis
951 1217 1022 1272 tiens
1049 1217 1189 1287 respondit
1209 1234 1215 1271 :
1234 1239 1245 1264 a
1263 1215 1378 1285 Tuipse
1402 1229 1452 1286 pro
1485 1232 1566 1288 posse
1589 1223 1635 1271 tuo
1664 1215 1752 1288 pessi-

100 1301 634 1361 vitasumusconsecatitnuttanobis
657 1301 771 1357 victoria
798 1299 898 1356 clarior
951 1305 1310 1373 musespraedoetsocius
1332 1304 1429 1368 furum,
1459 1305 1575 1372 nultum,
1599 1303 1645 1358 ubi
1676 1303 1751 1370 licet,

100 1399 127 1450 at
141 1392 221 1448 laude
233 1392 344 1466 dignior
358 1407 416 1448 esse
446 1391 542 1462 potuit,
573 1406 655 1464 quam
681 1389 819 1444 inimicum
847 1404 896 1443 sua
951 1395 1365 1466 omittensageremolomtl'oe
1382 1393 1434 1448 tibi
1454 1394 1502 1466 qui
1522 1392 1667 1464 prodaris,
1684 1394 1751 1464 cuin

99 1496 182 1538 manu
197 1490 379 1554 prosternere,
396 1488 425 1536 et
441 1488 531 1536 morte
546 1481 669 1553 corporis
690 1479 773 1535 vitam
799 1478 897 1533 animas
950 1488 979 1540 er
993 1483 1267 1555 misprenderem.»
1288 1482 1355 1536 ltem
1383 1482 1461 1537 alteri
1489 1482 1609 1538 dicenti:
1636 1504 1647 1529 a
1681 1482 1753 1550 Quid

99 1572 255 1646 acquirere.
279 1594 290 1619 n
950 1572 1488 1645 dormis.unprecibnancrtrisourem
1500 1573 1580 1627 tanen
1588 1569 1754 1628 obclaudis?

133 1661 198 1718 Erat
226 1671 318 1717 autem
346 1658 490 1732 chlamyde
517 1674 654 1732 purpurea
672 1657 792 1713 indutus.
808 1657 895 1727 Quam
955 1665 1052 1729 Ousire.
1064 1663 1328 1723 omaaimcauacte.
1342 1662 1524 1734 nonrespicir
1540 1661 1668 1716 miserias
1684 1676 1753 1717 not·

97 1764 159 1807 cum
184 1749 268 1806 irater
294 1750 365 1803 idem
393 1749 439 1802 diu
468 1749 628 1814 intueretur,
659 1748 697 1802 ait
734 1747 895 1801 Mauritius:
954 1749 1754 1822 troslliecederaalcrcmoliabominibus,campanaria

100 1861 112 1887 a
132 1838 187 1896 Hac
198 1847 284 1905 veste,
296 1854 376 1910 quem
392 1837 430 1892 sic
457 1837 579 1909 inspicis,
596 1836 696 1891 milites
719 1835 803 1890 nostri
827 1843 898 1890 tem·
951 1842 1055 1897 amitto
1071 1837 1264 1894 aeconomia
1280 1839 1375 1893 Beatus
1383 1846 1486 1910 martyr
1494 1839 1635 1893 subintulit
1651 1852 1658 1892 :
1674 1859 1685 1887 r
1704 1838 1753 1894 lle·

96 1929 173 1999 poris
194 1926 422 1983 discernebantur
449 1941 466 1981 a
490 1925 677 1996 popularibus,
708 1939 758 1979 nec
784 1924 837 1978 nisi
864 1923 899 1978 de
952 1927 1752 2001 rirotoecpateris,mirnmqoe,qnodteterranondeplo-

6 2070 9 2075 .
96 2016 182 2088 pallio
209 2022 253 2071 ant
275 2030 393 2087 purpura
427 2012 528 2069 licebat
558 2012 635 2068 militi
678 2013 800 2068 Romanu
826 2012 900 2067 chla-
954 2012 1754 2089 titaninumquamcooroellei.cujastues,ctdecuo

98 2105 210 2177 mpdern
240 2105 310 2159 inter
332 2102 400 2159 alios
428 2103 539 2158 nabere.
553 2125 565 2151 u
581 2100 678 2157 Incidit
706 2108 795 2157 aurem
826 2099 899 2173 cogi·
953 2103 1752 2176 ntemfidetispatratiodecimodetrobendosacrilegas,

97 2193 164 2249 tatio
180 2190 253 2248 fratri
268 2207 302 2247 uu
316 2208 377 2248 eum
394 2192 427 2248 B·
448 2190 585 2246 Mauritius
607 2189 747 2261 cognitum
776 2188 898 2244 habetet·
952 2194 1282 2265 inccaaodesroaduirr,
1294 2193 1413 2249 inomni
1424 2192 1754 2249 debitoserritiiaobter·

96 2280 145 2338 Cui
160 2281 317 2355 cogitationi
333 2281 390 2351 ipse
406 2279 513 2353 placide
527 2278 699 2351 respondens
714 2294 721 2333 ε
734 2299 745 2327 a
760 2277 832 2344 Scio,
851 2277 898 2347 eit,
952 2285 1112 2356 [solennat
1126 2281 1399 2338 ideosicomnilroati
1410 2283 1567 2354 repositus.
1578 2285 1612 2338 ct
1627 2280 1755 2338 tirason·

95 2368 435 2442 quodsismonachusde
464 2368 619 2440 patrocinio
641 2366 713 2423 baeti
743 2365 899 2427 Laurentii:
953 2370 1519 2440 ventrsderpr'ciatomnissnnctas.»Sic
1542 2369 1673 2427 omnibus
1699 2369 1754 2427 ob·

95 2459 145 2516 sed
159 2458 259 2531 aliquid
269 2457 386 2529 querelae
400 2457 488 2513 baben
502 2457 649 2512 adversum
661 2464 698 2523 te,
716 2455 780 2527 quia
809 2464 900 2510 trans·
950 2460 1063 2532 jiciebat
1078 2475 1139 2531 quae
1154 2459 1281 2524 fecerant,
1299 2459 1403 2515 atinde
1418 2459 1543 2515 miserias
1557 2475 1620 2514 suas
1644 2473 1755 2515 coacer-

96 2556 157 2605 acto
172 2564 243 2605 annu
258 2563 320 2603 aum
336 2546 467 2618 prandium
482 2546 530 2603 ubi
548 2545 691 2602 ecclesiola
711 2544 813 2600 numiui
840 2559 900 2599 meo
954 2549 1062 2606 rabant.
1079 2548 1216 2604 Audiebat
1230 2547 1322 2603 omnia
1338 2545 1421 2603 lrater
1436 2546 1509 2604 idem
1530 2547 1753 2621 diligentissime,

96 2634 231 2694 aedificata
246 2635 344 2707 est(l),
361 2634 517 2707 frequenter
535 2635 677 2697 inviseres,
706 2632 841 2702 triduum,
858 2633 902 2688 vel
953 2639 1042 2694 sciens
1058 2645 1167 2708 propter
1180 2653 1210 2692 se
1225 2637 1283 2693 haec
1305 2645 1413 2692 ostensa
1436 2644 1465 2692 ut
1492 2637 1574 2693 sciret
1603 2636 1674 2709 qnod
1702 2652 1754 2692 ne-

96 2723 562 2798 empliusilliclaciens,nunquam
577 2723 621 2778 rol
646 2721 731 2778 semel
755 2722 899 2777 missarum
954 2728 1072 2793 sciebat;
1090 2727 1291 2797 mirabaturque
1324 2735 1378 2782 tam
1408 2726 1497 2782 subito
1524 2743 1553 2782 se
1579 2725 1608 2782 in
1631 2726 1754 2784 oratorio

97 2815 230 2872 solemnia
242 2814 395 2878 celebrasti,
410 2814 452 2868 rel
466 2815 564 2886 saltem
579 2812 663 2868 divini
690 2811 794 2868 servitii
820 2814 901 2867 horas
954 2832 1025 2882 esse,
1041 2815 1274 2888 cujusaediticium
1289 2832 1371 2871 omne
1386 2818 1611 2888 recognoscebat,
1630 2824 1657 2872 et
1682 2816 1756 2890 quod

97 2914 162 2961 ante
190 2905 274 2960 altare
295 2903 433 2959 memoriae
456 2918 524 2958 mere
553 2909 674 2958 erectum
702 2900 862 2957 decantasti.
888 2924 898 2951 a
955 2912 1256 2976 mmpromprearanro
1283 2913 1399 2977 martyre
1428 2905 1490 2960 eatis
1514 2905 1632 2962 ostensio
1659 2905 1754 2962 fiebat,

100 2992 221 3051 Audiens
236 2995 287 3049 hoc
300 2992 355 3060 ille,
367 2992 547 3062 consciusque
557 2992 610 3048 hcc
621 3007 715 3046 rerum
737 3006 806 3056 esse,
828 2989 901 3060 quod
955 2995 984 3051 ln
1000 2996 1051 3050 bac
1065 2995 1244 3050 admiratione
1254 2994 1357 3065 positus
1367 2993 1457 3049 subito
1472 3010 1503 3051 se
1517 2994 1584 3050 riola
1609 3010 1670 3051 esse
1693 3010 1754 3051 cum

99 3083 211 3156 quidem
227 3091 254 3134 et
268 3081 328 3153 ipsu
346 3081 409 3135 olim
425 3078 763 3152 perpenderat,sedtaedio
773 3078 900 3150 quodum,
917 3061 1048 3140 Csancto
1062 3092 1089 3139 et
1103 3083 1246 3140 comitibus
1261 3083 1330 3152 ejus,
1342 3083 1388 3137 ubi
1411 3081 1500 3154 primo
1522 3082 1614 3140 luerat
1631 3082 1657 3140 ei
1676 3085 1754 3140 locu-

25 3230 28 3237 ,
100 3169 200 3243 atquin
213 3170 322 3225 animus
339 3184 393 3223 non
408 3176 465 3225 erat
481 3170 506 3222 ei
522 3168 548 3223 in
570 3169 630 3224 loco
660 3167 717 3231 illo,
733 3169 900 3239 neglexerat,
955 3180 1007 3228 rus,

98 3257 896 3331 culpaquamrecognoscebar‚obtendensexcusauouem
989 3256 1092 3331 gvlll.
1120 3260 1223 3314 lterum
1252 3259 1330 3317 mira
1363 3257 1531 3331 dignationis
1559 3266 1586 3314 at
1613 3258 1756 3314 modestiae

99 3350 170 3406 benc
183 3356 275 3405 sarecto
290 3346 401 3420 martyri
413 3345 529 3402 reddidit
552 3345 792 3402 satisfactionem:
811 3367 821 3393 ι
840 3345 901 3400 Nou
955 3356 1064 3401 sanctus
1078 3363 1128 3418 per
1139 3348 1331 3420 cogitationem
1359 3347 1507 3404 sciscitanti
1534 3347 1559 3402 ei
1589 3347 1664 3416 plura
1689 3344 1757 3401 dixit

98 3454 185 3513 pones
196 3438 223 3492 in
235 3438 338 3503 animo,
351 3435 471 3503 domine,
489 3436 559 3491 banc
576 3435 677 3490 servuli
701 3434 740 3489 tui
755 3431 899 3502 offensam,
956 3452 1017 3508 quae
1031 3435 1064 3489 ad
1079 3437 1232 3491 evitandam
1246 3437 1378 3492 invidiam
1393 3447 1416 3492 et
1433 3436 1653 3492 incredulitatem
1684 3450 1757 3505 prae·

101 3525 212 3599 quodsi
226 3526 396 3598 perpendere
410 3524 530 3597 digneris
548 3539 628 3596 quana
656 3522 769 3578 sustinui
795 3533 902 3580 contra·
956 3524 1083 3581 termissa
1105 3533 1178 3591 sunt,
1199 3541 1254 3581 nou
1270 3525 1343 3600 quod
1371 3526 1491 3581 utilitatis
1512 3525 1643 3581 haberant
1665 3522 1756 3597 pluri-

101 3614 258 3682 dictionem,
287 3612 468 3680 afflictionem,
505 3614 533 3668 et
553 3611 729 3668 tentationem
756 3611 784 3665 in
812 3611 903 3666 anima
956 3629 1042 3670 muna.

103 3717 179 3771 mea,
194 3717 255 3760 cum
271 3701 491 3773 essetpraedium
515 3699 583 3756 illud
594 3699 645 3756 sub
662 3715 728 3755 cura
753 3715 823 3768 mea,
848 3714 903 3755 non
992 3702 1083 3759 Sensit
1111 3703 1196 3759 irater
1215 3703 1288 3760 idem
1319 3703 1414 3760 dolere
1428 3703 1479 3760 sibi
1508 3704 1604 3775 pedes,
1625 3702 1756 3775 petiitque

102 3790 269 3867 aggravabis
283 3806 331 3847 cor
344 3798 419 3846 tuum
434 3805 517 3861 super
527 3804 570 3844 me
590 3805 624 3844 ex
640 3789 692 3844 hac
707 3787 900 3861 negligentia.»
956 3791 1094 3846 humiliter
1103 3791 1253 3862 plurimum
1269 3801 1297 3848 ut
1312 3793 1526 3850 benedictionem
1543 3793 1596 3849 sibi
1619 3792 1705 3860 daret,
1731 3802 1759 3850 et

104 3880 213 3938 Placido
240 3896 307 3954 ergo
335 3877 410 3934 uultu
437 3892 561 3932 annuens
576 3877 606 3932 B.
636 3877 777 3932 Mauritius
807 3876 903 3932 dixit:
957 3877 1065 3951 signum
1080 3881 1397 3951 crncissuperdolorem
1412 3882 1517 3938 ederet.
1538 3881 1584 3937 Ad
1609 3880 1758 3953 baecpleci-

107 3987 118 4016 ι
137 3963 227 4023 Facile
240 3960 381 4033 tibihujus
400 3959 513 4018 offensae
540 3960 576 4016 do
604 3960 721 4028 reniam,
750 3960 813 4031 quia
838 3960 904 4016 satis
957 3966 1104 4024 dissimua:
1125 3970 1271 4027 «Nullam
1290 3974 1343 4035 est,
1360 3971 1457 4041 inquit,
1472 3971 1633 4044 periculum
1653 3971 1758 4028 doloris

105 4068 243 4126 superque
272 4051 349 4107 istius
363 4050 461 4122 piaculi
476 4049 613 4105 exsolvisti
628 4063 751 4120 poenam.
768 4074 779 4097 n
803 4053 841 4105 Ac
858 4048 904 4105 itte
958 4057 1051 4127 bajas.
1071 4080 1082 4107 a
1101 4058 1294 4114 Confirmatum
1310 4075 1376 4131 ergo
1392 4059 1580 4115 benedictione
1594 4059 1757 4117 etobtesta·

104 4139 383 4214 recordandum
402 4149 456 4194 tam
485 4139 582 4210 exigui
609 4139 720 4195 oratorii
744 4138 904 4195 memoreris
958 4151 1014 4201 tum
1041 4147 1077 4200 de
1099 4146 1196 4202 salutis
1220 4148 1411 4215 sollicitudine,
1447 4156 1603 4206 reverenter
1638 4148 1758 4205 adoran-

104 4231 153 4299 ἱῑῦ,
169 4226 635 4300 utaltendesquaeagunturilli03
651 4226 831 4282 mit'dhiieeal
854 4241 905 4283 ulli·
957 4244 1010 4288 lem
1037 4233 1125 4289 emisit
1156 4251 1230 4304 ase,
1251 4245 1277 4292 et
1309 4253 1370 4294 gum
1399 4237 1539 4309 pgululum
1571 4237 1755 4310 processisset,

104 4334 239 4395 pauperes
252 4318 364 4374 colonos
378 4316 472 4387 praedii
485 4316 607 4387 ejusdem
622 4330 676 4371 nou
691 4315 816 4388 protegis
832 4329 839 4380 ;
856 4330 906 4370 cur
958 4322 1098 4391 disparuit,

104 4407 221 4466 inimicia
234 4422 329 4463 eorum
340 4421 394 4462 uuu
409 4404 501 4475 otium
511 4405 588 4470 iacis.
604 4403 679 4475 quod
693 4419 788 4460 curare
802 4403 902 4477 digne·
917 4417 944 4478 D
994 4411 1088 4467 Frater
1099 4422 1188 4467 autem
1200 4414 1290 4472 subito
1304 4429 1320 4470 a
1334 4415 1441 4486 superis
1455 4415 1567 4489 elapsus
1584 4415 1656 4472 dicto
1680 4413 1759 4471 citius

107 4496 317 4571 risipsiualoci.
340 4493 408 4550 aad
424 4493 496 4567 quod
525 4491 801 4563 respondensbeatus
828 4508 901 4548 mar·
959 4500 1112 4556 descendit.
1131 4501 1350 4557 Monstrabantur
1364 4505 1389 4559 ei
1403 4506 1429 4558 in
1445 4519 1518 4572 aere,
1535 4505 1579 4576 qui
1607 4520 1622 4560 a
1651 4504 1758 4561 daemo-

21 4572 25 4581 ’
105 4594 169 4660 lyr:
192 4580 780 4654 ⁸N0¹tit¹i¹1¹i⁶i³2i¹¹il¹¹ib⁵⁶d‘militiam
809 4580 906 4638 ficiam
960 4589 1040 4644 nibus
1054 4603 1227 4662 pervagatur,
1243 4594 1514 4660 carlarerajacentia,
1529 4594 1575 4648 ubi
1595 4592 1682 4649 rideri
1706 4608 1758 4664 po·

107 4674 325 4751 quadrandis.»
962 4685 1030 4733 terat
1046 4679 1160 4734 bumana
1180 4680 1299 4735 miseria.
1319 4682 1541 4754 Imaginabnntur
1564 4681 1619 4738 illic
1641 4697 1759 4754 corpora

144 4764 280 4821 Misdictia
294 4762 361 4819 vidit
376 4758 571 4831 aercpeuleiu
587 4757 647 4830 ipso
670 4758 818 4814 oratoriolo
842 4774 905 4814 eum
961 4766 1184 4836 voluptuosorum
1208 4768 1327 4824 suaviter
1355 4770 1512 4838 virentium,
1541 4778 1569 4826 et
1592 4770 1620 4826 in
1643 4770 1759 4826 luxuriis

107 4872 203 4920 sancto
217 4861 342 4918 Meuntio
357 4876 428 4918 esse.
445 4859 538 4914 Stabat
558 4865 649 4913 eutem
672 4865 780 4913 sanctus
803 4858 906 4913 Mauri-
961 4870 992 4910 ee
1006 4855 1196 4912 enutrientium
1213 4875 1220 4913 ε
1237 4858 1360 4915 lraecillic
1388 4859 1497 4915 ridebat
1519 4860 1650 4931 pmjecta‚
1667 4858 1760 4931 aliqua

108 4961 162 5019 tina
175 4959 285 5017 innixus
317 4959 393 5017 lateri
421 4957 524 5024 altaris,
544 4954 617 5028 quod
639 4962 680 5011 est
703 4971 799 5011 versus
824 4955 905 5019 riam.
961 4966 1068 5008 corrosa
1082 4970 1165 5025 usque
1179 4953 1215 5010 ad
1228 4962 1329 5025 pectus,
1353 4956 1397 5011 rel
1423 4956 1510 5012 solum
1537 4963 1657 5012 renuam
1680 4955 1759 5016 relic·

111 5067 209 5118 tenena
228 5056 319 5130 ipsum
341 5057 450 5114 narrem
472 5055 584 5111 dextera
607 5059 704 5110 contra
732 5053 803 5109 latus
827 5070 906 5109 suum
961 5059 1027 5106 tum.
1045 5050 1085 5107 De
1100 5050 1234 5123 aliquibus
1251 5053 1344 5124 aliqua
1365 5053 1543 5124 raptabantur
1579 5068 1596 5109 a
1624 5051 1760 5109 daemom-

111 5156 190 5231 qnaai
203 5155 347 5212 lectantem
361 5168 474 5227 puerum
488 5152 591 5209 directa
605 5148 675 5207 lacis
703 5149 737 5205 ad
766 5150 905 5221 populum,
962 5149 1030 5204 bus:
1046 5149 1208 5206 insultabant
1221 5150 1257 5219 ei,
1280 5167 1361 5222 quem
1384 5166 1434 5222 per
1462 5152 1581 5226 linguam
1602 5151 1759 5222 trabebant,

111 5255 158 5330 qni
179 5252 322 5311 ridebatur
340 5264 390 5323 par
418 5247 561 5306 malasiam
586 5253 667 5316 stara
698 5245 799 5317 iubens
828 5247 908 5304 fratri
960 5245 1030 5302 falsa
1078 5247 1240 5317 testimonia,
1268 5248 1397 5321 perjuria,
1431 5257 1582 5322 caeteraque
1622 5251 1760 5321 imprope-

144 5479 299 5551 (ttllocest
312 5477 340 5534 in
355 5477 481 5552 Wasega
557 5491 584 5542 o.
603 5477 632 5534 in
654 5473 832 5534 Namnrcensi
855 5489 905 5534 cn·
960 5479 1088 5549 Meuntii,
1102 5479 1314 5554 prndiumistud
1328 5480 1530 5542 muscosus
1543 5481 1671 5541 &dosia
1689 5481 1758 5539 aab·

6 5572 9 5577 ·
110 5549 206 5608 mitatn
229 5552 292 5623 sito,
306 5547 353 5610 nbi
375 5558 434 5607 arat
459 5561 508 5607 ecc
519 5548 603 5607 suala
620 5547 671 5605 aab
698 5547 776 5605 titulo
808 5547 905 5606 Sancti
959 5550 1040 5610 ditur.
