3728 6000
64 200 117 251 m
661 192 885 251 demetitum*
903 194 1115 255 onsttorttts.
1663 213 1718 269 Μ

66 319 126 377 rita
140 317 347 383 denuntiabant,
362 333 415 390 qna
430 316 564 374 videberis
584 315 664 373 sicuti
684 332 725 382 es,
741 316 784 373 rel
800 316 868 371 lacie
882 318 908 377 Α
925 318 1056 389 potuisset
1083 320 1167 377 iacies
1194 323 1313 392 cujusvis
1340 324 1515 395 prenitentias,
1532 327 1584 383 nisi
1606 330 1646 387 ais
1659 348 1720 402 ques

67 407 217 463 adfaciem
235 427 241 462 :
259 407 366 462 interim
381 422 447 463 vcro
473 422 522 478 per
545 423 592 461 eos
616 405 726 477 fulgora
749 405 871 460 veritatis
924 423 973 477 pro
988 409 1065 464 nobis
1079 427 1174 481 passus
1187 428 1227 475 cs,
1244 413 1336 468 addite
1357 413 1453 470 luisset
1475 423 1520 471 tua
1540 417 1716 479 innocentia:

67 502 123 553 tute
141 496 298 553 alluxerunt
313 496 372 552 orbi
392 504 482 561 terrae,
499 504 526 550 ει
542 496 685 550 illoxerunt
702 494 869 551 coruscatio·
923 504 951 550 et
966 497 1028 568 quie
1043 514 1104 554 cum
1121 517 1198 555 esses
1215 501 1306 567 Filius,
1323 503 1462 557 exauditus
1477 521 1508 559 es
1523 521 1571 574 pro
1584 515 1630 564 tua
1644 526 1720 565 reve·

72 602 133 652 nee,
150 587 185 640 ad
202 584 460 656 quasbilareeount,
477 584 734 654 ouisanoslrabcnt
753 583 867 645 oculos:
924 585 1018 639 rentia.
1042 588 1094 643 Pro
1122 589 1190 644 meis
1219 591 1290 645 enim
1319 593 1466 658 munibus,
1495 594 1629 661 Domine,
1659 614 1720 669 qute

72 682 291 731 commorentur
311 683 402 728 autem
425 680 452 727 et
475 671 869 741 conturbantur,quidiliunt
924 673 1048 728 lecerunt
1070 692 1130 745 quae
1157 694 1210 734 non
1238 678 1400 749 debuerunt,
1429 691 1481 737 tuae
1507 698 1608 739 munus
1635 685 1720 742 clavia

68 762 517 834 tenebresrnegisquemlucem.
546 763 614 815 Nom
631 761 812 816 manifestatio
826 761 870 816 hic
923 762 1133 820 translisaesunt
1151 780 1157 818 :
1175 765 1258 835 pedes
1281 768 1318 822 tui
1341 785 1391 839 pro
1416 771 1484 825 meis
1509 773 1632 840 pedibus,
1649 776 1721 832 oculi

66 852 194 909 veritatis
211 857 272 913 tuae,
290 866 338 920 per
349 865 537 922 quoscunque
551 848 607 915 liat,
624 849 665 904 sic
680 854 721 903 est
736 849 805 903 sicut
826 848 869 903 sol
923 851 959 905 tui
974 868 1025 922 pro
1040 852 1132 909 illicito
1147 855 1208 909 visu
1218 872 1287 922 meo,
1299 872 1379 912 eures
1391 875 1440 927 pro
1450 859 1554 928 auditu,
1567 860 1720 919 inmortem

65 949 152 1005 tuus,
181 955 262 1010 quern
289 938 357 996 iacis
380 939 447 994 oriri
475 954 559 1008 super
583 937 674 1006 justos
702 946 729 992 et
755 937 870 1007 injustos
922 938 1137 996 obdormicmnt.
1178 943 1283 1000 Lancea
1313 945 1406 1001 militis
1433 953 1556 1017 apertum
1585 960 1625 1005 est
1652 951 1721 1008 latus

67 1028 187 1097 (flatile.
205 1029 243 1098 v),
259 1027 304 1098 qui
320 1028 347 1083 in
362 1043 419 1083 suae
433 1034 540 1082 naturae
555 1027 671 1097 puritate
694 1041 867 1096 permanens,
923 1035 1007 1095 tuum,
1025 1040 1053 1085 ιιι
1080 1031 1114 1088 de
1138 1032 1244 1104 impuro
1274 1035 1356 1090 corde
1379 1053 1441 1092 mco
1463 1054 1513 1108 per
1534 1040 1631 1095 vulnus
1647 1049 1720 1099 tuum

68 1119 158 1173 utitur
185 1133 274 1173 rerum
302 1117 440 1184 materiis,
471 1117 542 1173 sicut
569 1132 615 1171 eas
641 1115 753 1180 inuenit,
783 1115 868 1169 lutum
922 1125 1007 1172 totum
1022 1119 1170 1191 aliquando
1181 1121 1314 1188 cilluerct,
1327 1123 1459 1197 quidquid
1475 1126 1503 1181 in
1518 1143 1551 1183 eo
1565 1128 1648 1202 longe
1659 1130 1721 1189 labe

68 1207 222 1280 stringens,
237 1221 327 1262 ceram
342 1205 462 1272 solvens,
479 1205 615 1260 illustrans
636 1220 744 1258 omnem
760 1201 868 1259 oculum
922 1204 1008 1261 lucrat
1036 1207 1174 1264 incensum
1203 1209 1260 1281 igni
1288 1219 1314 1266 ει
1342 1212 1502 1269 sudbssum.
1525 1216 1567 1271 sd
1594 1218 1718 1275 ultimum

65 1302 94 1352 et
109 1297 249 1351 videntem
264 1302 290 1352 et
304 1310 416 1361 cecum,
432 1293 580 1362 videntem,
596 1300 625 1348 ut
638 1293 783 1348 illustratus
803 1291 868 1364 plus
921 1302 1043 1350 mortuus
1058 1313 1096 1361 cs,
1109 1305 1138 1353 ut
1151 1314 1204 1370 ego
1220 1298 1361 1357 viverem:
1375 1302 1500 1373 sepultus
1516 1312 1547 1359 ut
1562 1321 1613 1376 ego
1629 1323 1720 1363 resur·

66 1385 171 1450 rideat,
187 1399 262 1441 caeeo
276 1384 304 1437 in
319 1399 369 1439 aua
382 1383 501 1439 cecitate
517 1390 706 1453 parmanente.
727 1381 772 1437 Sic
787 1389 814 1435 ει
830 1389 866 1448 tu,
921 1398 1027 1456 gercm.
1042 1385 1099 1441 Hoc
1114 1393 1155 1440 est
1169 1387 1294 1443 osculum
1310 1388 1467 1445 dulcedinis
1482 1400 1534 1448 tuae
1545 1393 1578 1447 ad
1591 1410 1720 1465 sponsam

65 1490 83 1530 o
107 1474 243 1544 sapientia
269 1472 319 1527 Dei
343 1481 369 1528 et
393 1471 438 1526 lux
462 1471 597 1538 veritatis,
626 1486 689 1525 cnm
717 1469 813 1524 venisti
840 1469 866 1523 in
922 1480 992 1527 tuam
1017 1492 1023 1528 :
1046 1476 1097 1529 iste
1121 1483 1161 1530 cst
1184 1475 1327 1545 amplexus
1355 1478 1508 1535 dilectionis
1535 1482 1569 1536 ad
1598 1485 1720 1541 emicem

66 1562 210 1625 mundum,
228 1576 368 1632 perquem
392 1559 510 1615 mundus
532 1559 620 1614 lactus
643 1568 694 1625 cst,
710 1558 866 1612 illuminasti
922 1569 1005 1616 tuam.
1031 1563 1078 1618 Vre
1093 1563 1117 1618 ci
1132 1564 1178 1633 qui
1193 1566 1272 1633 hujus
1287 1566 1370 1622 osculi
1392 1568 1524 1638 particeps
1538 1586 1592 1624 nou
1608 1570 1695 1628 suerit
1711 1571 1717 1628 Ι

66 1666 179 1707 omnem
193 1650 331 1705 bominem
346 1648 500 1704 uenientem
516 1649 542 1702 in
558 1650 629 1703 hunc
644 1648 792 1713 nrnndum3
818 1646 865 1701 scd
881 1671 908 1736 B
923 1665 963 1703 vie
978 1667 1023 1721 qur
1040 1651 1074 1706 dc
1089 1653 1213 1722 amplexu
1227 1653 1277 1708 isto
1288 1655 1425 1710 ceciderit.
1440 1657 1496 1713 iloe
1508 1658 1630 1714 osculum
1641 1676 1719 1717 acce·

68 1738 191 1795 tenebrae
211 1746 236 1792 ιε
260 1753 313 1793 non
333 1736 604 1807 comprehenderunt.
625 1734 763 1805 Quotquot
775 1742 865 1789 eutem
922 1738 960 1807 pit
974 1737 1002 1792 in
1019 1755 1098 1794 cruce
1113 1739 1225 1796 latronis
1240 1742 1375 1798 confessio
1389 1746 1465 1805 (Luc.
1483 1751 1563 1818 xx11);
1575 1748 1628 1804 hnc
1642 1764 1720 1806 acce·
1778 1764 1780 1771 ·

70 1836 98 1883 ιε
125 1834 297 1896 receperunt,
319 1833 348 1881 ει
369 1826 458 1880 Ιιιεειτι
481 1824 601 1881 veritatis
626 1832 688 1890 tuae,
712 1824 814 1880 dedisti
828 1824 868 1879 eia
922 1827 959 1895 pit
976 1827 1078 1891 Petrus,
1095 1844 1155 1882 cum
1178 1831 1301 1898 respexit
1320 1847 1382 1885 cum
1407 1833 1539 1888 Dominus
1561 1845 1717 1908 negantem,

63 1918 231 1986 potestatem
247 1915 319 1970 illios
334 1914 381 1969 Dei
397 1913 465 1969 lieri.
922 1922 948 1968 ει
963 1931 1090 1986 egressus
1107 1915 1181 1970 foras
1196 1917 1269 1972 licvit
1279 1934 1388 1984 smars;
1405 1928 1430 1975 ct
1446 1921 1553 1989 plurimi
1565 1939 1658 1980 corum
1674 1927 1720 1997 qui

329 2011 522 2067 Mpfflfflffl
542 2012 614 2067 vffl,
923 2006 950 2057 te
964 2002 1172 2072 crucifixerunt,
1188 2014 1249 2076 post
1271 2007 1428 2077 passionem
1452 2016 1524 2063 tuam
1546 2010 1580 2065 ad
1604 2020 1630 2066 ιε
1649 2028 1718 2069 con·

68 2107 674 2236 Demultiplicifocielrominir.etosrulo
693 2112 776 2175 cipue
804 2124 868 2162 am.
923 2091 1005 2152 uersi,
1023 2091 1049 2146 in
1065 2094 1117 2148 boc
1131 2094 1225 2149 osculo
1240 2095 1288 2149 libi
1304 2096 1484 2152 conloederati
1504 2107 1576 2154 sunt.
1605 2100 1635 2154 ln
1658 2117 1719 2158 am·

276 2198 294 2253 p
308 2197 366 2237 eeu
383 2181 479 2252 sponsi
492 2184 521 2235 ct
535 2196 654 2251 sponse.
922 2179 1003 2250 plcxn
1018 2180 1071 2235 isto
1086 2181 1238 2236 exsultabor
1251 2183 1333 2238 bieria
1348 2184 1405 2248 illu,
1421 2194 1526 2255 septem
1541 2187 1606 2242 olim
1618 2187 1719 2245 daemo·

100 2277 499 2351 Fulgurensomnibus,osol
516 2276 640 2346 justitiae,
666 2275 756 2331 lumen
782 2276 869 2331 vultus
921 2268 1027 2323 iliorum
1055 2270 1193 2339 possessio
1223 2273 1314 2335 (loon.
1347 2276 1420 2340 ixl:
1441 2274 1477 2330 de
1505 2291 1558 2345 quo
1586 2277 1721 2335 ceciderat

64 2368 117 2433 tui,
134 2376 161 2423 ει
176 2367 297 2422 veritatis
325 2373 377 2423 tuae
405 2365 596 2434 splendorem,
627 2380 754 2435 sponsam
784 2374 866 2431 susm,
921 2356 1044 2425 discipuli
1073 2358 1216 2428 proditoris
1240 2360 1353 2415 malitia.
1373 2361 1402 2415 ln
1418 2363 1470 2419 hoc
1484 2363 1614 2435 amplexu
1634 2367 1720 2423 strin-

65 2471 238 2530 quaecunque
262 2452 309 2510 illu
330 2462 382 2519 est,
398 2455 506 2520 invitae,
521 2454 615 2510 dicens
632 2473 638 2508 :
655 2453 775 2509 Ostende
795 2454 868 2509 mibi
921 2446 1055 2516 sslbflnllll‘
1083 2446 1220 2514 publicani
1235 2457 1262 2503 θῑ
1278 2461 1589 2521 l³e⁰⁰ll⁰¹l³⁸²lll¹0rum
1605 2456 1720 2513 ⁰0¹³Vill⁸

65 2547 173 2618 sociem
187 2549 281 2605 tuam,
293 2559 372 2600 soror
381 2560 444 2598 men
455 2543 551 2615 (dont.
564 2544 594 2612 ιι)
618 2542 767 2610 Statimque
778 2543 868 2596 animo
921 2541 948 2589 et
962 2534 1063 2589 amicus
1077 2533 1165 2589 lactus
1179 2553 1207 2590 cs
1221 2538 1330 2606 (lloltlt.
1348 2539 1399 2606 rx).
1427 2539 1484 2595 illic
1498 2541 1575 2598 liaeb
1590 2545 1720 2602 meretrix

67 2635 149 2689 bonae
180 2633 334 2697 voluntatis,
350 2633 394 2688 cui
408 2634 443 2687 dc
458 2631 528 2687 cmlo
551 2647 601 2701 par
625 2630 807 2693 annuntiatur,
824 2629 869 2699 qui
921 2638 1061 2685 conversa,
1078 2623 1198 2695 Babylon
1223 2633 1248 2680 ιε
1273 2627 1373 2692 sciens,
1389 2627 1563 2701 alienigenos,
1577 2631 1674 2703 Tyrus,
1691 2641 1719 2691 at

64 2723 154 2777 irater
168 2731 209 2776 est
224 2721 334 2785 Christi,
348 2721 428 2791 cujus
441 2720 532 2775 anima
555 2735 635 2774 soror
658 2719 719 2787 cjns
742 2719 867 2789 appella·
921 2710 992 2782 nigri
1007 2711 1144 2782 AElbiopcs
1160 2714 1253 2779 (Psoi.
1271 2718 1403 2786 cxxxvi).

64 2820 120 2875 tur,
138 2812 210 2866 sicut
231 2818 281 2875 est,
298 2810 379 2864 sicin
395 2818 491 2864 sancto
511 2818 556 2863 tuo
577 2808 710 2863 desideret
736 2822 868 2877 apparere
957 2798 1017 2867 Quo
1032 2811 1134 2867 autem,
1149 2802 1274 2866 Domine,
1287 2803 1373 2860 trabis
1387 2820 1445 2870 eos,
1460 2822 1532 2877 quos
1546 2809 1717 2880 amplectaris

65 2899 127 2964 tibi,
139 2907 164 2953 ει
180 2900 208 2953 in
224 2899 323 2953 lumine
338 2907 384 2952 tuo
400 2898 491 2953 videre
507 2898 608 2952 lumen.
631 2897 659 2952 Si
676 2903 802 2967 peccator
816 2903 865 2961 est,
921 2895 949 2943 el
963 2888 1100 2960 astringis,
1116 2891 1166 2945 nisi
1182 2892 1215 2945 ad
1231 2894 1392 2947 cortuum?
1424 2895 1568 2951 cortuum
1584 2896 1664 2954 dulce
1678 2906 1721 2957 cst

64 2988 191 3044 ostendit
204 2985 255 3041 tibi
271 2985 369 3042 faciem
390 2987 508 3041 miscriae
522 3003 589 3053 suae,
605 2985 747 3055 requirens
770 2984 865 3039 faciem
883 3009 907 3075 G
922 2975 989 3031 illud
1017 2993 1115 3033 marina
1144 2979 1293 3034 divinitalis
1308 2987 1360 3036 luae
1374 2981 1465 3052 tueor.
1484 2985 1532 3052 tx).
1549 2985 1622 3057 quod
1648 2985 1721 3045 intua

66 3075 269 3131 misericordie
283 3083 351 3144 mre3
368 3074 392 3129 si
406 3084 516 3131 sanctus
540 3086 597 3144 est,
622 3074 739 3130 occurrit
766 3074 814 3128 tibi
842 3073 869 3127 in
923 3065 1019 3129 hebes,
1035 3081 1052 3120 ο
1066 3066 1141 3130 lesu,
1157 3067 1184 3121 in
1200 3085 1269 3123 urna
1283 3083 1368 3125 aurea
1381 3071 1593 3141 supersapientis
1622 3075 1721 3135 anime

67 3165 268 3233 ieciejustitiae
281 3181 345 3231 sure,
362 3172 389 3218 ει
403 3164 508 3218 invenit
529 3164 555 3218 in
581 3170 606 3219 ιε
629 3161 725 3218 faciem
741 3162 869 3217 similitu·
924 3161 989 3209 luae·
1013 3154 1100 3221 Billis
1123 3171 1191 3226 iu0⁵
1219 3157 1255 3212 ld
1281 3173 1342 3212 eum
1370 3167 1430 3212 ¹⁰⁰⁵
1454 3161 1534 3215 “ihil
1560 3163 1718 3233 implendi

63 3253 140 3309 dinis
168 3270 235 3321 sure,
257 3269 311 3323 qua
336 3252 426 3323 justus
454 3253 587 3308 Dominus
612 3252 731 3322 justitias
758 3252 863 3326 diligis.
924 3242 1005 3309 beati,
1021 3258 1092 3315 quos
1106 3243 1133 3297 in
1148 3244 1308 3301 abscondito
1323 3246 1474 3301 absconditi
1501 3248 1573 3304 illius
1599 3251 1720 3309 abscon-

64 3342 153 3397 Porro
168 3341 212 3397 cui
228 3341 303 3396 irons
318 3340 528 3409 estmeretricis,
548 3356 604 3395 nnn
623 3341 680 3395 vult
692 3341 868 3408 crubescere,
923 3333 995 3399 dliii,
1009 3332 1036 3387 in
1051 3333 1141 3389 11]θᾶῑο
1162 3334 1253 3388 ⁴³⁰?dis
1275 3335 1324 3400 tui,
1352 3344 1377 3390 el
1400 3336 1518 3404 Stabulis
1539 3338 1593 3394 luis
1619 3341 1720 3397 obum-

68 3439 98 3486 ει
113 3431 225 3502 fugiens
253 3431 395 3486 veritatem
423 3438 497 3485 tuam
526 3429 639 3486 incurrit
666 3429 869 3485 severissimam
923 3422 1034 3476 brinlui
1060 3437 1075 3475 ⁸
1103 3421 1310 3478 conliitbiliffli?
1340 3423 1498 3491 bominum,
1530 3443 1581 3482 nec
1617 3427 1720 3487 buboni

60 3519 200 3591 justitiam
216 3528 303 3575 tuam,
327 3518 400 3588 Quoi
425 3519 495 3573 enim
524 3521 616 3574 anima
641 3520 760 3573 humana
788 3518 869 3574 habet
923 3525 1011 3581 spem,
1027 3509 1078 3564 nisi
1092 3510 1142 3565 sub
1157 3511 1254 3582 pennis
1267 3511 1319 3566 luis
1333 3514 1539 3584 protegentibus
1568 3524 1595 3571 el
1621 3518 1721 3575 iuvan-

65 3607 240 3668 ali'cctioncs,
258 3616 294 3662 ιυι
309 3608 342 3661 ad
358 3616 383 3661 ιε
399 3606 480 3662 babet
495 3606 588 3662 iacies.
609 3607 647 3661 Τιι
664 3616 766 3668 autern,
782 3623 798 3662 o
816 3607 869 3662 Ve-

61 3697 143 3761 ritas,
160 3712 257 3751 omncs
273 3696 386 3766 excipis,
403 3703 429 3752 ει
442 3696 570 3751 omnibus
592 3704 619 3751 tc
641 3702 779 3757 mutuans,
797 3696 868 3751 inte

923 3601 1006 3655 tibus.
1027 3599 1151 3670 Scapulis
1166 3600 1238 3655 enim
1253 3600 1357 3655 virtutis
1381 3610 1434 3657 ture
1457 3604 1661 3674 obumbrantur,
1676 3606 1723 3680 qui

923 3689 949 3743 in
976 3689 1137 3745 almcoodito
1165 3689 1257 3745 cordis
1285 3692 1323 3743 tui
1350 3690 1576 3757 absconduntur,
1604 3695 1723 3757 suaviter

61 3785 125 3856 ipsa
139 3800 194 3840 non
210 3785 330 3839 mutaris.
351 3784 456 3839 invenit
470 3785 497 3838 in
511 3792 537 3839 tc
553 3785 598 3856 pie
617 3784 756 3839 humilitas
786 3784 867 3838 lami·

61 3873 164 3929 liareru
180 3873 317 3945 pratiam3
342 3872 445 3927 invenit
469 3872 566 3928 ardens
585 3889 664 3928 annor
687 3889 797 3927 suavem
813 3872 867 3929 olei

63 3962 209 4017 materiem
223 3979 231 4024 ;
247 3961 350 4016 invenit
363 3962 474 4016 humilis
486 3961 578 4017 cordis
596 3963 723 4017 contritio
743 3971 867 4032 paratam

60 4050 113 4106 sibi
129 4066 145 4104 a
160 4056 187 4104 ιε
199 4049 351 4120 justitiam;
380 4049 483 4106 invenit
507 4049 583 4106 frons
606 4051 757 4105 meretricis
771 4050 866 4106 conlu-

61 4140 169 4195 sionem
185 4155 277 4194 suam.
292 4139 374 4207 Sio,o
389 4153 496 4194 summa
507 4139 624 4209 justitia,
637 4140 823 4195 misericordia
838 4139 865 4194 in

59 4235 86 4282 ιε
101 4235 129 4283 ει
145 4225 246 4282 veritas
258 4226 371 4282 obviant
385 4227 436 4282 sibi
448 4228 535 4297 (Paci.
549 4230 674 4297 cxxxiv),
687 4244 749 4284 cum
765 4228 866 4284 veritus

61 4316 191 4371 humanm
202 4315 319 4386 justitiae
334 4316 361 4370 in
376 4316 468 4371 anima
493 4316 567 4386 justa
597 4317 736 4372 humiliter
748 4317 863 4373 conlite-

63 4412 115 4471 tur,
144 4412 175 4460 et
197 4409 251 4460 tuae
277 4404 386 4474 justitie
413 4405 512 4460 veritas
540 4405 567 4460 in
591 4405 702 4461 veritate
725 4405 862 4461 confitenti

922 3778 1101 3845 dormientes,
1125 3787 1152 3833 ct
1176 3778 1250 3834 dulci
1276 3780 1484 3848 exspectatione
1506 3782 1628 3839 letantes
1652 3783 1723 3841 inter

922 3868 1027 3923 medios
1040 3868 1128 3923 cleros
1149 3867 1238 3923 meriti
1257 3878 1358 3924 sauctae
1376 3869 1563 3938 conscientie,
1580 3880 1606 3927 et
1620 3889 1721 3945 exspe-

922 3956 1047 4012 ctationis
1075 3956 1179 4027 premii
1207 3956 1397 4028 promissionis
1425 3966 1498 4028 tuae;
1528 3975 1582 4016 non
1610 3969 1723 4035 proptor

921 4044 1171 4113 pusillanimitatem
1195 4044 1362 4112 deficientes,
1378 4046 1423 4103 vel
1438 4056 1548 4118 propter
1575 4050 1724 4121 impatien-

922 4134 986 4189 tism
1002 4143 1216 4190 murmurantes.
1249 4133 1303 4189 Sed
1317 4135 1401 4206 etqui
1416 4150 1448 4191 se
1463 4135 1571 4193 dulcius
1593 4140 1721 4198 osculen-

920 4231 973 4292 tur,
995 4231 1089 4279 mutuo
1113 4223 1165 4279 aibi
1191 4237 1257 4279 suos
1279 4212 1390 4295 spiritus
1418 4224 1587 4281 infundunt:
1604 4244 1722 4300 quorum

921 4312 1086 4383 quibusdam
1115 4311 1244 4367 odoribus
1259 4312 1338 4368 dulce
1352 4312 1453 4368 babent
1469 4312 1604 4385 perfundi.
1621 4318 1721 4390 Accipe

922 4400 978 4464 tibi,
1004 4400 1129 4465 Domine,
1151 4417 1201 4456 nec
1223 4415 1335 4471 respuas
1359 4408 1442 4456 totum
1469 4403 1596 4472 spiritum
1618 4421 1720 4474 meum,

59 4493 140 4563 quasi
151 4494 224 4563 juste
240 4493 391 4549 miseretur.
416 4495 451 4548 iit
472 4493 536 4548 dum
551 4494 666 4567 porrigit
679 4494 726 4550 illa
738 4495 863 4551 osculum
922 4505 1002 4562 qoem
1019 4497 1103 4544 totum
1119 4489 1146 4543 in
1162 4497 1187 4545 ta
1210 4488 1331 4556 eliundo,
1357 4490 1402 4560 qni
1426 4494 1497 4545 lotus
1520 4491 1592 4561 olct;
1609 4491 1722 4549 infunde

56 4582 139 4650 jusrae
153 4582 344 4651 consessionis,
361 4591 465 4638 lucam
487 4584 592 4654 excipis
619 4584 647 4639 in
670 4585 766 4639 osculo
782 4583 866 4654 pacis.
922 4577 988 4632 milri
1003 4587 1090 4634 totum
1106 4583 1192 4646 tuum,
1208 4579 1254 4647 qui
1269 4585 1343 4632 totus
1364 4578 1435 4649 quod
1451 4586 1492 4633 cst
1506 4578 1628 4648 redolet;
1644 4588 1674 4635 ut
1687 4580 1722 4637 do

58 4672 117 4727 iioc
131 4680 172 4726 est
188 4672 312 4726 osculum
337 4672 430 4743 sponsi
454 4680 480 4727 ct
503 4687 622 4741 sponsae,
639 4672 717 4741 cujus
739 4673 822 4728 iacies
837 4680 868 4727 ut
922 4667 960 4722 tui
983 4666 1115 4722 suavitate
1140 4682 1218 4722 mcus
1241 4667 1310 4723 ultra
1334 4683 1386 4722 non
1412 4671 1498 4731 oleam
1526 4676 1552 4722 ει
1580 4667 1619 4723 tui
1633 4668 1722 4727 dulcia

61 4760 148 4830 digna
171 4759 339 4815 inveniretur
360 4760 454 4815 osculo
477 4768 533 4825 tuo,
549 4761 706 4826 oDomine,
721 4769 766 4816 tua
782 4760 867 4817 iacies

62 4857 200 4919 consputa
214 4856 270 4911 est;
289 4857 318 4903 ut
332 4848 406 4903 illius
420 4858 564 4918 appareret
577 4850 678 4906 decora
691 4859 718 4903 ct
731 4849 866 4920 speciosa,

60 4948 105 4993 tua
129 4938 214 4993 iacies
241 4936 327 5007 alapis
351 4937 515 5008 palmarum,
532 4945 559 4993 ει
570 4939 736 4993 arundinum
764 4938 866 4995 ictibus

58 5026 134 5083 laeta
149 5036 191 5082 est
206 5027 306 5096 livide;
330 5036 375 5081 tua
390 5031 417 5081 in
432 5027 519 5082 oculis
533 5027 595 5081 bom
605 5027 679 5082 inum
695 5036 810 5082 saturato
825 5036 867 5084 est

57 5123 226 5196 opprobriis,
238 5132 267 5178 ut
281 5123 356 5178 illius
372 5123 486 5195 pulchra
500 5128 527 5178 et
540 5124 665 5194 speciose
680 5133 823 5195 appareret
837 5126 865 5179 in

57 5223 147 5279 ocutis
162 5222 224 5278 tuis.
240 5221 312 5291 Quin
327 5222 439 5294 insuper
453 5221 539 5278 iecisti
554 5222 578 5278 ei
595 5222 731 5278 lavacrum
747 5223 784 5277 tui
802 5239 865 5293 pre·

57 5319 120 5375 tiosi
151 5317 303 5393 unguinis,
320 5317 348 5372 in
363 5334 418 5388 quo
435 5318 590 5374 lavarentur
605 5316 652 5373 lilii
668 5318 728 5378 Dei,
745 5318 865 5373 horribi-

56 5415 92 5472 iia
123 5432 174 5488 pro
205 5415 283 5472 nobis
310 5416 431 5491 patiens,
447 5415 492 5487 qui
516 5414 629 5472 lecimus
647 5415 797 5480 horribilia,
813 5431 863 5487 pro

59 5516 162 5588 quibua
187 5513 268 5573 iaeiei
295 5529 410 5571 summe
427 5513 542 5585 justitie
562 5513 592 5571 in
614 5514 690 5572 nullo
704 5513 862 5573 satistacere

921 4758 1000 4821 odor,
1016 4772 1033 4810 0
1049 4755 1214 4818 dulcissime,
1230 4771 1340 4827 semper
1359 4755 1473 4811 ulterius
1492 4756 1519 4810 in
1542 4773 1584 4813 me
1606 4773 1721 4829 perma-

920 4854 991 4902 neat.
1007 4846 1066 4901 lioc
1081 4844 1206 4915 estquod
1222 4844 1320 4915 egitur,
1335 4861 1397 4899 cum
1415 4844 1537 4911 iacimus,
1554 4846 1626 4919 quod
1641 4846 1668 4902 in
1684 4846 1722 4904 tui

920 4934 1207 4991 commemorationem
1219 4948 1268 4987 nos
1278 4932 1366 4989 lucere
1376 4935 1529 5004 precepisti
1542 4937 1566 5001 (l
1581 4936 1642 4992 Cor.
1654 4939 1698 5007 ιιι)
1712 4954 1719 4993 :

921 5041 974 5097 quo
990 5025 1016 5078 in
1032 5025 1143 5078 salutem
1167 5022 1285 5079 liliorum
1309 5031 1415 5078 tuorum
1432 5023 1469 5077 nil
1483 5022 1600 5093 dulcius,
1615 5024 1651 5080 nil
1666 5040 1721 5096 po-

921 5124 970 5178 tuit
998 5122 1134 5190 provideri
1162 5121 1299 5192 potentius
1317 5136 1324 5173 :
1341 5135 1402 5176 cum
1427 5121 1622 5179 manducantes
1635 5126 1663 5177 ct
1676 5122 1723 5178 bi·

921 5222 1019 5276 bentes
1035 5218 1238 5290 incorruptibile
1262 5218 1372 5290 epulum
1401 5219 1526 5289 corporis
1539 5228 1567 5275 ct
1581 5220 1724 5293 sanguinis

921 5317 970 5384 tui,
987 5317 1055 5373 sicut
1070 5317 1171 5373 munda
1185 5316 1310 5371 animalia
1323 5323 1372 5371 tua
1387 5313 1424 5371 ab
1439 5314 1565 5373 intestino
1580 5318 1723 5379 memoriae

921 5417 1060 5490 cogitandi
1074 5416 1228 5483 dulcedine,
1245 5415 1321 5488 quasi
1343 5414 1379 5471 ad
1403 5431 1436 5471 os
1459 5415 1637 5482 reducimu-;
1652 5425 1680 5476 et
1693 5417 1723 5477 iu

920 5532 1021 5573 norum
1036 5522 1063 5570 et
1076 5520 1241 5586 perpetuum
1263 5514 1358 5571 salutis
1381 5521 1480 5571 nostre
1504 5513 1628 5572 effectum
1643 5531 1717 5574 novo
