3728 6000
159 246 211 298 303
655 237 846 296 (tutuderit
870 238 1014 294 ADBATIS
1033 238 1065 294 S.
1088 238 1312 297 tfluonotttct
1756 243 1809 297 306

154 365 238 421 multa
254 365 287 423 de
302 382 381 422 cnttsa
394 367 456 436 lrac,
473 382 554 439 quarn
563 373 685 420 tenemus
698 364 726 420 in
741 365 884 436 manibus,
901 379 950 420 co·
966 368 993 426 Α
1007 363 1096 419 Deum
1109 363 1257 429 hominem,
1275 371 1302 419 ιι
1314 362 1451 418 hominem
1467 361 1571 419 luceret
1586 363 1682 419 Deum.
1706 362 1811 421 Dicitur

156 455 311 525 piosissime
325 455 463 523 disseruit,
488 456 537 511 sed
565 461 594 509 ut
616 453 651 509 de
676 453 843 509 abnndantia
871 453 955 509 divini
1008 450 1101 524 igitur,
1117 453 1225 525 quodet
1239 453 1311 508 Deus
1327 453 1409 509 tronto
1426 461 1478 518 est,
1496 460 1522 507 et
1535 452 1617 507 homo
1633 453 1717 508 Deus.
1732 453 1809 509 Unde

153 542 239 599 sontis
254 544 325 599 illius
348 552 443 600 nostra
466 543 634 601 refocilletur
662 543 765 614 inopia,
795 558 883 614 panca
911 541 956 597 hic
1008 540 1083 596 idem
1097 540 1125 595 in
1139 542 1210 597 libro
1225 540 1447 596 ereTriuitate
1463 559 1469 595 :
1487 565 1499 586 a
1517 542 1741 598 ltasanelactum
1756 551 1809 610 est,

158 633 325 703 excipienda
343 641 414 688 suut.

196 724 226 776 ln
242 721 314 778 libro
331 737 360 776 rx
375 722 467 794 operis
476 721 549 778 illins
563 722 603 780 sic
616 723 682 781 dicit
698 742 704 778 :
723 747 735 774 ι
753 722 878 779 Verbum
892 735 956 777 caro

161 813 263 869 factum
279 811 352 866 Deus
367 813 488 867 ethome
502 811 584 867 lesus
604 813 730 868 Christus
749 810 881 867 Dominus
895 824 952 864 ma·

160 901 277 972 jestatis,
298 900 430 955 mediator
444 900 503 971 ipse
518 900 545 955 in
572 917 601 957 se
628 902 663 956 ad
691 901 805 956 salntem
829 896 958 953 Ecclesiae

161 990 328 1054 constitutus,
345 987 391 1043 illo
406 989 465 1060 ipso
480 990 551 1044 inter
565 990 651 1045 Deum
666 998 693 1046 et
707 990 833 1046 homines
851 986 957 1042 mediu-

161 1078 417 1141 torissecramento,
443 1086 585 1149 utrumque
609 1094 679 1132 unns
694 1078 815 1134 existens
827 1083 878 1141 cst,
893 1074 957 1128 dum

162 1168 222 1239 ipse
235 1182 266 1221 er
281 1165 363 1220 unitis
376 1167 403 1220 in
419 1165 536 1236 idipsum
564 1167 668 1221 naturis
696 1175 799 1221 neturae
818 1165 958 1235 utriusque

163 1271 207 1309 res
221 1253 316 1309 eadem
331 1263 384 1308 est.
405 1273 416 1304 ι
435 1254 509 1309 idem
524 1253 558 1309 de
574 1254 670 1310 eodem
696 1253 724 1309 in
753 1254 823 1308 libro
835 1252 933 1308 eodem
950 1267 957 1305 :

166 1366 177 1395 ι
192 1343 254 1398 Non
269 1342 419 1414 assumptio
434 1352 526 1397 nostra
541 1344 598 1398 Deo
610 1343 747 1414 proiectus
762 1350 813 1408 est,
828 1343 874 1396 sed
890 1355 958 1395 con-

163 1431 284 1488 tumeliae
298 1447 358 1486 suae
372 1431 497 1486 voluntas
510 1439 603 1486 nostra
616 1432 757 1503 proventio
771 1430 893 1495 est,dum
908 1443 959 1484 nee

162 1519 260 1577 amittit
276 1519 321 1574 ille
336 1519 407 1589 quod
420 1519 494 1574 Deus
522 1526 573 1581 est,
603 1527 630 1575 et
649 1519 753 1575 homini
781 1517 906 1588 acquirit,
931 1523 960 1571 ut

163 1609 237 1682 quod
252 1609 327 1663 Dens
342 1614 394 1674 est,
412 1607 435 1662 si
450 1610 541 1663 homo.
559 1607 697 1663 Naturest
709 1608 791 1679 igitur
803 1606 959 1676 unigenitus

1010 638 1038 684 ut
1052 629 1089 683 ibi
1104 629 1139 685 sit
1152 645 1207 685 nou
1219 630 1455 685 tantumverbum
1467 630 1518 685 Dei
1533 629 1654 685 hominis
1668 647 1743 700 caro,
1760 631 1811 686 sed

1009 717 1092 773 ctiam
1107 719 1277 774 rationabilis
1296 718 1414 773 hominis
1437 719 1549 784 enims,
1564 727 1644 791 atque
1659 720 1711 776 hoc
1727 727 1810 775 totum

1010 812 1037 861 et
1052 806 1124 862 Deus
1139 806 1243 863 dicatur
1257 815 1366 878 propter
1380 807 1477 873 Deum,
1503 815 1530 862 et
1544 808 1626 862 homo
1641 817 1751 879 propter
1765 809 1812 863 ho·

1011 895 1122 952 minem.
1137 915 1148 946 ι
1165 896 1241 950 ιιιιιι
1256 897 1283 950 in
1297 894 1477 950 Euchiridion
1490 913 1496 949 :
1510 917 1520 947 ι
1534 894 1637 963 Gratia,
1649 896 1747 968 inquit,
1758 896 1808 952 Dei

1012 983 1092 1038 nobis
1109 984 1170 1039 sine
1186 984 1247 1039 ullis
1270 984 1487 1054 praecedentibns
1514 984 1619 1040 mer-itis
1649 986 1675 1040 in
1702 985 1813 1042 bomine

1013 1072 1120 1128 Christo
1135 1072 1364 1138 commendatur;
1381 1073 1444 1143 quia
1468 1090 1519 1128 nec
1534 1074 1592 1145 ipse
1615 1083 1643 1130 ut
1658 1082 1733 1129 tanta
1749 1074 1813 1129 uni·

1013 1169 1069 1216 tate
1090 1160 1149 1216 Deo
1163 1177 1228 1216 vero
1244 1160 1407 1231 conjunctus
1428 1177 1555 1217 unacum
1578 1163 1625 1218 illo
1639 1163 1812 1233 personalit-

1011 1249 1063 1303 lius
1078 1249 1126 1303 Dei
1143 1247 1229 1316 lieret,
1257 1249 1320 1304 ullis
1344 1249 1446 1305 meritis
1471 1258 1513 1306 est
1536 1259 1674 1308 assecutus
1689 1271 1696 1318 ;
1712 1251 1762 1307 sed
1778 1269 1813 1307 ex

1013 1353 1066 1407 quo
1080 1338 1163 1393 homo
1175 1339 1335 1409 essecoepit,
1351 1355 1384 1395 ex
1399 1338 1445 1394 illo
1459 1346 1500 1394 est
1511 1340 1593 1395 etiarn
1608 1342 1719 1396 Dens.»
1736 1341 1812 1395 ldem

1011 1424 1039 1480 in
1065 1426 1135 1481 libro
1162 1433 1254 1482 contre
1281 1427 1451 1482 assertiones
1477 1429 1662 1485 Asianorum:
1694 1431 1811 1486 «Unam

1013 1513 1113 1586 quippe
1128 1514 1247 1571 ostendit
1266 1531 1328 1571 esse
1354 1531 1498 1587 personam
1513 1516 1541 1571 in
1568 1525 1682 1588 utraque
1705 1525 1811 1585 natura,

1013 1619 1048 1658 ne
1067 1604 1090 1658 si
1111 1604 1179 1659 duaa
1208 1604 1304 1670 saciet,
1333 1609 1502 1675 quaternitas
1525 1606 1634 1677 incipiet
1657 1623 1728 1674 esse,
1759 1623 1814 1663 non

163 1699 236 1754 Deus
250 1714 281 1752 ex
297 1694 418 1768 Virgine,
434 1696 516 1753 homo
531 1695 960 1768 seeundumplenitudiuemtem-
973 1693 1144 1785 Bl'vinitas.
1163 1716 1174 1740 υ
1205 1693 1270 1749 Haec
1299 1692 1344 1748 ille
1364 1694 1446 1766 igitur
1469 1711 1519 1750 cur
1543 1696 1693 1767 sophistice
1714 1695 1813 1769 loque·

161 1802 257 1859 porum
271 1786 299 1840 in
314 1785 459 1856 semetipso
474 1792 651 1856 provecturus
666 1785 694 1838 in
704 1785 792 1840 Deum
807 1785 957 1849 hominem,
1012 1781 1049 1835 ris
1063 1781 1117 1846 hic,
1134 1780 1234 1835 chella
1249 1780 1402 1853 magister‘l
1417 1782 1445 1838 Si
1453 1781 1546 1855 igitur,
1564 1799 1616 1839 non
1632 1783 1813 1857 quaternitas,

162 1875 268 1931 locutus
296 1882 322 1928 et
346 1890 448 1945 gerens
474 1875 556 1929 homo
585 1872 714 1929 universe
730 1890 790 1945 quae
806 1873 854 1928 Dei
868 1881 957 1941 sunt;
1012 1868 1062 1924 sed
1076 1868 1193 1923 Trinitas
1207 1869 1235 1923 in
1250 1871 1308 1925 Deo
1328 1878 1379 1932 est,
1408 1872 1473 1940 quia
1504 1873 1575 1927 Deus
1599 1874 1731 1928 ethome
1759 1886 1814 1926 una

163 1963 279 2035 loquens
293 1962 391 2018 deiude
406 1970 432 2018 et
446 1978 544 2036 gerens
558 1962 631 2018 Deus
646 1963 772 2018 universa
787 1979 847 2033 quae
870 1960 959 2017 homi·
1012 1972 1131 2029 persona
1145 1957 1173 2012 in
1188 1957 1294 2014 Christo
1307 1967 1357 2024 est,
1378 1976 1444 2032 ergo
1461 1961 1538 2016 Peter
1552 1970 1579 2016 ιι
1590 1961 1675 2016 Filius
1688 1969 1768 2029 totus,
1785 1961 1813 2016 id

162 2050 851 2121 nissunt.Haecautamjamanteconstitutionem
866 2048 959 2104 mundi
1013 2055 1056 2102 est
1070 2047 1179 2101 Deuset
1194 2048 1285 2116 homo,
1302 2056 1328 2102 et
1343 2048 1460 2119 Spiritus
1475 2058 1594 2120 sanctus,
1624 2067 1678 2105 noa
1697 2049 1815 2106 Trinitas

160 2148 333 2197 sacramenta
348 2149 409 2194 sunt
424 2139 575 2195 coelestium
591 2140 784 2210 mysteriorum
796 2140 957 2199 constitute;
1014 2144 1068 2190 est.
1089 2135 1163 2190 ldem
1179 2135 1206 2189 in
1222 2136 1293 2191 libro
1311 2136 1408 2192 eodem
1425 2156 1430 2192 :
1451 2160 1462 2184 ι
1480 2139 1508 2193 Si
1532 2155 1697 2208 quaeramus,
1714 2139 1813 2209 inquit,

161 2238 191 2285 ut
204 2229 359 2301 unigenitus
374 2227 449 2283 Dens
464 2229 545 2283 homo
565 2229 639 2283 nasci
654 2227 745 2293 vellet,
761 2243 888 2282 mansuro
903 2228 960 2282 Deo
1014 2224 1076 2293 quis
1091 2231 1132 2278 est
1147 2223 1203 2291 ille,
1220 2224 1341 2296 quicum
1366 2225 1394 2279 in
1423 2224 1513 2281 lorma
1528 2228 1579 2282 Dei
1595 2235 1677 2294 esset,
1693 2244 1750 2283 non
1766 2244 1812 2282 ra·

162 2318 191 2373 in
205 2318 315 2372 homine
329 2317 357 2370 in
380 2324 524 2372 aeternum.
545 2338 556 2365 v
573 2318 638 2371 ltem
656 2335 662 2371 :
681 2339 692 2363 ι
710 2316 852 2372 Confessio
867 2315 960 2386 itaque
1014 2310 1260 2383 pinamarbitratus
1275 2322 1324 2381 est,
1339 2330 1399 2369 esse
1414 2331 1444 2369 sc
1470 2316 1602 2386 aeqnelem
1619 2316 1675 2371 Deo
1688 2317 1810 2388 (Philip.

162 2407 222 2461 haec
236 2407 298 2474 erit,
313 2406 405 2460 lesum
435 2405 462 2459 in
491 2404 577 2477 gloria
605 2405 699 2473 Patris,
720 2414 745 2459 et
760 2413 852 2459 notum
869 2403 961 2459 horni-
1014 2404 1055 2470 ιι),
1086 2401 1265 2472 ιιιροιιιιιιιιι·
1288 2417 1354 2458 voce
1387 2404 1544 2474 apostolico,
1573 2404 1697 2461 Christus
1725 2406 1814 2461 Jesus.

162 2494 294 2562 nemjam
310 2494 404 2548 nonin
420 2491 575 2548 infirmitate
602 2493 959 2564 nostr-icmporismanere,
1013 2489 1089 2561 Ergo
1100 2496 1128 2543 el
1138 2489 1182 2543 illa
1198 2489 1323 2546 divinitas
1344 2491 1426 2561 hujus
1440 2493 1614 2548 humanilalls
1637 2510 1736 2549 nomen
1765 2510 1815 2549 tte·

162 2582 253 2638 sedin
268 2583 319 2637 Dei
335 2580 957 2653 gloria:etlrocomnislinguaconfrtebitur.v
1015 2577 1099 2648 cepit.
1118 2579 1387 2650 ltemsiqnaeramus
1417 2581 1543 2652 quisnam
1566 2582 1600 2636 sit
1629 2582 1716 2639 lactus
1743 2583 1813 2639 obe-

162 2672 264 2726 Horum
280 2670 427 2726 verborum
455 2670 671 2725 attestationibus
691 2670 802 2740 planum
818 2677 870 2734 est,
887 2669 960 2741 qnod
1015 2665 1093 2720 diens
1108 2667 1178 2720 Petri
1194 2683 1279 2739 usque
1298 2669 1333 2722 ed
1350 2678 1474 2736 mortem,
1491 2680 1606 2726 mortem
1619 2678 1709 2727 antem
1724 2671 1816 2726 crucis

163 2759 297 2818 Dominus
325 2758 416 2825 lesus,
444 2758 592 2813 secundum
616 2757 696 2813 etiam
725 2758 797 2831 quod
826 2760 906 2813 homo
922 2764 962 2813 est
1016 2754 1117 2824 (ibid),
1137 2755 1289 2811 rectissime
1315 2758 1506 2828 respondetur,
1533 2759 1587 2824 ille,
1619 2759 1664 2831 qui
1682 2783 1693 2809 ι
1711 2776 1771 2817 cum
1787 2761 1816 2815 in

164 2845 361 2911 unitusllerbo,
377 2845 547 2901 in'l'rinitate
571 2853 633 2900 cst:
656 2862 712 2902 nun
740 2854 890 2917 assumpta,
905 2847 961 2903 sio·
1015 2843 1105 2898 forma
1118 2843 1169 2898 Dei
1183 2853 1265 2914 esset,
1281 2861 1336 2900 nnn
1351 2847 1471 2917 rapinam
1500 2848 1648 2903 arbitratus
1676 2857 1729 2918 est,
1758 2865 1821 2904 esse

163 2940 193 2991 ut
208 2933 332 3005 superius
346 2934 450 2988 dictum
465 2941 517 2998 eat,
539 2942 637 2989 natura
652 2934 678 2988 in
695 2942 831 3003 naturam,
847 2935 898 2989 sed
913 2951 960 2989 as·
1014 2947 1045 2987 se
1059 2932 1192 3003 equalem
1208 2934 1278 2988 Deo.
1293 2934 1366 3006 Ergo
1381 2942 1410 2989 ιι
1422 2935 1472 2990 ista
1487 2937 1642 2993 hnmanitas
1668 2938 1820 2994 divinitatis

162 3032 269 3093 sumpta
283 3039 333 3094 per
344 3023 472 3077 unitatem
484 3038 605 3093 personae
615 3023 641 3076 in
651 3023 701 3077 Dei
709 3023 836 3096 gloriam.
848 3023 958 3091 Audite,
1015 3036 1116 3076 nomen
1130 3021 1245 3091 accepit.
1263 3044 1274 3069 υ
1294 3021 1338 3077 Sic
1352 3021 1472 3090 allectus,
1502 3026 1541 3080 sic
1569 3027 1701 3082 acerrime
1715 3026 1817 3082 talibus

163 3112 301 3185 quomodo
316 3111 435 3182 idipsum
462 3127 553 3167 sermo
568 3127 685 3184 sequens
700 3113 825 3183 explicat.
843 3115 918 3168 Idem
933 3113 961 3167 in
1015 3107 1134 3163 intentus
1158 3117 1207 3176 est,
1238 3116 1266 3164 ut
1292 3110 1480 3168 Nestorinnem
1504 3113 1637 3188 jugulans
1663 3115 1815 3187 perfidiam,

162 3200 277 3256 eodem:
297 3222 308 3249 e
326 3201 384 3256 Deo
399 3200 519 3256 naturale
536 3209 585 3266 est,
602 3201 674 3272 quod
689 3201 768 3267 vivit;
779 3209 863 3272 etper
876 3201 903 3256 id
913 3217 962 3257 nos
1015 3197 1172 3267 Eutychetis
1195 3197 1317 3253 videntur
1341 3199 1440 3269 juvare
1482 3201 1645 3274 improvidis
1669 3204 1817 3260 lectoribus

160 3291 270 3362 corpori
297 3293 393 3345 nostro
422 3291 493 3345 mori
522 3296 638 3360 oportet,
668 3296 698 3344 ut
723 3290 780 3345 Deo
796 3291 918 3345 vivamus
933 3290 961 3344 in
1014 3284 1157 3340 insaniam.
1172 3287 1313 3342 Nestorius
1335 3289 1407 3343 enim
1432 3289 1499 3346 duas
1514 3292 1541 3346 iu
1557 3292 1664 3348 Christo
1682 3308 1816 3364 personas

160 3376 268 3435 Christo
283 3379 355 3446 Jesu,
382 3379 428 3448 qui
443 3379 549 3448 peccati
578 3378 666 3434 nostri
693 3394 791 3450 corpus
818 3395 962 3434 assumens
1013 3375 1151 3446 Eutyches
1166 3383 1255 3430 autem
1271 3392 1352 3431 unam
1367 3379 1534 3449 praedicabat
1560 3389 1683 3437 naturum
1697 3401 1703 3436 :
1719 3381 1815 3437 diver-

160 3467 308 3537 tntnsJ'am
336 3467 394 3522 Deo
421 3467 498 3533 vivit,
523 3476 629 3523 nuturae
652 3477 752 3524 nostroe
779 3468 909 3524 societate
932 3468 960 3522 in
1014 3462 1052 3518 sis
1073 3464 1223 3519 haeresibns
1251 3466 1441 3523 inconsutilem
1469 3479 1575 3525 vestem
1604 3472 1714 3539 Christi,
1735 3489 1814 3546 pronp

162 3556 356 3612 communione
379 3555 481 3611 divinae
503 3555 714 3613 immortalitatis
728 3557 814 3613 unita,
832 3580 843 3606 ι
860 3558 894 3612 Et
916 3557 961 3611 in·
1013 3550 1206 3623 litimiacum,
1223 3553 1388 3611 dividentes.
1406 3557 1436 3611 ln
1448 3556 1517 3615 libro
1528 3560 1593 3616 vDe
1604 3560 1816 3635 Trinitulequod

160 3643 202 3698 ιιι
211 3643 238 3697 in
255 3643 351 3699 eodem
369 3658 375 3696 :
394 3663 406 3694 ι
424 3644 537 3699 Summa
553 3643 742 3714 disputationis
754 3645 814 3701 haec
841 3653 911 3710 erat,
932 3652 961 3699 ut
1015 3654 1094 3712 opus,
1119 3649 1147 3696 ut
1175 3641 1236 3714 ipse
1258 3648 1370 3698 testatur
1391 3645 1500 3714 iuvenis
1523 3647 1645 3720 incoepit,
1672 3658 1702 3706 et
1725 3667 1813 3707 senex

162 3739 231 3787 totns
246 3747 319 3786 nnnc
335 3730 432 3796 llilius,
449 3730 533 3787 homo
546 3732 650 3788 scilicet
665 3741 691 3788 et
707 3733 791 3804 Deus,
806 3749 856 3804 per
867 3733 961 3789 indul·
1014 3728 1109 3799 edidit,
1124 3729 1158 3784 ad
1173 3730 1380 3802 expressionem
1405 3749 1437 3788 ιιι
1466 3735 1576 3791 ιιιιιιιιι
1591 3738 1693 3795 naturis
1707 3740 1816 3795 unionis

161 3819 283 3892 gentiam
295 3828 415 3889 paterne
429 3818 575 3874 voluntatis
589 3820 685 3875 unitati
708 3830 832 3890 paternae
856 3831 960 3877 naturas
1014 3816 1042 3870 in
1063 3817 1179 3887 Christo,
1210 3819 1295 3875 verbo
1321 3822 1525 3880 commistionis
1548 3826 1629 3881 etiam
1654 3827 1736 3883 utitur
1761 3829 1813 3885 hoo

160 3908 280 3975 inesset;
296 3916 322 3963 ιι
337 3908 383 3978 qui
397 3907 527 3962 manebet
539 3908 566 3963 in
582 3908 680 3965 virtute
708 3916 823 3977 natnrae,
838 3918 961 3966 maneret
1013 3905 1119 3962 modo:
1146 3929 1156 3954 ι
1175 3906 1288 3978 Spiritus
1313 3910 1469 3967 mediatoris
1496 3913 1569 3969 nulla
1597 3932 1680 3987 prena
1708 3918 1815 3988 peccati

163 4012 272 4067 quoque
286 3996 313 4050 in
327 4012 427 4068 genere
443 4004 553 4052 naturae.
570 3997 600 4051 ld
614 3998 686 4052 enim
714 3999 817 4054 homiui
831 3999 960 4070 acquire·
1014 4010 1101 4066 usque
1126 3996 1161 4050 ad
1184 4005 1301 4054 mortem
1329 4000 1419 4056 curnis
1445 4003 1663 4076 accessi13quia
1684 4023 1815 4063 noneam

163 4085 374 4141 hntnrntDeus
402 4093 482 4150 esset,
511 4086 560 4141 sed
588 4103 697 4142 manere
727 4088 755 4142 in
784 4088 834 4144 Dei
858 4089 961 4145 unitate
1014 4083 1267 4155 deseruitinvidus,
1292 4090 1339 4144 sed
1367 4090 1431 4162 quia
1460 4091 1553 4158 voluit,
1583 4095 1695 4166 quando
1720 4095 1814 4166 voluit,

164 4182 319 4245 assumptus
333 4175 415 4230 homo
430 4174 504 4230 nullo
519 4175 601 4230 modo
616 4185 731 4246 poterat,
749 4176 804 4231 nisi
824 4193 874 4250 per
896 4178 960 4233 uni·
1014 4173 1151 4244 quomodo
1176 4174 1288 4231 voluit:
1317 4178 1418 4250 qnippe
1446 4180 1495 4235 Dei
1517 4182 1599 4238 verbo
1624 4185 1659 4237 ad
1683 4185 1815 4240 unitatem

165 4271 247 4318 tatem
280 4262 356 4319 l'erbi
382 4263 410 4317 in
429 4264 557 4319 unitatem
587 4264 637 4319 Dei
661 4266 789 4321 naturalis
809 4266 960 4330 evaderet;
1015 4262 1186 4319 commistus.
1207 4264 1563 4325 llinoaitzal'otestetem
1593 4272 1680 4330 habeo
1697 4274 1817 4345 ponendi

161 4360 191 4406 ιιι
205 4367 254 4422 per
270 4352 321 4407 lroc
336 4350 409 4424 quod
424 4353 451 4406 in
467 4361 563 4409 natura
579 4362 638 4409 erat
652 4356 727 4411 Deus
743 4356 872 4424 Verbum,
889 4357 960 4410 Ver·
1016 4355 1135 4411 animam
1151 4375 1248 4426 meam,
1267 4368 1292 4415 ιι
1303 4360 1402 4416 iterum
1417 4364 1541 4419 sumendi
1556 4381 1616 4421 eam
1630 4368 1723 4435 (loon.
1739 4370 1780 4438 x).
1802 4386 1813 4419 s

163 4440 228 4495 bum
248 4457 356 4512 quoqne
370 4456 435 4496 caro
450 4441 550 4496 sactum
579 4459 685 4497 rursum
702 4444 729 4498 in
744 4444 793 4499 Dei
809 4452 905 4498 natura
920 4445 962 4498 in·
977 4436 1001 4490 D
1017 4445 1048 4499 Et
1060 4446 1088 4499 in
1103 4446 1224 4518 Epistola
1237 4448 1272 4502 ad
1289 4449 1482 4508 Volusianum:
1500 4477 1512 4501 ·
1525 4454 1599 4510 Sicut
1609 4454 1745 4511 inanitate
1754 4472 1817 4527 per·

165 4537 250 4585 esset.
273 4529 342 4585 ·Sic
369 4529 423 4585 ille.
440 4528 608 4587 sufficienter
635 4531 727 4587 inveni
749 4534 822 4602 quod
853 4548 963 4606 quiere·

164 4619 226 4674 bam
244 4636 250 4673 :
266 4617 403 4674 hominem
426 4628 546 4675 nostrum
562 4620 589 4673 in
609 4620 717 4675 Christo
745 4621 833 4676 Deum
849 4637 919 4687 esse,
936 4626 964 4676 et

162 4708 268 4763 unitum
285 4708 336 4763 Dei
353 4708 440 4764 Verbo
456 4724 538 4763 unam
548 4709 688 4764 Trinitatis
703 4710 731 4764 in
746 4710 875 4765 Trinitate
901 4726 963 4780 per·

163 4812 344 4852 sonamesre.

201 4883 256 4938 Sed
272 4885 398 4955 quonism
413 4883 481 4957 legis
492 4892 518 4940 et
528 4883 669 4956 Evangelii
697 4884 858 4942 testimoniis
872 4885 963 4942 sanei-

163 4980 220 5027 turn
231 4980 282 5038 est,
300 4974 372 5043 quod
388 4973 414 5027 in
431 4989 477 5029 ore
501 4974 618 5028 duorum
634 4975 675 5030 vel
694 4973 774 5029 trium
790 4977 899 5030 testium
913 4981 964 5029 stat

164 5076 245 5116 unrue
262 5061 384 5127 verbum,
402 5063 467 5131 quid
485 5063 584 5118 eodem
598 5063 694 5134 spiritu
722 5063 818 5135 repleti
845 5063 963 5118 sentiant

162 5158 219 5224 alii,
237 5156 428 5229 inquirendum
456 5166 507 5214 est.
533 5160 699 5232 Augustinus
713 5161 760 5216 ille
774 5160 883 5216 Domini
897 5160 961 5234 gal-

162 5256 206 5312 lus
221 5253 382 5320 succinctus,
399 5255 451 5311 alis
479 5258 715 5329 contemplationis
726 5266 752 5314 et
766 5259 881 5315 actionis
896 5274 962 5315 cor·

163 5350 306 5424 pasculum
331 5352 491 5423 percutiens,
520 5354 622 5426 optime
645 5371 759 5412 canorus
784 5355 818 5412 ad
843 5354 964 5430 effugan-

164 5449 215 5506 dos
229 5459 373 5507 nocturnos
384 5451 516 5520 lemures,
533 5454 602 5509 sicut
615 5452 673 5526 jnm
697 5455 821 5528 euporius
837 5456 963 5528 prmliba·

157 5563 203 5606 um
224 5558 274 5623 est,
304 5549 383 5619 dicit,
411 5550 483 5629 quod
511 5550 558 5608 illa
576 5553 716 5630 susceptio
731 5552 793 5611 talis
811 5552 873 5626 luit,
892 5566 952 5632 qua)

1017 4548 1094 4589 sonae
1108 4536 1197 4589 anima
1212 4539 1293 4591 utitur
1306 4553 1423 4610 corpore
1439 4548 1468 4595 ut
1482 4542 1563 4597 homo
1574 4543 1618 4608 sit,
1628 4544 1664 4599 ιιι
1677 4544 1703 4599 in
1713 4546 1818 4602 unitate

1018 4638 1141 4693 personae
1156 4625 1229 4679 Deus
1245 4627 1327 4680 utitur
1340 4628 1461 4694 homine,
1477 4638 1506 4685 ut
1519 4631 1645 4687 Christus
1657 4632 1703 4689 sit.
1723 4635 1754 4688 ln
1768 4633 1817 4689 illa

1017 4726 1083 4767 vero
1097 4727 1213 4780 persono
1227 4715 1340 4770 mistura
1350 4724 1392 4771 est
1406 4718 1505 4774 animae
1519 4728 1545 4774 ct
1557 4721 1679 4791 corporis
1696 4737 1702 4791 ;
1727 4722 1755 4777 in
1765 4723 1817 4778 hac

1017 4814 1133 4870 persona
1145 4801 1309 4858 misturaest
1321 4805 1371 4860 Dei
1383 4814 1408 4861 ιι
1418 4806 1546 4862 hominis.
1560 4831 1572 4856 s
1590 4808 1643 4865 Sed
1658 4809 1720 4866 vide
1735 4826 1817 4882 quarn

1018 4888 1109 4943 media
1124 4897 1150 4944 et
1165 4891 1224 4944 trita
1238 4891 1282 4946 via
1295 4893 1449 4965 gradiatur,
1480 4903 1506 4951 ιι
1520 4896 1663 4954 catholice
1677 4899 1818 4971 provideat

1016 4976 1160 5033 doctrinae.
1181 4979 1348 5055 Subiungit:
1373 5005 1384 5031 ι
1403 4983 1432 5039 Si
1455 4987 1554 5052 tamen,
1584 4985 1679 5060 inquit,
1707 4989 1818 5045 recedat

1017 5066 1158 5122 auditore
1185 5070 1380 5127 consuetudine
1407 5088 1562 5144 corporum,
1578 5090 1632 5146 quo
1657 5076 1747 5132 solent
1762 5075 1818 5133 duo

1015 5162 1136 5236 liquores
1151 5164 1188 5219 ita
1216 5165 1335 5236 misceri,
1351 5177 1382 5224 ut
1395 5177 1491 5226 neuter
1513 5177 1603 5228 servet
1631 5173 1815 5248 integritatem

1017 5276 1106 5330 suam,
1136 5280 1291 5336 quanquam
1318 5274 1345 5321 et
1371 5266 1400 5322 in
1427 5268 1492 5340 ipsis
1519 5270 1682 5342 corporibus
1697 5274 1753 5330 aeri
1768 5273 1818 5329 lux

1016 5359 1171 5433 incorrupte
1196 5362 1350 5420 misceatur.
1369 5388 1381 5414 a
1399 5365 1430 5421 lit
1456 5367 1578 5425 Hilarius
1603 5370 1630 5426 in
1657 5371 1728 5428 libro
1743 5388 1762 5428 ιι
1777 5373 1819 5430 Ι)ι

1018 5459 1146 5516 Τιιιιιιιιι
1163 5475 1169 5514 :
1187 5482 1198 5512 ι
1215 5461 1289 5517 Deus
1303 5464 1386 5520 horno
1400 5463 1487 5522 lactus
1495 5484 1527 5522 ex
1539 5467 1781 5542 Virginenaturam
1791 5472 1819 5528 in

1018 5574 1048 5617 se
1063 5558 1152 5618 carnis
1175 5562 1291 5635 accepit,
1307 5566 1336 5618 ut
1350 5579 1400 5637 per
1415 5560 1496 5641 lanjns
1511 5567 1685 5626 admistionis
1699 5570 1819 5631 societa-
