3704 6000
14 176 87 273 {rffi
552 204 680 265 rerer.
702 206 750 264 un
767 206 1002 267 ruacsronro
1022 206 1053 266 s.
1069 206 1236 267 elrarcu,
1690 208 1744 269 aas

10 344 18 385 r
33 329 393 406 utneoscderequldem,
405 329 860 401 nisiinclinatacervicavaleret,
877 335 900 392 Α
917 337 981 392 tum
993 334 1095 393 valera
1114 337 1143 391 et
1156 333 1378 392 valuisseomni
1393 349 1512 407 semper
1525 349 1591 392 sevo
1603 334 1759 401 visitatiosr'

10 425 116 481 tarcte
130 437 163 479 se
177 420 383 493 comprimunt
396 422 505 479 noveni
519 421 576 480 sibi
592 422 755 480 assidentes
769 427 798 480 et
812 439 863 480 ac-
916 423 1744 497 nem,satisfactionem,purgationemqueineaexercari

10 513 18 563 i
34 511 202 571 stipantes:
218 526 274 568 nec
287 510 435 578 decimus,
451 512 509 569 nisi
524 513 658 570 maximo
673 528 742 569 cum
758 511 863 570 labore
916 512 1057 571 solitam:
1075 530 1142 586 quea
1162 513 1185 569 si
1203 512 1255 569 fiat
1269 512 1299 568 in
1319 517 1420 570 testata
1434 515 1502 586 quis
1520 513 1632 571 nesciat
1649 530 1742 588 quam

10 616 17 653 r
33 602 181 659 subsistet
191 601 345 658 cumaliis.
357 601 451 658 Habet
465 601 611 674 spelunca
621 601 774 659 lateralem
785 600 863 659 fene·
917 618 1045 675 poenosa
1061 603 1099 659 sit
1116 601 1245 659 reclusio
1261 608 1321 659 tam
1336 608 1428 669 arcta,
1449 608 1511 659 tam
1530 601 1670 673 obscura,
1682 609 1745 661 tam

10 706 21 747 a·
31 690 180 757 rhetiam,
192 704 346 763 perquam
360 689 497 747 sublucet
505 690 632 747 interdiu
644 690 740 747 tenuis
749 690 862 762 radius,
918 691 1069 758 diuturna,
1079 691 1118 749 ab
1129 691 1281 748 estusotts
1291 690 1412 760 deforis,
1421 692 1496 749 etab
1506 691 1585 749 intro
1597 696 1745 750 {estuante

10 778 19 835 τ’
27 776 195 851 longitudo
205 782 235 836 et
245 776 414 851 amplitudo
425 778 518 852 putei,
532 784 646 852 quanta
656 778 805 836 sufficeret
814 779 864 836 ho·
917 779 1011 837 halitu
1027 796 1059 837 se
1078 784 1183 838 mutuo
1198 780 1422 853 constipantum
1442 783 1469 837 et
1484 780 1745 852 suffumigantium

25 868 111 927 mini
120 868 214 941 instra
227 872 347 925 statura
362 867 393 924 in
407 868 533 925 dorsum
547 869 690 943 resupino
705 868 865 926 commode
917 870 949 926 in
964 868 1109 942 spelunca
1125 886 1133 937 ;
1148 870 1194 927 sin
1208 869 1308 926 hieme
1318 868 1378 935 fiat,
1392 886 1485 943 quam
1500 870 1629 928 difficilis
1643 870 1680 927 sit
1691 870 1745 928 im·

25 955 231 1029 continendo,
244 957 866 1031 etextremaparimentiparssuhsternitur
919 958 1029 1016 mersio
1043 958 1074 1016 in
1093 974 1206 1032 aquam
1219 961 1251 1016 ut
1269 974 1407 1030 emergas
1422 958 1461 1016 ad
1480 959 1698 1032 poenitentiam,
1717 963 1746 1018 et

22 1044 867 1119 grandisaxo‚subquoproduntaiiquisubessevoragi·
919 1063 1100 1123 quocunque
1109 1048 1230 1105 demum
1239 1052 1375 1120 tempore
1385 1047 1748 1122 fiat,quamdurasitdis·

23 1148 109 1193 nem
119 1134 204 1192 illam
215 1138 244 1191 et
256 1133 386 1202 foveam,
398 1150 493 1208 quam
505 1141 607 1193 orante
627 1140 730 1193 sancto
746 1139 773 1193 at
788 1140 867 1193 terra
920 1137 1062 1194 calceatio
1074 1140 1116 1195 tot
1126 1137 1253 1203 dierum,
1268 1135 1446 1194 exulceratio
1457 1137 1581 1210 pedum,
1595 1138 1689 1196 cruda
1698 1137 1749 1195 dc-

24 1223 222 1291 dehiscente,
229 1223 269 1281 ad
276 1224 644 1282 terroremobstinatorum
652 1225 865 1298 aperuitDeus,
920 1225 1085 1284 ambulatio
1099 1226 1131 1283 in
1141 1226 1264 1298 asperis,
1278 1230 1307 1284 et
1318 1227 1346 1282 iu
1358 1225 1438 1284 cellis
1447 1226 1602 1299 petricosis
1611 1227 1749 1285 stationi·

26 1312 99 1388 (vel
113 1315 250 1386 apertam
260 1313 411 1385 ostendit).
425 1315 459 1369 Et
472 1329 649 1387 quanquam
662 1315 771 1371 nostris
785 1314 867 1371 hisce
921 1316 990 1381 bus,
1002 1315 1108 1373 crebra
1123 1315 1293 1387 genuflexio
1306 1317 1337 1373 in
1349 1315 1430 1372 cellis
1443 1316 1624 1388 pennalibus,
1635 1317 1746 1386 inedia,

28 1402 591 1477 diebus,etahhominumlongissima
602 1406 746 1462 memoria
756 1404 867 1462 fundus
921 1404 1113 1471 chamennia,
1129 1405 1293 1469 insomnia,
1308 1409 1452 1462 etcatera
1464 1420 1531 1476 quae
1544 1405 1583 1462 ad
1598 1421 1748 1479 compun-

30 1492 867 1568 spaluncescomplanatussit,etreliquaeterrrecooequa·
921 1491 1749 1566 ctionemstimulant,adfletumexcitantlacrymascx·

32 1586 208 1648 tns,tamen
220 1581 251 1637 in
259 1581 359 1654 prima
372 1581 430 1639 loci
442 1582 627 1641 institutione
640 1583 868 1657 profundiorem
922 1583 1047 1640 outiunt.
1058 1582 1095 1638 Ut
1105 1598 1160 1656 pro
1174 1580 1288 1640 tantillo
1300 1586 1435 1656 tempore
1445 1583 1631 1640 novendialis
1641 1584 1746 1651 exsilii,

32 1668 867 1746 fuisse,etpaulatimelevatumsancicntibusepiscopis,
884 1694 907 1749 Β
922 1676 951 1729 et
960 1672 1219 1745 peregrinationis,
1231 1671 1280 1728 vix
1292 1671 1353 1728 uita
1363 1671 1471 1730 subeat
1478 1672 1629 1742 cogitatio,
1640 1673 1699 1730 nisi
1710 1672 1748 1731 dc

34 1762 68 1817 et
82 1762 234 1817 annuente
246 1758 317 1816 seda
337 1759 513 1832 apostolica,
531 1761 649 1819 traditio
663 1766 708 1818 est
721 1778 868 1836 quorum·
921 1761 1014 1827 luctu,
1032 1761 1156 1832 tristitia,
1172 1760 1356 1833 poenitentia,
1377 1760 1415 1817 de
1429 1761 1559 1835 peccatis
1573 1761 1604 1817 in
1621 1760 1747 1833 iejunio,

35 1847 114 1907 dam
131 1845 297 1904 seniorum.
922 1849 1751 1924 planctu,oratione‚meditationecoelestium,etabdica·

74 1941 121 1994 29.
136 1939 168 1994 tit
177 1936 437 2010 quemadmodum
449 1938 515 2012 ipse
526 1944 631 2012 puteus
643 1940 683 1997 ad
694 1940 868 2015 aquilonem
922 1940 1002 1997 tione
1010 1939 1109 1996 omnis
1117 1940 1224 1996 terreni
1232 1937 1397 1995 solaminis.
1406 1941 1447 1996 Ao
1455 1939 1589 2012 proinde,
1599 1939 1624 1997 si
1638 1938 1750 1998 deloco

36 2025 291 2100 lampiiinsutaris
300 2026 415 2099 positus
425 2032 487 2089 est:
499 2029 540 2086 ita
548 2029 587 2086 ad
596 2029 867 2104 aquilonemputei,
921 2029 990 2102 ipso
1004 2033 1033 2086 et
1047 2043 1133 2085 mora
1145 2028 1175 2084 in
1191 2044 1227 2085 eo
1241 2029 1467 2101 peregrinorum
1481 2029 1653 2102 loqueretur
1665 2030 1749 2087 Jaco-

36 2114 240 2188 circumjecta
257 2119 327 2172 sunt
340 2117 514 2174 mansiones
532 2118 590 2175 illas
605 2119 665 2176 sive
680 2119 774 2190 cella,
792 2134 868 2190 quas
922 2117 980 2175 bus
992 2117 1030 2175 de
1038 2118 1163 2175 vitriaco
1177 2117 1251 2174 dum
1261 2119 1378 2186 asserit,
1391 2119 1652 2192 semperlugentes
1662 2122 1692 2175 et
1702 2134 1752 2190 ge·

35 2203 480 2263 diximussanotorumzversus
492 2207 678 2265 occidentem
688 2223 758 2265 vero
767 2224 870 2280 maga·
924 2212 1037 2264 mentes
1051 2208 1252 2281 posteriorum
1269 2207 1378 2264 oblitos
1392 2207 1430 2264 sd
1444 2209 1594 2266 anteriora
1609 2226 1639 2265 se
1651 2211 1750 2266 exten·

36 2292 83 2352 lta
93 2293 245 2367 quadam,
262 2309 315 2351 seu
326 2295 446 2365 tuguria
456 2312 472 2353 e
484 2294 613 2368 virgulto
632 2301 661 2354 et
674 2298 785 2372 cespite
800 2312 869 2372 qun
924 2298 1005 2362 dere,
1016 2312 1077 2353 non
1088 2294 1356 2362 absurdesentirct‚
1369 2312 1424 2353 nec
1435 2296 1548 2354 obsone
1560 2296 1753 2369 abusuipso·

37 2381 178 2441 serviunt
191 2398 247 2457 pro
259 2383 396 2457 hospitiis
411 2386 649 2458 peregrinorum.
924 2401 991 2442 rum
999 2389 1028 2442 et
1038 2385 1210 2458 presidum
1219 2385 1304 2442 isthic
1311 2384 1442 2452 haerent3
1454 2386 1508 2442 scd
1518 2387 1601 2459 quod
1610 2385 1649 2444 ad
1660 2390 1750 2443 totam

81 2475 129 2529 30.
154 2474 314 2546 Postquam
329 2473 418 2544 igitur
432 2474 461 2530 in
476 2474 532 2531 isto
545 2491 636 2548 specu
649 2476 871 2549 permanserint
923 2474 1071 2547 reliquam
1082 2474 1188 2540 vitam,
1199 2473 1273 2530 etad
1280 2478 1399 2546 tempus
1410 2474 1698 2532 extrainsulamhoc
1705 2489 1754 2531 ex·

34 2559 137 2635 jejuni
150 2559 255 2633 viginti
271 2567 401 2635 quatuor
411 2563 513 2633 horas,
524 2563 605 2622 nullo
619 2566 736 2637 penitus
747 2569 870 2638 sumpto
926 2563 1032 2628 trahat,
1057 2567 1171 2619 certum
1191 2570 1315 2619 estnon
1334 2578 1441 2619 omues
1459 2579 1526 2620 esse
1546 2563 1751 2629 driethelmos,

38 2648 197 2708 esculento
210 2665 230 2706 a
241 2650 364 2708 meridie
378 2652 518 2725 pridiano
534 2672 542 2708 ε
557 2669 655 2727 neque
671 2653 751 2710 enim
771 2655 815 2711 fas
825 2660 871 2711 est
924 2656 977 2710 aut
992 2651 1164 2717 lieraclitos,
1181 2667 1235 2707 nec
1250 2650 1316 2707 illas
1327 2651 1475 2725 lacrymas
1487 2668 1551 2709 esse
1563 2657 1699 2726 perpetes
1710 2650 1754 2708 ul·

39 2737 652 2815 quidquamdegustareinipsoputeo,nisi
663 2743 786 2801 forsitan
796 2760 871 2816 pau·
924 2745 971 2798 tra
983 2739 1092 2796 limites
1108 2739 1192 2796 lacus
1207 2739 1305 2797 rubei.
1322 2743 1380 2797 Neo
1394 2741 1462 2798 ideo
1478 2746 1578 2799 tamen
1596 2745 1670 2815 puto
1684 2756 1756 2798 con·

39 2826 292 2902 xillumaquread
304 2830 504 2902 proluendum
516 2834 661 2904 palatum,
673 2832 872 2889 revisuntura
924 2827 1120 2887 temnendam
1139 2827 1221 2901 piam
1232 2828 1374 2899 insulam,
1395 2831 1447 2887 scd
1466 2830 1563 2902 potius
1582 2829 1754 2888 adeundam

41 2914 187 2991 praefecto
201 2919 456 2991 peregrinantium
469 2925 498 2977 et
511 2921 700 2978 deducuntur
714 2921 753 2980 ad
765 2922 871 2992 margi·
927 2922 1094 2991 opportuno
1104 2923 1239 2991 tempore
1249 2918 1289 2975 ab
1304 2918 1339 2974 iis
1349 2919 1459 2992 quibus
1474 2923 1551 2976 Deus
1564 2921 1700 2976 animum
1711 2918 1755 2976 in-

41 3020 116 3063 nem
127 3007 236 3079 stagni,
246 3007 347 3080 ibique
357 3024 388 3064 se
398 3010 496 3066 nudos
510 3010 690 3083 immergunt
699 3011 871 3086 aquislacu·
927 3006 1036 3064 diderit
1054 3007 1191 3080 viresque
1210 3007 1247 3065 ad
1265 3008 1481 3081 perficiendum
1499 3010 1553 3066 iter
1573 3009 1756 3081 suggesserit

42 3092 873 3171 stribus‚ethaclustratiexpiatione,uelutinovimilites
927 3102 1125 3170 opportunos.

44 3182 178 3241 christia
191 3183 299 3243 balneo
312 3186 496 3259 poenitentica
510 3189 606 3245 renati
616 3190 797 3262 purgatique
807 3204 875 3263 pro
964 3189 1009 3243 ³2.
1029 3186 1139 3259 Estque
1164 3185 1239 3243 illud
1257 3187 1490 3253 observandum,
1511 3203 1580 3244 cum
1601 3188 1756 3261 utriusque

45 3272 225 3344 gradiuntur
239 3275 278 3332 ad
297 3275 461 3341 ecclesiam,
480 3277 531 3333 uhi
547 3294 601 3351 pro
617 3294 710 3345 more,
727 3278 801 3335 actis
814 3280 874 3335 Deo
929 3292 1020 3333 sexus
1037 3274 1253 3347 quamplurimi
1283 3275 1399 3332 soleant
1427 3276 1615 3348 frequentare
1643 3275 1754 3342 locum,

46 3360 160 3431 gratiis.
170 3377 226 3435 pro
236 3361 353 3436 expleta
361 3364 543 3436 poenitudine
553 3372 737 3424 renovantur
744 3367 783 3424 ad
796 3367 876 3424 miii·
929 3368 1031 3421 tamen
1046 3364 1077 3420 in
1093 3369 1184 3436 puteo
1205 3379 1267 3419 non
1282 3364 1399 3421 includi
1423 3364 1620 3437 impermiste,
1635 3364 1690 3421 sed
1703 3363 1757 3420 viri

46 3448 122 3506 dam
141 3450 338 3509 christianam
357 3453 503 3527 intrepide
517 3456 772 3528 prosequendam,
792 3461 820 3512 et
836 3455 876 3512 ad
931 3453 1068 3518 seorsim,
1082 3457 1110 3509 et
1125 3452 1244 3509 femina
1257 3453 1400 3510 vicissim.
1416 3453 1500 3519 Quod
1517 3454 1540 3508 si
1556 3468 1668 3522 magna
1680 3459 1757 3510 esset

48 3553 170 3599 crucem
186 3538 293 3598 Christi
308 3556 451 3612 generose
470 3544 662 3615 portandam.
679 3548 779 3618 Neque
795 3545 876 3601 enim
931 3541 1089 3597 multitudo
1105 3542 1345 3597 concurrentium
1360 3542 1598 3614 peregrinorum,
1614 3540 1757 3614 quemad·

47 3631 238 3691 securitatem
250 3629 306 3686 sibi
318 3632 489 3703 promittere
498 3632 876 3698 debent,autcessationem
931 3629 1057 3687 modum
1079 3646 1148 3686 cum
1173 3634 1241 3687 1500
1262 3646 1408 3703 personas
1428 3646 1489 3687 una
1502 3630 1564 3686 vice
1583 3629 1757 3687 convenisse

47 3718 221 3781 aeonflictu
235 3719 405 3786 christiano,
419 3722 540 3778 tametsi
549 3722 630 3778 hunc
642 3736 772 3792 agonem
780 3721 878 3795 poeni·
932 3718 1012 3775 visas
1022 3718 1200 3789 diximus,ut
1209 3724 1455 3775 tamnumerosus
1464 3725 1558 3776 coetus
1567 3718 1758 3776 commodius

48 3807 203 3869 tentialem
217 3806 410 3874 decurrerint,
422 3824 477 3865 nec
490 3826 509 3867 a
521 3809 730 3867 colluctatione
740 3827 809 3867 cum
822 3825 878 3866 an·
932 3807 1064 3881 expediri
1079 3814 1180 3880 posset
1192 3808 1322 3866 visitatio
1334 3808 1415 3882 putei
1426 3824 1486 3865 non
1500 3807 1632 3880 affigitur
1643 3808 1683 3866 ad
1697 3823 1759 3866 cer-

48 3899 132 3972 tiquo
147 3900 293 3969 serpente,
310 3897 427 3953 tametsi
442 3902 562 3955 sanctus
576 3899 721 3955 Patricius
732 3915 768 3956 ex
779 3899 879 3957 iliber-
931 3904 995 3955 tum
1010 3902 1038 3954 et
1053 3901 1197 3954 statutum
1222 3896 1314 3968 diem,
1343 3897 1397 3955 sed
1412 3914 1467 3972 pro
1489 3899 1612 3956 arbitrio
1626 3897 1759 3972 praefecti

48 3985 878 4062 niaserpentesejeccrit(incujusejectionismemoriam
932 3988 1134 4060 dispensatur.

49 4075 169 4135 ostendi
177 4075 252 4132 solet
264 4074 401 4131 ininsula
413 4077 513 4133 nodus
527 4094 634 4135 osseus
647 4093 765 4150 magnae
778 4077 877 4143 molis,
969 4081 1015 4135 33.
1035 4076 1122 4144 Quod
1135 4083 1235 4134 autem
1249 4076 1354 4149 lingua
1369 4077 1524 4151 popularis
1540 4076 1710 4135 circumfert
1721 4076 1759 4134 de

49 4163 357 4238 diciturquafruslum
365 4167 526 4238 serpentini
535 4168 661 4235 ossis,ex
669 4168 721 4225 illo
728 4168 879 4238 genimine
933 4166 1119 4223 immanibus
1130 4167 1265 4238 spectris,
1279 4172 1509 4239 quaeoccursaut
1521 4167 1641 4223 inclusis
1651 4166 1682 4223 in
1697 4182 1760 4239 spe·

48 4253 200 4313 virulento
211 4252 294 4326 quod
302 4255 592 4329 sanctusexpulerat)
603 4274 610 4324 ;
622 4257 674 4313 sed
684 4257 810 4314 durante
822 4257 880 4314 hac
934 4271 981 4321 cu,
993 4255 1106 4312 crateris
1114 4254 1232 4311 omissis
1244 4272 1251 4312 :
1263 4271 1357 4312 unum
1366 4256 1576 4313 tantummodo
1584 4256 1759 4320 referamus,

49 4345 102 4402 vis
114 4342 225 4400 durare
237 4341 327 4398 debet
341 4343 489 4410 viatorum
503 4345 654 4416 vigilantia
668 4347 815 4403 adversus
827 4362 879 4403 oc·
934 4343 1117 4417 quodaviro
1127 4343 1215 4400 docto
1225 4344 1567 4401 etveneraudoantistite
1576 4359 1759 4415 acceperam,

50 4431 880 4508 cultosiusidiatores,ethostesmanifestos,cumquibus
897 4412 921 4466 D
934 4433 971 4489 de
982 4431 1115 4505 quodam
1127 4433 1285 4504 peregrino
1294 4433 1479 4500 Tiroonallio,
1490 4433 1538 4488 cui
1549 4430 1761 4504 peregrinatio·

51 4521 137 4581 nulla
155 4536 213 4594 pax
232 4536 297 4577 esse
313 4526 409 4593 potest
423 4522 481 4593 piis
501 4522 683 4590 homiuibus,
699 4540 797 4597 neque
812 4523 881 4580 fidae
934 4520 1287 4578 nemobeuntietincluso
1294 4522 1358 4592 jam
1369 4521 1559 4594 inspelunca,
1569 4535 1681 4593 equum
1691 4518 1761 4575 sub-

50 4608 193 4670 induciae.
208 4609 348 4676 Quinimo
358 4609 434 4666 sicut
449 4611 537 4667 totius
550 4618 594 4669 est
606 4614 741 4687 corporis
751 4613 827 4670 bene
840 4614 882 4670 vi·
933 4610 1067 4683 jugalem
1079 4609 1158 4666 furto
1169 4610 1286 4667 sustulit
1296 4611 1419 4682 quidem
1431 4609 1643 4681 compatriota;
1655 4612 1683 4665 et
1693 4607 1759 4680 ipse

50 4714 134 4764 rere,
154 4699 197 4756 sic
212 4699 303 4756 totius
321 4702 367 4756 est
385 4700 528 4772 temporis
547 4700 623 4758 ferre
637 4718 767 4760 crucem.
787 4703 881 4776 quue
935 4699 1086 4758 absensin
1096 4699 1197 4755 insula
1208 4698 1274 4766 hac,
1286 4699 1359 4771 quin
1369 4703 1398 4755 et
1408 4698 1542 4755 inclusus
1554 4700 1583 4754 iu
1593 4707 1682 4771 puteo
1694 4702 1761 4755 tan-

51 4787 881 4864 tummaximeverumessecoguoscitur,cumipsatidcs
935 4786 1763 4863 quampraesensetcomitansfurem,omniaejusdiver

51 4878 261 4951 impugnatur,
273 4882 344 4935 etea
353 4877 604 4951 omniapraesidia
614 4879 789 4952 integritatis
799 4885 828 4936 et
840 4881 882 4936 in·
935 4878 1023 4936 ticula
1036 4881 1064 4934 et
1073 4877 1195 4934 semitas
1210 4877 1376 4950 conspexit,
1392 4876 1497 4934 callem
1510 4893 1563 4950 per
1576 4891 1668 4949 quem
1684 4875 1762 4933 venit

52 4967 883 5040 nocentiauobisprobibenrur,queadcamdcmaugen-
936 4967 1098 5039 capistrum
1107 4967 1189 5039 quod
1201 4966 1301 5040 injecit
1312 4967 1341 5023 in
1351 4967 1428 5023 collo
1438 4966 1624 5039 equi,locum
1637 4981 1699 5037 quo
1712 4964 1763 5021 de·

53 5056 130 5115 dam
140 5055 399 5129 muniandamque
414 5056 586 5113 deserviunt
595 5075 602 5125 ;
616 5058 719 5131 qualia
730 5063 798 5115 sunt
813 5074 881 5115 cum
937 5055 1032 5124 duxit,
1040 5054 1184 5125 effugium
1194 5055 1277 5128 quod
1290 5056 1427 5127 captavit,
1439 5061 1468 5112 et
1476 5053 1761 5112 omnemcircuitum

54 5144 123 5204 aliis
134 5145 245 5211 multis,
257 5145 566 5219 operasatisfaoloria,
578 5147 827 5220 etpoenitentiales
839 5148 884 5203 in·
937 5160 1028 5220 quem
1040 5144 1117 5209 fecit,
1127 5144 1198 5201 dum
1209 5144 1371 5201 abduceret
1382 5145 1525 5201 furtivum
1535 5144 1718 5216 jumentum,
1732 5140 1763 5197 id

55 5233 882 5309 dustriraperquasetvindictadetransaetisreposcitur,
938 5230 1764 5306 quodetiamputeorenuntiavitproximosibiassidenti

54 5327 85 5382 et
98 5323 292 5380 madctamac
304 5325 459 5380 munimen
470 5325 664 5396 inposterum
676 5325 883 5397 adipiscimur.
939 5322 1170 5394 comperegrino.
1185 5325 1328 5394 Egressus
1341 5339 1410 5379 vcro
1427 5322 1507 5387 inde,
1519 5322 1706 5392 domumque
1720 5335 1766 5377 re·

95 5416 140 5470 31.
160 5415 194 5469 Et
208 5414 352 5485 quonium
372 5412 456 5470 locus
470 5413 523 5470 iste
538 5429 572 5470 ex
590 5413 773 5471 institutione
785 5429 840 5470 sua
854 5414 885 5470 ln
940 5428 1062 5484 gressus
1078 5427 1147 5468 cum
1166 5412 1337 5469 rescisceret
1356 5412 1490 5470 ablatum
1505 5412 1677 5482 jumentum
1693 5426 1763 5467 mox

57 5503 139 5561 hanc
150 5502 243 5560 finem
253 5503 351 5572 seruit,
365 5519 422 5560 usu
431 5503 498 5577 ipso
512 5504 740 5577 comprobatum
754 5507 801 5561 est
810 5502 887 5560 mul·
939 5501 1035 5559 furem
1051 5501 1158 5575 prodit,
1172 5506 1202 5559 et
1214 5506 1377 5574 negantem
1386 5500 1584 5575 interpellavit
1596 5515 1697 5558 coram
1705 5500 1766 5573 Dy-
