3728 6000
157 264 207 320 rar
646 251 684 309 o.
706 243 834 309 ineunt
853 244 1081 308 senounsrtnv
1100 214 1319 307 tnootausrs.
1743 254 1812 314 uss

156 385 333 443 similitudine
360 383 494 457 predicta
522 379 648 436 dicamur
674 375 754 448 panis
787 375 953 444 Dominicus,
968 376 1000 440 Α
1011 373 1096 431 etiam
1106 389 1155 443 pro
1169 382 1293 448 utroque.
1309 376 1384 434 Sicut
1398 391 1460 435 curo
1474 377 1595 435 dieitur:
1615 379 1732 437 tertam
1744 397 1809 439 earo

156 478 278 533 dicamur
293 475 373 530 etiarn
388 472 513 544 corporis
528 467 631 525 Christi
658 464 746 530 cibus,
762 473 790 521 et
816 464 958 538 sanguinis
1012 466 1122 536 saetam
1137 467 1179 520 est
1190 465 1282 531 (teau.
1296 482 1314 533 r,
1327 465 1381 538 tt),
1397 481 1462 523 caro
1477 481 1529 537 pro
1552 482 1635 524 carne
1663 473 1691 524 et
1706 469 1807 526 enims,

157 568 215 635 ejus
230 574 310 637 potus
325 582 332 625 ς
349 563 424 634 quic,
441 560 554 626 scilicet,
570 558 641 612 sicut
654 554 733 611 cibus
750 560 776 610 et
791 560 871 625 potus
886 561 959 608 tem·
1012 553 1134 623 Itemque
1151 571 1156 607 :
1176 554 1272 610 Omnis
1286 555 1385 611 animo
1397 552 1585 626 potestatibus
1597 556 1810 616 sublimioribus

158 655 279 727 poralem
307 652 401 719 vitam,
425 651 466 707 sic
485 649 573 704 trinitas
587 643 718 701 Ecclesiae
746 642 852 699 confert
878 649 960 698 aeter·
1012 640 1124 697 subdita
1138 641 1177 697 st't
1192 642 1281 712 (hren.
1297 658 1354 709 xrrr,
1372 644 1398 714 t)
1414 661 1420 698 :
1437 643 1528 700 anima
1541 660 1592 717 pro
1606 660 1689 703 cerne
1704 654 1732 703 et
1747 648 1809 703 ani.

157 760 221 799 nam
238 763 243 797 :
260 742 321 797 ideo
336 741 423 795 sancti
438 737 562 793 camdem
582 733 713 790 unitatem
742 739 843 788 vocant
870 730 957 786 virtu-
1014 743 1058 782 ma
1074 728 1212 800 accipitur.

157 839 323 888 temetrem
340 826 517 892 sacramenti,
543 839 613 889 rem,
629 819 790 893 quiaabeo
817 819 954 891 signitica-
1046 818 1104 874 Nec
1119 818 1226 884 mirurn,
1240 819 1265 874 si
1294 828 1494 877 sacramentum
1523 836 1572 892 pro
1599 831 1810 880 ssemmousups

158 929 221 988 tur;
250 919 386 982 virtutem,
417 916 482 988 quia
514 912 611 969 eb'ectu
639 909 739 966 divinae
772 909 869 982 gratim
896 923 957 964 curu
1013 920 1043 960 re
1058 907 1219 962 sacramenti
1234 907 1333 979 saepius
1348 908 1559 983 ponitur3quia
1574 918 1601 967 et
1614 927 1719 984 eorpus
1734 911 1810 969 Chri·

158 1009 264 1066 Christo
292 1008 410 1062 maximo
439 1011 593 1077 operatur:
624 997 752 1072 quamvis
780 997 902 1053 Christus
930 1006 958 1052 ut

157 1105 238 1169 caput
252 1103 375 1152 nostrum
391 1093 481 1148 virtus
496 1089 654 1162 principalis
681 1094 709 1143 et
734 1102 777 1142 res
792 1085 957 1142 sacramenti

158 1189 192 1242 sit
205 1182 419 1240 substantialiter
437 1189 463 1236 et
489 1195 564 1246 vere,
594 1177 713 1233 societas
738 1191 804 1231 vero
828 1183 854 1230 et
868 1176 958 1229 unitas

156 1274 348 1338 ecclesiastica,
364 1270 493 1343 figurate.

191 1363 252 1418 Nou
267 1360 351 1433 igitur
366 1375 486 1415 errorem
498 1363 611 1428 generet
623 1355 697 1427 quod
712 1354 797 1411 sancti
813 1352 958 1425 aliquando

157 1453 191 1507 de
206 1465 321 1521 corpore
336 1448 447 1512 Christi,
469 1444 617 1518 aliquando
645 1460 694 1515 per
716 1459 746 1498 se
761 1443 909 1513 loquuntur
923 1441 957 1497 de

156 1555 272 1612 corpore
289 1537 423 1594 Ecclesia
438 1537 465 1590 iu
480 1536 580 1591 eodem
605 1541 775 1590 sacramento
792 1552 798 1592 ;
816 1531 890 1603 quia,
907 1529 957 1584 etsi

157 1630 185 1684 in
200 1629 300 1684 unitate
316 1635 342 1682 et
356 1625 453 1681 effectu
479 1624 574 1678 salutis
600 1621 740 1693 utriusque
767 1620 889 1690 corporis
918 1625 958 1673 est

156 1717 303 1773 similitudo
320 1716 347 1769 in
364 1713 510 1770 eminentia
524 1710 674 1784 diguitatis,
703 1710 731 1765 ia
760 1709 874 1764 veritate
889 1707 998 1792 sub-B

156 1807 270 1869 stautiae,
287 1804 338 1860 soli
354 1803 438 1875 capiti
452 1810 543 1857 nostro
562 1800 670 1855 Christo
686 1798 823 1855 servanda
837 1806 886 1867 est,
902 1811 957 1852 sue

156 1893 352 1967 singularitatis
366 1905 472 1947 summa
487 1888 627 1946 discretio.
652 1887 780 1956 Quamvis
807 1886 879 1941 enim
903 1886 957 1941 hoc

156 1992 328 2041 sacramento
356 1981 489 2037 reformet
517 1994 619 2049 corpus
651 1975 810 2032 humilitatis
847 1983 957 2040 nostre,

157 2075 236 2131 etiam
260 2074 289 2127 in
304 2073 355 2126 trac
383 2070 439 2125 vita
464 2066 665 2139 contigui-atum
693 2064 800 2136 corpori
828 2063 958 2118 claritatis

156 2180 222 2229 sura,
239 2177 293 2216 non
322 2168 413 2215 tomen
442 2173 491 2212 nos
519 2171 606 2227 usque
632 2153 701 2209 adeo
729 2152 958 2224 superextendere

157 2251 301 2314 debemus,
328 2253 356 2303 ut
372 2252 612 2317 quantumcunque
640 2257 689 2297 nos
717 2256 765 2296 sue
792 2240 957 2294 humanitate

155 2333 622 2402 vulsitnilitudineexaltet,ust1ue
644 2330 678 2384 ad
707 2330 765 2398 ejus
792 2329 956 2401 dignitatem

156 2428 311 2499 pertingere
327 2437 526 2494 praesumamus
545 2435 552 2483 ;
569 2419 617 2473 sed
642 2417 682 2473 sic
709 2417 890 2488 suscipiamus
905 2418 958 2470 mi·

156 2514 332 2572 scricordiam
348 2526 424 2566 suam
439 2509 466 2563 in
486 2509 578 2563 manlio
592 2507 686 2578 templi
710 2507 760 2572 sui,
777 2515 804 2561 ul
830 2507 959 2579 usquein

155 2602 223 2657 hnes
239 2611 318 2657 terrea
334 2601 369 2654 sit
385 2599 444 2654 laus
461 2614 508 2651 sua
527 2596 676 2652 secundum
694 2610 793 2650 nomeu
810 2594 879 2662 ejus.
897 2597 959 2664 lpse

158 2692 229 2747 enim
246 2698 285 2746 est
300 2695 381 2759 caput
394 2687 516 2758 corporis
539 2685 681 2751 Ecclesiae,
697 2701 752 2739 non
767 2684 869 2738 unitate
892 2700 957 2754 per-

157 2797 242 2849 sonae,
259 2779 305 2835 sed
322 2776 427 2849 gratioe.

469 2864 585 2922 catur
600 2863 651 2917 lV.

1012 994 1058 1062 sti,
1073 1011 1122 1066 pro
1149 1006 1320 1053 sacramento
1347 1004 1374 1054 et
1401 1014 1518 1071 corpore
1534 999 1632 1056 Christi
1656 1001 1805 1057 invenitur.

1012 1084 1192 1157 Augustinus,
1209 1085 1248 1140 De
1264 1087 1438 1142 sacramentis
1452 1087 1565 1144 altaris:
1582 1112 1593 1138 ι
1610 1088 1716 1162 Corpus
1731 1091 1809 1146 Chri-

1012 1172 1055 1238 sti,
1070 1178 1097 1227 et
1119 1174 1216 1229 veritas
1230 1181 1256 1228 et
1284 1172 1372 1245 ligura
1393 1184 1447 1232 est.
1485 1178 1600 1241 Veritas,
1621 1178 1690 1234 dam
1710 1194 1811 1251 corpus

1014 1260 1122 1319 Christi
1136 1266 1163 1318 et
1177 1264 1303 1335 sonpuir,
1317 1265 1423 1321 uirtute
1434 1266 1557 1338 Spiritus
1571 1268 1603 1323 tn
1617 1266 1700 1324 verbo
1711 1269 1812 1340 e'pstar,

1012 1365 1045 1404 ex
1062 1349 1141 1421 panis
1157 1350 1267 1420 vinique
1296 1350 1446 1407 substantia
1466 1353 1590 1410 efficitur.
1618 1355 1725 1428 sipara
1748 1372 1812 1413 nero

1012 1442 1064 1506 est,
1082 1437 1109 1493 td
1124 1439 1196 1512 quod
1213 1439 1342 1496 exterius
1352 1443 1515 1498 sentitur.»

1048 1526 1193 1583 Sciendum
1207 1529 1289 1582 etiem
1310 1529 1385 1601 quod
1401 1540 1602 1588 sacramentum
1617 1532 1645 1589 in
1661 1533 1749 1590 saeos
1762 1550 1812 1591 eo-

1011 1614 1117 1671 dicibus
1130 1630 1184 1671 non
1199 1631 1310 1687 semper
1323 1632 1372 1688 pro
1387 1633 1465 1674 sacro
1481 1620 1573 1692 signo,
1589 1621 1637 1677 sad
1648 1636 1813 1678 sacramen-

1013 1711 1067 1758 tum
1084 1703 1230 1775 aliquando
1247 1705 1453 1776 jusjurandum,
1483 1708 1630 1780 aliquando
1645 1727 1689 1765 res
1704 1720 1814 1768 secretu

1012 1793 1155 1863 accipitur.
1176 1793 1254 1849 Unde
1268 1794 1425 1850 Ambrosius
1448 1795 1474 1850 in
1491 1797 1561 1853 libro
1592 1798 1626 1854 ed
1650 1798 1815 1855 Gratianum

1012 1882 1173 1953 apparuisse
1195 1881 1261 1939 dicit
1283 1884 1442 1940 hominibus
1464 1886 1632 1958 unigenitum
1660 1887 1749 1944 Patris
1764 1905 1816 1959 per

1012 1978 1213 2026 sacramentum
1228 1972 1360 2043 assumpti
1374 1974 1502 2042 hominis,
1523 1975 1600 2047 quasi
1614 1975 1723 2032 diceret
1739 1994 1746 2031 :
1765 1978 1819 2033 Per

1012 2059 1150 2115 hominem
1166 2074 1246 2130 quem
1262 2060 1315 2114 sibi
1336 2062 1463 2128 sacravit,
1493 2066 1557 2133 quia
1584 2068 1667 2121 horno
1689 2081 1745 2122 nan
1774 2066 1817 2121 si-

1012 2164 1106 2219 gnum,
1123 2148 1171 2203 sed
1187 2148 1277 2220 potius
1290 2149 1433 2205 occultatio
1448 2151 1594 2207 divinitatis
1608 2152 1667 2211 tuit.

1333 2239 1448 2296 CAPUT
1463 2242 1493 2296 V.

1015 2325 1091 2394 Quod
1102 2325 1211 2382 risibile
1233 2333 1446 2386 rccrarnentum
1464 2331 1548 2404 panis
1563 2334 1591 2387 et
1604 2332 1674 2398 viat,
1691 2348 1814 2390 nauca-

1171 2416 1266 2489 patioe
1284 2416 1398 2474 dicutur
1418 2434 1520 2492 eorpus
1536 2419 1651 2477 Christi.

1049 2500 1117 2572 Quia
1132 2503 1214 2576 igitur
1229 2505 1315 2561 sancti
1332 2515 1534 2563 sacramentum
1563 2524 1612 2580 pro
1640 2519 1817 2567 sacramento

1013 2600 1039 2646 et
1054 2608 1082 2648 re
1098 2594 1270 2659 sacrmenti,
1288 2603 1314 2650 et
1326 2610 1425 2668 corpus
1454 2597 1551 2653 Christi
1579 2613 1630 2668 pro
1659 2601 1773 2656 veritate
1790 2607 1820 2655 et

1013 2678 1099 2753 ligura
1114 2680 1301 2738 indifferenter
1312 2692 1455 2755 usurpant,
1471 2701 1506 2740 ne
1533 2702 1654 2743 emonem
1669 2696 1818 2760 generent,

1014 2770 1078 2840 quid
1093 2769 1119 2823 in
1136 2785 1205 2841 panc
1221 2771 1362 2829 Dominieo
1375 2783 1624 2843 sac1·amentum,et
1635 2776 1700 2847 qnid
1714 2791 1818 2848 corpus

1015 2858 1111 2913 Christi
1138 2875 1200 2914 vere
1222 2867 1249 2914 et
1275 2863 1387 2933 proprie
1411 2864 1446 2916 sit
1472 2862 1652 2920 dicernamus.
1683 2865 1817 2922 formam

195 2956 270 3026 Quid
284 2955 324 3012 sit
337 2958 561 3018 sacrornentum,
571 2957 601 3006 et
612 2948 958 3025 qrtotmodiseccipiotur.
1013 2948 1098 3020 portis
1114 2950 1142 3003 et
1158 2948 1218 3003 υἱηὶ
1232 2954 1260 3004 et
1276 2954 1393 3006 coeteros
1408 2951 1617 3010 clementorum
1630 2959 1816 3011 remanentes

195 3047 263 3118 Quia
279 3045 361 3119 igitur
376 3044 426 3099 hoc
442 3058 491 3098 suo
516 3049 686 3097 sacramento
715 3041 840 3096 Christus
862 3040 960 3096 licetn-
1016 3039 1044 3092 et
1065 3036 1187 3092 visibiles
1207 3039 1371 3107 qualitates,
1392 3046 1607 3098 sacramentam
1618 3044 1817 3100 tantammodo

160 3138 322 3193 siamsuaur
345 3132 403 3189 uuit
432 3131 486 3186 sibi
516 3139 543 3186 et
571 3138 758 3201 concorporat,
787 3129 821 3184 de
850 3129 962 3184 t·eritnte
1017 3125 1671 3187 veredicietesse:substantiamautemlltam
1688 3132 1817 3187 invisibi-

159 3228 220 3297 ejus
233 3234 259 3281 et
275 3225 383 3287 virtute,
402 3222 479 3292 naresi
494 3221 529 3274 de
543 3237 573 3274 ra
592 3217 732 3285 ineffabili,
745 3227 875 3289 «quantum
891 3218 964 3272 Deus
1016 3212 1080 3281 leun,
1096 3230 1157 3285 quae
1171 3214 1230 3284 ipso
1244 3225 1415 3272 sacramento
1430 3227 1526 3288 operta
1540 3227 1590 3284 est,
1600 3227 1627 3276 et
1635 3220 1661 3274 in
1676 3236 1756 3291 quam
1767 3236 1818 3292 pa·

160 3315 264 3372 dederit
278 3313 444 3368 disseramus
462 3326 467 3365 :
484 3309 509 3364 si
528 3317 618 3363 tamen
633 3308 708 3379 prius
724 3307 788 3379 quid
803 3322 963 3362 sacramen·
1017 3302 1059 3356 nis
1073 3311 1100 3357 et
1114 3302 1168 3358 vini
1181 3302 1333 3360 substantia
1352 3306 1479 3362 translata
1495 3315 1547 3373 est,
1571 3324 1636 3365 vere
1658 3319 1685 3365 et
1703 3310 1818 3382 proprie

162 3412 218 3460 tum
233 3403 267 3458 sit
282 3401 470 3463 discutientes,
491 3397 628 3467 quomodo
644 3395 769 3469 figurae
798 3395 910 3451 veritate
925 3393 964 3448 rei
1016 3390 1069 3446 dici
1084 3400 1111 3446 et
1125 3407 1186 3448 esse
1212 3408 1311 3464 corpus
1338 3395 1439 3451 Christi
1468 3405 1579 3452 testatur
1606 3398 1818 3471 dugrtstinuain

162 3510 241 3566 quam
268 3489 410 3563 signifieat,
441 3486 623 3543 discernenda
666 3485 701 3539 sit
743 3484 958 3540 ostenderimus.
1018 3479 1088 3534 libro
1100 3479 1298 3537 Sententiarum
1310 3483 1444 3554 Prosperi,
1455 3485 1819 3544 itaeadiscernens:«tloc

162 3580 329 3653 Augustinus
348 3579 376 3631 in
404 3577 472 3630 libro
488 3591 505 3628 x
525 3575 564 3630 De
592 3573 700 3629 civitate
713 3573 759 3627 Dei
776 3575 811 3642 (c.
828 3574 854 3631 5.
873 3580 890 3626 t.
904 3572 961 3636 l'll,
1019 3576 1060 3623 est
1075 3568 1147 3639 quod
1162 3568 1286 3636 dicimus,
1304 3571 1377 3643 quod
1397 3573 1485 3628 modis
1511 3574 1637 3631 omnibus
1660 3576 1818 3648 approbare

162 3668 217 3728 col.
237 3670 321 3729 aaut:
355 3665 592 3720 «Sacramentum
620 3661 737 3727 visibile,
766 3659 962 3715 invisibilisrei
1018 3657 1217 3723 contendimus,
1245 3658 1405 3716 sacrificium
1434 3662 1564 3719 acclesiae
1583 3664 1689 3720 duobus
1715 3663 1819 3721 coobci

162 3762 363 3812 sacramentum
385 3755 436 3816 est,
458 3751 485 3804 id
514 3759 553 3805 est
582 3765 686 3804 sacrum
716 3748 865 3820 signum.»
895 3751 964 3802 ltem
1017 3746 1334 3817 duobusqueconstare:
1360 3749 1458 3804 visibili
1487 3750 1682 3809 elementorum
1711 3754 1816 3824 speeie,

163 3843 330 3917 Augustinus
358 3841 385 3894 in
412 3838 461 3893 lib.
476 3853 497 3893 ιι
511 3840 547 3909 (c.
569 3838 593 3905 l,
611 3845 629 3891 t.
647 3837 695 3903 lll,
722 3852 747 3891 c.
763 3840 818 3904 to).
849 3837 888 3891 Do
912 3837 964 3892 do·
1018 3842 1045 3890 et
1059 3833 1189 3889 invisibili
1203 3836 1313 3890 Domini
1329 3838 1414 3892 nostri
1428 3839 1493 3895 tesu
1505 3840 1601 3896 Christi
1616 3856 1699 3898 carne
1712 3849 1741 3897 et
1754 3858 1819 3897 san-

164 3935 251 3992 ctrina
266 3931 418 3987 Christiana
435 3947 441 3982 :
460 3951 471 3974 ι
491 3928 604 3998 Signum
621 3934 664 3981 est
679 3942 721 3980 res
733 3933 830 3996 prater
843 3925 964 3995 speciem
1018 3923 1101 3995 guine
1114 3941 1121 3985 ;
1136 3932 1308 3980 sacramento
1323 3933 1349 3980 st
1377 3942 1406 3982 re
1420 3931 1593 3995 sacramenti,
1609 3929 1637 3985 id
1660 3936 1702 3986 est
1716 3931 1819 3988 Christi

165 4038 245 4094 qnam
261 4019 361 4091 ingerit
375 4016 512 4083 sensibus,
528 4014 600 4070 atiud
624 4014 726 4086 aliquid
743 4030 776 4068 ex
805 4029 834 4068 se
863 4012 964 4068 taciens
1018 4012 1231 4083 corporezsicut
1242 4029 1359 4085 persona
1373 4016 1472 4071 Christi
1482 4022 1587 4074 constal
1597 4017 1818 4077 etconticitnrex

165 4113 191 4167 in
221 4108 403 4181 coguitionem
431 4102 533 4160 venire.
561 4126 572 4151 ι
604 4101 672 4158 Item
698 4101 764 4157 alibi
793 4102 907 4172 (Quasi.
936 4101 964 4156 in
1018 4099 1076 4155 Deo
1091 4109 1117 4156 et
1133 4102 1250 4171 homine,
1268 4119 1329 4159 cum
1344 4103 1402 4174 ipsa
1416 4105 1630 4164 Christusverus
1645 4108 1723 4164 silet
1737 4125 1819 4166 vertis

166 4198 352 4262 l.erit.8t,t.
382 4193 430 4249 tlt.
459 4192 515 4248 col.
548 4193 629 4261 biti:
662 4214 672 4236 ιι
691 4189 894 4246 Sacramentum
923 4196 966 4244 est
1017 4189 1110 4256 homo,
1128 4189 1288 4262 quiaomnis
1303 4192 1461 4249 resillarum
1472 4211 1561 4251 rerum
1572 4204 1694 4252 naturam
1705 4206 1731 4253 et
1742 4200 1817 4255 veri-

164 4286 309 4344 invisibilis
325 4283 421 4356 gratiae
437 4281 553 4336 risibilis
569 4280 668 4335 torma.
687 4302 697 4325 ιι
1019 4283 1101 4332 tatem
1117 4278 1144 4332 io
1160 4294 1190 4334 se
1204 4281 1332 4348 continet,
1350 4296 1384 4337 ex
1399 4282 1818 4353 quibusconficitur.Conficitur

200 4375 344 4433 Sciendum
360 4380 449 4427 autem
479 4369 550 4442 quod
579 4374 779 4424 sacramentum
805 4375 831 4423 ot
860 4374 965 4438 muste-
1020 4367 1286 4424 autemsacritieium
1300 4369 1817 4440 Ecclesiaeduobua,secramentoetre

166 4467 234 4522 rium
252 4465 277 4518 in
294 4464 346 4517 hnc
375 4458 511 4523 differunt,
540 4457 603 4530 quia
625 4463 824 4511 sacramentum
855 4436 1194 4526 signumDsacrnmentt,
1217 4457 1243 4512 id
1267 4467 1318 4523 est,
1347 4459 1444 4514 Christi
1471 4475 1624 4534 corporei
1653 4461 1721 4533 Quae
1748 4481 1818 4540 ergo

165 4562 207 4610 est
221 4551 325 4607 visibile
340 4547 443 4621 aliquid
463 4544 631 4616 significans,
662 4545 818 4616 mysterium
834 4559 899 4599 vero
914 4543 966 4598 ali·
1021 4543 1074 4600 dun
1089 4561 1149 4601 esse
1163 4547 1306 4618 approbat,
1331 4547 1443 4603 visibile
1461 4550 1563 4607 scilicet
1576 4559 1777 4609 sacramentum
1792 4559 1821 4611 et

165 4643 229 4716 quid
245 4639 380 4696 occultum
396 4638 429 4690 ab
446 4650 478 4691 ao
504 4633 698 4706 significatum.
731 4633 855 4689 Alterum
878 4641 966 4688 tamen
1021 4633 1183 4691 invisibilem
1199 4650 1255 4690 rem
1276 4637 1448 4704 sacramenti,
1465 4653 1519 4694 nou
1534 4655 1617 4695 unum
1632 4648 1659 4696 et
1672 4642 1756 4712 idern,
1769 4644 1821 4700 sed

165 4731 311 4805 proaltero
327 4726 444 4799 ponitur.
462 4731 489 4778 ut
505 4724 629 4793 superius
648 4722 829 4778 dictumest:
860 4728 966 4793 myste-
1021 4722 1094 4778 aliud
1109 4731 1136 4778 et
1151 4723 1226 4779 allud
1241 4739 1304 4780 esse
1322 4726 1497 4783 demonstrat.
1512 4727 1588 4784 Unda
1603 4729 1667 4785 item
1682 4732 1820 4804 Augusti·

165 4822 233 4878 rium
249 4826 368 4874 vestrum
382 4813 513 4884 accipitis,
531 4820 558 4865 ut
577 4811 610 4865 sit
638 4810 793 4882 mysterium
823 4810 967 4867 occultans

166 4920 193 4966 et
207 4908 353 4967 occultum,
369 4910 395 4958 et
417 4909 616 4957 sacramentum
632 4902 750 4971 signans
766 4907 793 4954 et
808 4900 960 4971 signatum.

167 4997 245 5055 Unde
275 4993 408 5049 lauimus
442 4990 470 5044 in
505 4988 620 5060 quadarn
659 4987 772 5043 homilia
803 4987 968 5059 Epiphania

169 5089 255 5157 thom.
271 5085 316 5150 t0,
334 5097 361 5150 p.
377 5083 423 5146 tn,
440 5078 485 5133 ed.
498 5079 597 5142 listi:
615 5100 627 5125 ι
642 5076 754 5148 blystica
768 5076 826 5143 eius
840 5075 968 5130 nativitas

169 5181 336 5252 sempiterno
351 5175 452 5248 gaudio
467 5181 493 5229 et
509 5182 607 5229 turam
632 5171 778 5228 laetihcavit
792 5177 820 5226 et
845 5170 963 5226 caelum.

169 5281 246 5334 llunc
260 5291 327 5347 ergo
342 5288 434 5345 regem
447 5269 609 5335 coelestium,
630 5269 815 5338 hominunque
830 5275 966 5323 rectorem

170 5377 221 5432 sub
235 5375 323 5433 carnis
340 5351 467 5442 mysterio
482 5369 650 5435 venientem,
679 5365 777 5438 impius
805 5366 895 5423 tremit
910 5365 968 5420 tte-

169 5474 260 5530 rodes.
278 5495 288 5519 ιι
306 5469 363 5525 Nec
374 5465 544 5523 solummodo
558 5474 755 5523 sacramentum
766 5463 966 5535 proalterutro,

167 5572 199 5639 id
212 5579 263 5642 est,
279 5568 324 5628 vel
338 5566 481 5642 prosigue
499 5563 543 5623 vel
558 5580 608 5637 pro
635 5564 743 5636 signato
757 5562 900 5633 invenitur,
917 5561 965 5619 sed

1021 4828 1072 4867 nus
1092 4811 1119 4866 in
1133 4828 1258 4869 sermore
1284 4814 1323 4869 De
1349 4815 1441 4870 verbis
1461 4816 1567 4872 Domini
1588 4820 1663 4890 (ΥΒ,
1680 4827 1700 4874 t.
1716 4820 1747 4885 V,
1764 4821 1819 4877 col.

1023 4902 1121 4971 llott:
1141 4925 1152 4949 ι
1169 4900 1248 4971 Quod
1262 4903 1361 4958 videtis
1371 4904 1397 4958 in
1414 4905 1501 4973 altari,
1529 4906 1606 4978 panis
1630 4915 1657 4964 et
1680 4909 1752 4964 calix
1767 4918 1820 4980 est,

1022 4990 1094 5059 quod
1110 4990 1191 5045 etiam
1206 4991 1286 5046 vohis
1300 4992 1370 5047 oculi
1385 4994 1466 5048 vestri
1482 4995 1637 5051 renuntiant
1654 5011 1661 5050 :
1678 4997 1752 5070 quod
1768 5015 1819 5054 au·

1021 5083 1077 5133 tem
1106 5077 1174 5135 tides
1196 5081 1314 5151 postulat
1341 5080 1506 5150 instruenda,
1534 5084 1611 5155 panis
1636 5093 1678 5141 est
1704 5102 1819 5160 corpus,

1020 5167 1090 5222 calix
1106 5173 1148 5223 est
1163 5169 1287 5240 sanguis.
1306 5192 1317 5218 ι
1333 5171 1367 5224 lit
1382 5171 1461 5241 paulo
1485 5181 1545 5243 post
1562 5191 1569 5228 ε
1599 5196 1610 5222 ι
1633 5174 1697 5239 lsta,
1714 5174 1820 5241 tratres,

1022 5264 1083 5320 ideo
1097 5264 1222 5321 dicuntur
1235 5274 1414 5334 sacramenta,
1430 5269 1497 5340 quia
1512 5270 1540 5323 in
1554 5269 1595 5326 eis
1610 5269 1686 5327 aliud
1701 5272 1820 5342 videtur,

1021 5362 1096 5418 allud
1110 5362 1284 5437 intellegitur.
1301 5364 1380 5431 Quod
1398 5366 1516 5437 videtur,
1532 5369 1651 5440 speciem
1666 5371 1748 5428 habet
1761 5387 1822 5428 cor-

1021 5461 1144 5533 poralem
1160 5480 1167 5527 ;
1182 5462 1256 5535 quod
1269 5462 1436 5536 intelligitur,
1460 5465 1575 5525 tractum
1590 5467 1673 5526 hebet
1687 5469 1820 5542 spiritua-

1023 5563 1086 5619 lem.
1103 5558 1179 5630 Quia
1193 5559 1276 5634 ipilur
1287 5561 1362 5618 aliud
1377 5568 1419 5620 est
1439 5564 1585 5638 corporate
1609 5565 1684 5640 quod
1698 5567 1820 5641 videtar,
