3728 6000
64 236 135 295 'lhi-

649 248 697 306 Dli
715 250 964 310 secatussttro.
982 283 1017 294 -
1035 255 1099 311 bill.
1122 253 1141 311 l.

1664 260 1715 318 tet

67 363 144 421 aliud
172 367 314 440 spirituale
333 371 406 442 quud
435 372 602 448 intelligitur,
625 375 699 432 aliud
735 393 800 450 ergo
827 385 868 434 est
882 379 909 444 Α
924 388 1051 450 quantum
1061 381 1096 436 ad
1111 382 1308 440 elementorum
1323 382 1443 456 speeiem
1455 393 1481 442 ιι
1497 384 1633 441 turmam:
1647 387 1719 459 quod

66 466 273 514 sacramentum
288 476 370 534 quam
393 478 451 518 rem
470 465 645 532 sacramenti,
668 465 695 520 id
715 474 756 522 est
770 483 869 538 eorpus

67 543 180 601 Christi.
199 569 211 595 ι
239 548 307 604 item
331 552 501 623 Augustinus
524 552 551 608 in
573 553 644 610 libro
667 553 869 610 Sententiarum

66 631 221 706 Prosperi:
237 658 248 684 ι
266 637 336 694 Caro
349 639 409 709 ejus
424 648 466 696 est
489 658 569 711 quum
591 642 678 698 torma
692 644 770 714 panis
785 660 869 714 oper-

68 722 167 777 tamin
191 735 361 783 sacramento
381 729 537 801 accipimus.
562 731 625 787 Non
645 732 711 789 dicit
730 749 798 804 ergo
814 732 869 788 ior-

66 826 142 866 manr
156 812 235 885 panis
249 831 310 871 csse
322 831 435 877 carnem
446 819 545 875 Christi
554 820 596 875 vel
605 821 735 891 turmam,
746 821 870 891 sedope·

66 898 214 956 rimeotum
228 905 319 959 carnis
334 906 443 963 Christi.
460 929 472 956 n
491 909 567 965 Unda
581 909 662 965 etiam
673 910 700 964 in
712 910 765 966 tine
779 910 871 980 eujus·

67 988 133 1043 dam
148 989 239 1047 missis
253 999 346 1048 oratur
363 1003 390 1051 ιι
404 994 522 1052 ιιιιιιι;
538 1020 549 1046 a
567 997 709 1054 Perliciant
729 999 756 1054 in
779 1000 868 1069 nohis,

69 1077 199 1143 Domine,
218 1097 382 1153 quaesumus,
393 1092 619 1143 sacramentales
634 1088 706 1159 quod
721 1088 869 1154 continent,

67 1175 99 1222 ut
114 1167 188 1239 quod
211 1185 284 1226 nunc
303 1173 396 1243 specie
415 1173 547 1245 gerimus,
569 1191 660 1231 reram
685 1176 797 1232 veritate
821 1191 870 1233 ca-

67 1255 258 1329 piamusffl).
276 1283 287 1308 ι
308 1261 429 1318 Postulat
451 1264 552 1335 quippe
574 1265 702 1320 sacerdos
716 1273 745 1320 ut
768 1280 870 1335 corpus

68 1344 169 1401 Christi
183 1348 255 1418 quod
270 1349 321 1404 sub
335 1351 425 1421 specie
439 1353 518 1424 panis
542 1361 569 1410 et
592 1353 647 1409 vini
668 1370 740 1409 nune
757 1353 869 1426 geritur,

67 1433 218 1490 manifesta
232 1436 347 1502 visione,
361 1440 441 1495 sicuti
459 1457 554 1496 revera
569 1450 620 1509 est,
644 1441 806 1513 quandoque
821 1457 870 1499 aa·

68 1522 176 1594 piatur.
195 1525 234 1580 De
254 1541 308 1597 qua
323 1527 425 1584 risione
440 1529 608 1585 Dominusin
619 1531 872 1603 Evangeliosecun-

69 1612 276 1669 dumionnnem
288 1630 295 1670 :
308 1615 361 1683 Qui
368 1617 461 1689 diligit
470 1635 526 1689 me,
536 1620 695 1692 diligeturu
707 1623 791 1677 Putre
800 1636 870 1690 meo,

924 475 1014 523 tamen
1038 485 1100 527 rere
1124 475 1151 526 ιι
1170 472 1278 542 proprie
1297 489 1396 543 corpus
1420 472 1521 530 Christi
1538 484 1669 531 vocantur
1691 482 1718 530 ιι

923 556 1051 623 creditur,
1066 566 1199 629 quantum
1214 561 1249 616 ad
1274 561 1449 617 substantiam
1466 579 1547 634 quam
1562 564 1680 618 eontinet
1696 571 1722 618 et

923 644 950 699 in
966 660 1047 715 quam
1064 647 1140 717 panis
1159 658 1184 703 ιι
1198 649 1254 705 ιιιι
1270 650 1562 707 substantiaconrersa
1577 660 1627 707 est.
1644 651 1724 709 Unde

923 732 1059 789 Eusebius
1074 735 1229 791 Emissenus
1244 755 1250 790 :
1264 761 1275 784 a
1291 737 1360 794 Vere
1371 739 1452 794 unica
1461 744 1487 794 ιι
1503 740 1624 810 perlecta
1635 740 1722 794 hostia

924 820 978 878 tide
992 824 1162 890 estimanda,
1180 841 1233 881 non
1251 827 1351 897 specie,
1368 844 1419 884 nec
1443 830 1572 884 exteriori
1587 829 1725 885 censenda

923 912 994 977 visu,
1010 912 1058 967 sed
1075 913 1195 968 interiori
1214 913 1322 971 affectu.
1339 918 1405 972 Cum
1430 916 1505 972 enim
1529 918 1651 974 exterius
1670 933 1725 973 non

924 999 1047 1057 rideatur
1061 1001 1112 1056 nisi
1128 1003 1234 1073 species
1249 1005 1341 1074 panis,
1355 1005 1469 1060 interius
1485 1007 1611 1062 creditur
1625 1005 1724 1061 veritas

924 1089 1058 1144 llomiuici
1072 1091 1203 1161 corporis.
1223 1116 1234 1141 a
1252 1093 1296 1160 Et,
1313 1101 1342 1148 ιι
1357 1093 1394 1148 ιιι
1409 1096 1571 1167 Augustinus
1586 1095 1643 1164 (lib.
1653 1095 1725 1151 Sen-

923 1176 1066 1232 tentiarum
1083 1179 1227 1250 Prosperi),
1252 1182 1366 1254 sanguis
1390 1182 1490 1238 Christi
1511 1191 1560 1251 est,
1577 1200 1658 1256 quem
1673 1183 1724 1240 sub

924 1265 979 1319 vini
993 1266 1086 1337 specie
1101 1281 1134 1324 ιι
1147 1282 1247 1339 sapore
1261 1275 1398 1340 potamus.

1235 1382 1349 1440 CAPUT
1365 1385 1409 1442 vi.

926 1477 1002 1545 Quod
1017 1478 1146 1534 Christus
1161 1480 1191 1534 in
1202 1496 1276 1551 pune
1290 1481 1494 1537 sacramentali
1504 1498 1562 1537 non
1578 1483 1622 1538 itu
1631 1498 1724 1554 perso·

969 1549 1308 1621 nnlitersitimpanotus,
1320 1554 1392 1607 utin
1409 1554 1685 1609 curncincnrnnlna.

961 1635 1092 1705 Quamvis
1106 1644 1196 1693 autem
1216 1641 1573 1712 sacramentumsuperiusa
1588 1658 1618 1697 re
1633 1657 1724 1698 sacra·

69 1701 869 1780 ssissi‘ldl'lilssmeum·0²manifestabittl'mssllltltmilfflll·
886 1738 912 1799 Β
927 1725 1021 1792 ιιιιιιι,
1037 1733 1163 1798 tanquam
1186 1726 1275 1800 ligura
1298 1744 1312 1782 a
1334 1729 1459 1796 ueritate,
1484 1730 1549 1784 satis
1570 1730 1723 1785 distinctum

70 1804 128 1855 ιιι,
141 1792 200 1861 ιι).
216 1792 247 1846 Et
262 1791 297 1848 de
318 1792 371 1849 hoc
398 1795 496 1850 eodem
520 1804 688 1853 sacramento
716 1797 816 1870 legitur
843 1798 870 1853 in

70 1878 199 1949 passione
214 1881 285 1937 beuti
299 1883 431 1955 Dionysii,
447 1885 499 1954 cui,
512 1885 576 1940 dum
591 1902 698 1941 sacrum
714 1886 870 1958 mysterium

69 1967 222 2026 celebraret
242 1970 271 2026 in
293 1987 412 2039 carcere,
437 1974 560 2045 apparuit
584 1976 724 2041 Dominus,
749 1975 871 2048 dansque

68 2056 109 2111 illi
125 2065 219 2114 sancta
231 2059 300 2114 dixit
322 2079 328 2115 :
355 2083 364 2108 ι
383 2063 480 2133 Λιιιρι
504 2064 565 2128 ιιιι,
586 2065 668 2120 chare
690 2080 777 2131 maus,
798 2064 871 2135 quod

68 2161 136 2201 mox
150 2147 295 2218 complebo
311 2148 360 2204 tibi
376 2165 429 2204 una
444 2167 505 2205 cum
530 2151 608 2208 Patre
623 2168 695 2208 meo.
714 2175 725 2200 ι
744 2156 779 2208 hc
793 2153 816 2207 si
832 2152 871 2207 di-

67 2242 145 2291 ecret
162 2254 169 2291 :
189 2234 267 2306 Quod
283 2237 330 2292 tibi
345 2239 380 2294 do
395 2239 476 2295 modo
496 2240 524 2294 in
549 2241 657 2307 viatico,
682 2257 737 2296 non
760 2241 870 2297 mutabo

65 2322 94 2377 in
111 2325 236 2396 praemio,
253 2327 360 2382 uidem
382 2327 474 2396 aliud;
491 2330 540 2384 sed
561 2329 588 2383 id
608 2330 698 2400 ipsum
714 2331 868 2403 complebo,

65 2414 205 2484 meipsum
222 2416 411 2473 manifestans.

102 2523 172 2578 Cum
188 2523 272 2595 igitur
286 2524 412 2580 sacerdos
427 2525 499 2581 dicat
517 2533 684 2581 sacramenta
705 2541 758 2582 nun
770 2541 868 2597 corpus

63 2610 164 2666 Christi
179 2627 249 2676 esse,
266 2614 314 2669 sed
341 2613 367 2668 ιι
389 2631 420 2669 ιι
439 2615 590 2682 ιιιιιιιιι,
610 2629 662 2671 ιιι
681 2615 761 2670 etiarn
786 2614 870 2685 ipsius

61 2698 191 2770 corporis
207 2717 298 2755 verum
317 2702 444 2770 sormam,
460 2704 510 2758 sod
535 2703 721 2759 tantummodo
740 2703 869 2758 similitu·

63 2787 201 2844 dinarium
217 2789 336 2860 speciem
352 2801 379 2847 ιι
390 2790 560 2863 figurativam
569 2793 642 2847 illius
652 2792 724 2864 quod
738 2792 764 2846 in
777 2806 868 2847 rerum

61 2877 192 2943 veritate,
207 2877 235 2932 id
249 2886 288 2934 est
302 2878 329 2934 in
346 2895 412 2934 vera
426 2897 482 2935 sure
506 2881 634 2936 claritatis
656 2882 751 2951 specie
766 2894 867 2952 capere

61 2964 204 3021 desiderat
221 2984 227 3021 τ
243 2968 316 3038 quod
332 2969 412 3024 etiam
429 2969 561 3025 Dominus
576 2969 656 3025 beato
673 2969 804 3040 Dionysio
812 2984 866 3023 non

925 1815 968 1879 sit,
983 1824 1107 1870 errantes
1123 1823 1214 1871 tamen
1229 1816 1337 1888 quidem
1348 1817 1382 1874 de
1394 1818 1556 1890 quibusdam
1567 1827 1722 1875 sanctorum

925 1902 1026 1971 serbis,
1043 1903 1136 1960 dicunt
1151 1904 1188 1958 ιιι
1211 1905 1391 1975 personaliter
1415 1906 1442 1960 in
1466 1923 1536 1977 pane
1553 1907 1723 1979 impanatum
1826 1934 1829 1943 ·

925 1992 1071 2057 Christum,
1097 1991 1168 2048 sicut
1188 1993 1214 2047 iu
1237 2009 1319 2049 carne
1343 1993 1464 2050 humana
1487 1997 1666 2067 personaliter
1678 1996 1723 2050 in·

925 2087 1064 2136 ramatum
1079 2081 1166 2136 Deum
1182 2082 1248 2152 (ιι).
1265 2080 1333 2151 Quae
1348 2083 1545 2155 haeresisque
1560 2099 1632 2139 nova
1643 2084 1723 2140 etab-

924 2169 1007 2224 surda
1022 2176 1073 2236 est,
1090 2170 1240 2225 rationibus
1262 2180 1289 2225 ιι
1307 2172 1524 2238 auetoritatibus,
1550 2181 1630 2243 prout
1650 2172 1723 2226 Deus

924 2258 1093 2328 aspiraverit,
1115 2258 1245 2315 radicitus
1272 2268 1311 2315 est
1328 2260 1514 2332 exstirpanda.
1542 2261 1584 2315 Ex
1606 2261 1725 2333 qrradnm

923 2347 997 2401 enim
1012 2345 1187 2402 similitudine
1202 2346 1275 2402 beati
1290 2349 1435 2419 Augustini
1444 2348 1471 2402 in
1486 2348 1555 2403 libro
1570 2350 1723 2405 Sententia-

923 2452 985 2490 rum
1002 2436 1136 2507 Prosperi,
1153 2452 1230 2492 suam
1246 2440 1354 2491 sumunt
1368 2445 1395 2492 et
1418 2437 1567 2493 defendunt
1586 2438 1723 2507 heresim,

923 2539 978 2597 qua
993 2524 1078 2579 dicit:
1102 2548 1112 2573 u
1140 2523 1312 2581 Sacriticium
1339 2525 1467 2582 Ecclesia
1486 2526 1593 2581 duobus
1615 2525 1721 2595 cochei,

923 2611 1084 2682 duobusque
1098 2620 1222 2668 constare
1238 2613 1306 2669 sicut
1326 2628 1445 2684 persona
1463 2614 1560 2670 Christi
1575 2624 1682 2671 constat
1695 2624 1723 2671 et

922 2699 1106 2756 corrhsiturex
1131 2701 1188 2757 lico
1211 2709 1238 2756 et
1259 2700 1381 2756 homine.
1400 2724 1411 2750 a
1437 2703 1537 2758 Dicunt
1556 2704 1629 2760 enim
1649 2705 1721 2761 mele

922 2787 1120 2857 suhaudicndo,
1136 2789 1172 2845 ita
1190 2789 1371 2861 personaliter
1395 2790 1558 2848 sacrificium
1578 2793 1722 2862 Ecclesia»,

921 2877 949 2932 id
963 2876 1146 2933 estChristum
1161 2877 1188 2932 in
1210 2878 1291 2933 altari
1312 2878 1502 2945 sacrificatum,
1526 2880 1633 2937 dnobus
1652 2898 1722 2938 con-

920 2974 991 3022 stare
1006 2966 1034 3021 ιι
1049 2966 1148 3023 eadem
1163 2982 1289 3037 persona,
1312 2968 1380 3023 sicut
1400 2984 1515 3038 persona
1539 2970 1637 3040 Christi
1654 2986 1721 3027 eon·

58 3054 284 3125 perfectumesse
300 3056 328 3111 in
343 3058 469 3126 haesita,
495 3058 544 3113 sed
559 3058 586 3112 in
600 3058 651 3112 alia
673 3057 865 3127 complendum
921 3063 974 3110 stat
997 3071 1031 3111 ex
1046 3057 1104 3111 Deo
1126 3063 1152 3110 ιι
1170 3054 1292 3111 homine.
1317 3057 1345 3112 Si
1370 3063 1462 3111 autem
1487 3059 1634 3128 opponitur
1652 3059 1717 3125 illis,

59 3150 226 3210 ιιιιιιιιις
252 3146 392 3217 quomodo
413 3155 588 3203 sacramenta
614 3162 674 3217 quae
700 3145 817 3201 visibilia
836 3153 863 3202 et

879 3107 902 3171 C

896 3143 991 3216 'quod
1007 3145 1052 3199 illa
1068 3144 1264 3200 elementorum
1279 3143 1385 3215 species
1401 3160 1455 3200 non
1478 3146 1513 3199 sit
1534 3162 1596 3202 eum
1611 3148 1718 3204 Christo

58 3230 206 3286 mutabilia
220 3240 292 3297 sunt,
306 3240 388 3288 erunt
408 3250 500 3290 verum
522 3250 623 3306 corpus
643 3234 712 3304 ejus,
728 3235 771 3290 ιιι
797 3249 863 3290 reru
919 3248 973 3287 una
988 3249 1118 3304 persona,
1133 3234 1181 3289 sed
1195 3241 1296 3289 tantum
1316 3241 1517 3289 sacramentum
1541 3235 1600 3304 ojus
1614 3245 1719 3306 myste-

56 3318 167 3390 spacies
180 3321 301 3391 corporis
323 3321 404 3389 illius,
425 3323 452 3377 in
475 3338 528 3394 quo
546 3332 606 3394 post
626 3324 860 3379 resurrectionem
919 3323 987 3377 rium
1004 3331 1031 3378 et
1044 3321 1140 3394 figura,
1161 3336 1212 3377 ιιι
1227 3321 1266 3377 ιιι
1290 3319 1433 3388 desistunt,
1457 3321 1579 3378 dicentes
1596 3326 1663 3394 quia
1681 3325 1719 3380 ita
1811 3314 1814 3319 ’

54 3406 205 3463 invisibilis
218 3414 244 3463 et
259 3409 437 3465 immutabilis
451 3421 492 3466 est
506 3411 655 3466 Christus?
670 3411 748 3468 Unde
764 3413 859 3484 hugu-
917 3410 984 3467 dicit
995 3410 1090 3465 heatus
1102 3409 1258 3465 Ambrosius
1270 3408 1304 3463 ad
1315 3408 1484 3477 Gratianum,
1493 3411 1560 3467 sicut
1570 3411 1666 3468 dieitur
1676 3429 1718 3467 sa-

54 3496 146 3551 stinus
159 3504 254 3552 contra
273 3498 398 3553 Faustum
415 3498 473 3562 (lib.
490 3515 551 3564 ιιι,
572 3515 632 3570 cap.
651 3503 695 3567 ιι,
711 3508 730 3555 ι.
748 3500 817 3565 turi,
829 3517 856 3571 p.

54 3584 121 3649 32ll
138 3603 145 3640 :
164 3606 177 3634 ι
194 3583 265 3655 Quid
280 3586 352 3640 enim
366 3587 440 3641 aliud
464 3597 525 3642 sunt
548 3605 662 3660 quaeque
686 3597 857 3644 sacramenta

53 3674 218 3744 corporalia,
235 3674 285 3729 nisi
309 3675 385 3747 quasi
406 3676 532 3748 quaedam
555 3677 638 3731 verbu
659 3677 788 3742 visibilia,
808 3694 854 3733 sa·

52 3772 195 3819 cmssncta
204 3763 323 3836 quidem,
334 3773 360 3819 ιι
369 3773 460 3820 temen
469 3763 644 3821 mutabiliaet
653 3766 851 3835 temporabat.

51 3850 132 3906 Absit
145 3866 212 3922 ergo
233 3860 262 3907 ut
280 3852 434 3908 transitoria
460 3854 565 3924 species
587 3854 666 3925 panis
688 3860 716 3909 et
736 3854 803 3921 viui,
818 3854 853 3910 sit

51 3955 118 3995 vera
126 3940 278 3996 substantia
291 3943 334 3997 ιιι
350 3957 415 3997 vera
429 3945 536 4013 species
558 3942 734 3998 immutabilis
749 3958 850 4014 corpo·

50 4029 90 4087 rie
105 4030 215 4086 Christi.
233 4031 297 4098 Sed,
313 4033 336 4088 si
351 4033 498 4104 aliquando
512 4035 610 4091 dicitur
625 4049 724 4103 eorpus
739 4032 849 4101 Christi,

48 4119 234 4191 nuncupativa
248 4127 275 4175 ιι
290 4137 343 4176 ιιι
360 4138 422 4178 vere
433 4131 543 4195 oportet
556 4122 685 4194 intelligi.
701 4122 778 4177 Unde
792 4123 850 4176 Au-

48 4206 176 4279 gustinus
190 4207 224 4262 ad
239 4209 408 4264 bonifacium
427 4211 521 4282 (epist.
543 4214 589 4274 23,
606 4227 634 4267 n.
658 4211 685 4276 ι,
702 4217 720 4264 ι.
736 4209 771 4274 ιι,
792 4209 848 4264 ιιι.

47 4295 112 4363 teo)
129 4309 136 4350 :
155 4317 166 4345 a
184 4296 214 4352 si
237 4307 409 4354 sacramenta
431 4299 577 4368 quamdam
600 4297 805 4352 similitudinem
820 4296 848 4353 in

46 4398 143 4439 earum
158 4400 249 4440 rerum
271 4401 384 4457 quarum
409 4394 581 4443 sacramenta
604 4393 667 4463 sunt
689 4402 744 4442 non
759 4385 846 4442 habe·

916 3507 1085 3554 cremeutum
1103 3499 1236 3567 assumpti
1251 3497 1379 3565 hominis,
1396 3498 1436 3554 sic
1449 3499 1548 3554 dicitur
1562 3516 1714 3556 sacramen·

916 3593 970 3642 tum
986 3586 1120 3642 Dominioi
1139 3586 1268 3656 eorporis.
1294 3586 1326 3640 lit
1347 3586 1442 3642 beatus
1459 3587 1600 3654 Maximus,
1625 3589 1712 3644 Deum

914 3674 969 3731 sub
982 3675 1070 3730 carnis
1092 3675 1220 3747 mysterio
1241 3673 1411 3741 venientem
1433 3677 1553 3748 itemque
1574 3678 1604 3732 in
1618 3679 1712 3734 ιιιιιίι

913 3764 1057 3836 Scripturis
1071 3764 1170 3819 dicitur
1194 3765 1267 3820 Deus
1287 3772 1399 3835 opertus
1423 3766 1544 3820 humana
1566 3765 1652 3823 torma
1666 3767 1710 3823 vel

912 3853 1009 3925 ligura,
1026 3852 1092 3907 sicut
1108 3852 1231 3907 Christus
1244 3851 1273 3907 in
1296 3852 1385 3921 altari,
1410 3854 1487 3924 panis
1507 3855 1596 3909 forma
1615 3855 1658 3911 vel
1675 3855 1710 3910 sr-

910 3957 990 4012 gura.
1010 3941 1061 4011 Qui
1076 3956 1154 3997 error
1169 3940 1243 3996 nulla
1257 3940 1364 4014 quidem
1380 3949 1532 3998 sanctorum
1548 3945 1708 4000 auctoritate

909 4031 1043 4097 astruitur,
1060 4030 1108 4085 sed
1132 4046 1164 4086 ex
1189 4028 1352 4085 indifferenti
1376 4038 1403 4086 et
1425 4031 1576 4102 impropria
1591 4049 1707 4105 usurpa-

909 4117 980 4174 tione
996 4118 1138 4175 nominum
1157 4118 1200 4176 ιιι
1225 4118 1431 4173 similitudinum
1453 4121 1560 4192 concipi
1575 4122 1704 4178 videtur:

907 4206 1007 4281 quade
1024 4215 1194 4263 sacramento
1207 4215 1234 4262 ιι
1251 4223 1281 4262 re
1304 4208 1465 4263 sacramenti
1485 4209 1519 4263 ita
1545 4210 1705 4280 loquuntur,

906 4304 935 4350 ut
949 4311 1030 4367 prere
1044 4295 1268 4368 intelligentibus,
1285 4295 1362 4366 quasi
1384 4295 1412 4349 in
1437 4313 1520 4351 unum
1541 4299 1609 4367 quid
1629 4300 1704 4354 ucci-

905 4384 1024 4454 piantur.
1040 4383 1093 4439 Sed
1108 4399 1170 4440 cum
1185 4383 1284 4439 dicitur
1300 4402 1306 4439 :
1325 4402 1335 4435 r
1355 4384 1459 4455 Corpus
1483 4384 1581 4440 Christi
1597 4394 1638 4441 est
1653 4405 1703 4442 re-

44 4479 119 4538 rent,
135 4472 246 4529 omnino
257 4482 424 4530 sacramenta
438 4491 494 4530 non
515 4482 618 4530 essent.
637 4476 677 4530 Er
692 4476 743 4531 hec
758 4484 848 4531 autem
864 4475 890 4536 D
907 4473 974 4527 ritus
983 4479 1009 4528 et
1020 4470 1119 4545 ligura,
1131 4473 1253 4545 nunquid
1262 4487 1312 4544 pro
1322 4488 1376 4527 una
1388 4487 1503 4542 persona
1511 4474 1698 4545 accipiendum

46 4560 249 4618 simililitudine
261 4562 424 4635 plerumque
437 4564 556 4634 ipsarum
570 4580 662 4620 rerum
677 4566 788 4621 nomina
802 4580 846 4621 ac·

46 4649 164 4721 cipiunt.
181 4651 255 4707 Sicut
269 4668 338 4724 ergo
351 4654 500 4708 secundum
510 4653 656 4726 quemdam
672 4653 795 4720 modum,
805 4669 848 4708 sn-

46 4748 222 4796 cramentum
256 4741 377 4811 corporis
404 4741 513 4807 Christi,
544 4757 643 4812 corpus
670 4742 769 4797 Christi
796 4749 845 4809 est,

33 4838 248 4883 sacramentum
264 4829 409 4900 sanguinis
424 4830 536 4895 Christi,
551 4831 662 4902 sanguis
673 4829 772 4886 Christi
786 4834 846 4899 est;

47 4915 90 4971 sia
103 4924 301 4972 sacramentum
318 4917 382 4972 tidei
398 4917 467 4974 tides
483 4926 531 4973 est.
543 4919 583 4972 hc
597 4935 646 4989 per
654 4919 705 4975 hoc
716 4917 846 4990 parvulus

45 5003 94 5076 qui
108 5018 165 5061 non
180 5004 262 5060 habet
277 5004 338 5061 tidei
358 5005 495 5073 affectum,
522 5007 703 5077 respondetur
723 5007 845 5075 credere,

44 5100 73 5150 et
86 5091 169 5149 tidem
183 5093 292 5161 habere,
308 5103 419 5165 propter·
436 5093 496 5150 tidei
512 5104 720 5151 sacramentum.
744 5119 754 5143 ι

83 5180 114 5234 ιι
124 5180 335 5252 quonolandum
346 5181 845 5251 estsacramentumcorporisChristi,

43 5268 195 5326 meandum
213 5270 360 5341 quemdam
376 5271 497 5338 modum,
522 5269 550 5324 id
573 5278 615 5325 est
632 5268 847 5324 similitudinarie

46 5365 76 5415 el
90 5359 282 5430 nuncupative,
303 5373 357 5414 non
380 5359 489 5432 proprie
510 5375 610 5430 eorpus
630 5357 729 5414 Christi
744 5358 847 5428 vocari,

85 5481 142 5552 (ιι)
157 5479 283 5540 Sabbata
298 5487 419 5556 quatuor
437 5485 600 5556 Tenrporrtrn
617 5483 797 5556 Septembris.

903 4570 953 4624 est,
969 4585 981 4609 r
998 4561 1066 4616 sieut
1079 4577 1141 4617 sum
1155 4561 1254 4617 dicitur
1270 4579 1276 4615 :
1292 4584 1303 4608 ιι
1321 4561 1408 4616 Homo
1424 4569 1464 4616 ast
1480 4578 1580 4633 corpus
1599 4572 1624 4618 et
1638 4567 1698 4619 ani-

902 4650 970 4705 mo?
983 4673 994 4698 s
1009 4647 1110 4704 Similis
1125 4647 1234 4718 quidem
1251 4656 1291 4703 est
1305 4649 1493 4720 grammatica,
1510 4650 1558 4705 sed
1579 4666 1633 4706 non
1657 4653 1697 4707 si-

901 4736 973 4792 milis
986 4736 1177 4809 intelligentia.
1197 4737 1258 4792 Non
1280 4736 1354 4791 enim
1376 4737 1472 4792 dieitur
1486 4740 1558 4810 quod
1573 4741 1631 4796 haec
1646 4741 1699 4797 duo

901 4826 997 4880 sintin
1012 4841 1124 4896 corpore
1140 4824 1239 4881 Christi
1261 4824 1440 4895 personaliter
1454 4843 1537 4881 unum
1553 4828 1634 4894 ιιιιι,
1650 4829 1698 4886 sed

899 4914 937 4969 ιιι
951 4914 1089 4984 aequivoce
1103 4912 1199 4970 dicitur
1217 4929 1316 4983 corpus
1337 4913 1433 4969 Christi
1454 4916 1554 4971 veritas
1574 4926 1600 4972 et
1626 4917 1697 4990 tigu-

901 5017 943 5069 ra,
956 5002 1031 5074 quusi
1046 5002 1155 5058 detero
1169 5001 1279 5057 bomine
1301 5008 1327 5056 et
1350 5003 1423 5074 picto
1444 5003 1589 5073 diceretur,
1615 5008 1695 5063 homo

900 5090 998 5146 dicitur
1011 5093 1093 5147 homo
1108 5107 1190 5146 verus
1205 5098 1231 5146 et
1243 5090 1354 5162 pictura,
1372 5108 1527 5163 quanquam
1538 5093 1696 5151 familiarior

899 5179 933 5234 sit
948 5177 1033 5252 hguru
1043 5179 1121 5251 panis
1136 5195 1196 5235 cum
1212 5179 1327 5234 veritate
1350 5181 1472 5251 corporis
1488 5182 1596 5250 Christi,
1614 5201 1696 5255 quam

900 5268 1078 5341 picturarum
1102 5267 1211 5324 humine
1227 5285 1234 5321 :
1251 5283 1312 5324 oum
1334 5283 1388 5323 non
1412 5268 1500 5324 solum
1521 5281 1698 5342 representet

901 5365 930 5412 ιι
942 5364 1149 5427 sacramentum,
1166 5355 1214 5413 sed
1229 5355 1318 5428 ipsum
1334 5356 1415 5412 eliam
1428 5357 1574 5427 contineat,
1591 5370 1617 5416 et
1632 5362 1698 5416 snb-

905 5561 915 5608 t
937 5483 993 5552 (ιι)
1008 5482 1116 5540 Lutheri
1132 5488 1157 5538 et
1171 5481 1387 5539 Lutbcranorum
1409 5483 1518 5540 heresis
1536 5485 1698 5560 perstringi-

916 5571 958 5611 ur.
