3728 6000
56 213 112 273 993

576 209 703 269 thaat.
724 211 1072 271 perduceremus
1095 212 1262 271 Patalen.

1717 221 1769 277 aet

59 343 88 396 et
98 334 886 412 tanquamignei,videbantursuperquorumdampe
904 340 928 395 Α
943 338 1045 396 ferreis
1060 343 1089 395 et
1104 338 1200 409 igneis
1215 342 1300 397 erant
1314 339 1770 418 undiquecircumseptiinqui·

58 424 888 501 ctorasedere,etroslrasuadelormiainfigenles,quasi

58 530 162 573 eorum
178 514 271 572 corda
279 519 458 572 conarentur
468 515 633 573 extrahere.
648 519 804 574 Daemones
814 533 890 591 prae·

59 608 140 661 terea
153 603 228 659 inter
238 608 361 676 etsuper
370 618 422 660 eos
430 603 618 672 cursitantes,
635 610 662 662 et
672 604 776 676 flagris
789 621 889 680 asper-

58 693 144 749 rimis
163 693 322 763 cardentes,
338 693 465 749 miseros
482 693 611 762 graviter
625 693 822 752 cruciabant:
836 695 889 752 ho-

59 782 158 838 mines
171 786 272 837 antem
287 781 329 837 sic
349 780 400 837 lixi
418 785 447 837 et
461 779 572 848 afflicti,
593 798 612 841 a
630 782 702 840 fletu
723 788 751 840 et
775 782 889 856 ejulatu

60 885 219 944 nunquam
233 870 404 927 cessabant.
421 871 522 928 Finem
539 870 673 928 similiter
684 872 776 944 hujus
790 871 889 945 campi

59 975 123 1033 prae
137 958 326 1030 longitudine
338 958 439 1015 videre
453 975 516 1016 non
531 959 639 1033 potuit,
655 960 708 1017 sed
727 965 844 1019 lantum
858 962 889 1018 in

60 1047 217 1105 latitudine
242 1062 305 1122 qua
329 1047 451 1104 intravit
467 1052 496 1105 et
510 1048 622 1105 exivit:
642 1048 673 1106 in
688 1053 890 1107 transversum

61 1136 143 1194 enim
158 1152 285 1210 campos
301 1136 512 1209 pertransibat.
529 1140 596 1194 llaec
612 1138 763 1212 (inquiunt
775 1139 890 1197 daemo-

60 1227 130 1297 nes)
146 1228 374 1298 tormentaque
386 1224 472 1282 vides
486 1226 617 1299 patieris,
628 1227 686 1284 nisi
696 1228 785 1285 nobis
801 1234 832 1284 ut
846 1244 890 1286 re·

59 1315 186 1373 vertaris
218 1315 395 1373 assenseris.
417 1315 553 1389 Cumque
575 1332 628 1374 eos
648 1317 888 1392 contempsisset,

60 1403 162 1461 conati
178 1410 257 1470 sunt,
279 1404 355 1461 sicut
373 1409 402 1461 el
421 1405 567 1479 superius,
583 1406 676 1463 clavis
695 1422 764 1465 eum
784 1407 889 1478 inlige-

943 428 1000 485 bus
1014 429 1152 485 homines
1164 429 1248 485 infixi
1275 429 1456 502 pendebant.
1479 431 1571 502 liujus
1586 438 1685 490 autem
1698 440 1769 493 rotae

943 517 1087 574 medietas
1102 534 1221 575 sursum
1235 518 1265 574 in
1281 535 1349 575 aere
1359 518 1468 589 stabat,
1482 518 1540 576 aliu
1553 520 1584 576 in
1600 526 1676 580 terra
1686 522 1771 581 deor-

945 621 1014 662 sum
1028 606 1239 677 mergebatur:
1254 607 1379 665 llamma
1392 624 1462 665 vero
1479 609 1542 665 tetri
1557 610 1771 685 sulphureique

943 694 1083 760 incendii,
1099 711 1164 768 quae
1177 696 1215 753 de
1231 700 1308 753 terra
1323 697 1402 754 circa
1416 702 1513 753 rotam
1529 699 1672 768 surgebat
1685 700 1717 757 in
1735 717 1772 759 ea

943 783 1108 856 pendentes
1135 785 1301 841 miserrime
1328 786 1495 859 torquebat.
1525 789 1601 858 llaec,
1632 788 1772 862 inquiunt

944 873 1107 942 daemones,
1122 890 1191 946 quas
1209 873 1256 929 isti
1266 874 1430 946 patiuntur,
1447 875 1577 947 patieris,
1594 877 1651 933 nisi
1665 879 1773 936 reverti

943 962 1268 1037 volueris,quaelamen
1279 963 1405 1020 tolerant
1417 964 1500 1037 prins
1509 964 1634 1022 videbis.
1650 966 1772 1024 Ministri

944 1050 1034 1122 igitur
1048 1051 1177 1108 Tartarei
1191 1066 1227 1108 ex
1246 1058 1373 1123 utraque
1388 1057 1472 1124 parte
1487 1051 1535 1108 alii
1555 1058 1659 1111 contra
1685 1054 1771 1122 alios,

944 1144 1043 1198 vectes
1056 1140 1167 1197 terreos
1183 1140 1260 1197 inter
1272 1145 1345 1197 rotas
1358 1141 1459 1198 radios
1474 1141 1687 1214 impingentes,
1703 1159 1770 1202 eam

944 1228 1772 1304 tantaagililaterotabant,utineapendenliumnullum
1855 1224 1862 1231 ’

945 1319 1069 1375 omnino
1083 1318 1123 1375 ah
1138 1318 1197 1375 alio
1210 1319 1501 1392 possetdiscernere,
1513 1319 1587 1392 quia
1601 1336 1663 1395 prae
1677 1321 1773 1380 nimia
1850 1379 1853 1384 .

944 1422 1050 1464 cursus
1064 1406 1221 1479 celeritate,
1233 1411 1379 1479 tanquam
1395 1407 1638 1478 circulnsigneus
1648 1426 1774 1484 appare·

58 1510 104 1559 re,
120 1493 175 1551 sed
188 1494 291 1552 audito
308 1495 415 1552 Christi
425 1496 547 1552 nomine
560 1495 633 1552 nihil
645 1496 776 1570 amplius
788 1501 891 1570 potue-
944 1496 1004 1553 bat.
1025 1498 1158 1569 Cumque
1184 1497 1351 1567 jactassent
1375 1512 1445 1553 eum
1460 1512 1551 1570 super
1572 1504 1679 1565 rotam,
1701 1505 1730 1557 et
1741 1501 1772 1557 in

60 1587 142 1640 runt.
944 1600 1045 1643 aerem
1071 1585 1197 1642 rotando
1219 1584 1378 1651 levassent,
1404 1586 1544 1643 invocato
1566 1589 1634 1643 lesu
1649 1588 1772 1646 nomine

96 1675 142 1729 47.
156 1672 757 1740 Transeunteslndc,duxeruntdasmones
764 1676 889 1734 militem
904 1700 927 1755 Β
944 1673 1100 1732 deseendit
1111 1674 1233 1731 illesus.

59 1761 92 1819 in
108 1760 227 1819 tertium
240 1761 393 1835 poenalem
413 1778 568 1836 campum.
583 1767 639 1822 late
658 1766 748 1823 etiam
763 1782 890 1839 campus
981 1766 1025 1820 50.
1042 1763 1238 1821 procedentes
1256 1762 1334 1830 inde,
1352 1767 1504 1821 traxerunt
1517 1780 1588 1822 eum
1603 1781 1707 1824 versus
1720 1767 1774 1826 du·

59 1849 235 1908 hominibus
250 1851 407 1923 utrimque
420 1867 518 1919 serus,
530 1856 558 1910 et
570 1854 665 1911 aetatis
676 1854 813 1923 diversae,
829 1858 892 1913 erat
945 1869 1030 1911 mum
1044 1868 1135 1909 unam
1148 1852 1294 1923 grandem
1307 1852 1485 1911 horribiliter
1498 1852 1708 1927 fumigantem,
1723 1872 1774 1914 cu·

60 1938 198 2007 refertus,
213 1940 266 2013 qui
285 1939 327 1997 ita
341 1940 372 1997 in
391 1944 502 1998 terram
518 1942 611 2000 clavis
626 1942 727 2001 ferreis
739 1943 891 2002 candenti·
943 1941 992 2014 jus
1007 1941 1132 1999 latitudo
1150 1941 1245 1998 nimia
1260 1940 1327 2009 tuit,
1341 1942 1496 2013 longitudo
1510 1958 1579 2001 vero
1594 1949 1678 2003 unta
1691 1949 1726 2003 nt
1738 1944 1774 2005 il·

60 2029 180 2103 busque
192 2028 245 2086 lixi
248 2028 398 2101 jacebant,
411 2034 445 2087 ut
458 2046 519 2104 prm
531 2031 892 2102 multitudineclamorum
945 2031 1072 2089 liusnon
1083 2030 1327 2106 potueritullima
1340 2032 1443 2089 videre
1455 2050 1464 2105 ;
1479 2039 1659 2092 cumautem
1673 2034 1774 2092 adhuc

59 2133 81 2176 a
94 2117 265 2176 summitate
275 2118 382 2191 capitis
391 2134 487 2194 usque
500 2116 540 2176 ad
553 2120 664 2191 digitos
674 2121 797 2195 pedum,
806 2122 890 2180 locus
946 2119 1257 2195 aliquantulumabea
1266 2120 1422 2191 distarent,
1431 2122 1773 2198 proenimiocalore,qui

60 2221 177 2265 vacuus
186 2222 249 2264 non
263 2206 456 2275 inveniretur,
469 2213 602 2282 quantus
614 2209 698 2281 digili
709 2211 797 2268 unius
811 2226 893 2268 sum·
945 2209 1015 2266 inde
1027 2209 1137 2277 exibat,
1154 2208 1298 2276 subsistit,
1319 2210 1480 2281 procedere
1495 2211 1675 2272 formidans.
1689 2211 1774 2271 Dixe-

61 2296 167 2354 mitate
173 2301 332 2370 tegeretur.
340 2297 391 2353 lsti
398 2312 501 2355 vocem
508 2298 548 2356 ad
558 2298 754 2357 clamandum
761 2299 892 2359 formare
943 2303 1015 2355 runt
1028 2297 1117 2369 igitur
1126 2297 1153 2355 ei
1162 2297 1316 2356 daemones
1327 2298 1500 2356 :Balnearia
1511 2303 1582 2356 sunt
1595 2316 1663 2373 quas
1675 2300 1772 2367 vides,

61 2385 660 2461 poteranl,sedsicuthominesquimorti
671 2389 800 2462 proximi
811 2393 890 2458 snut,
944 2385 1028 2456 velis,
1043 2386 1131 2454 nolis,
1146 2386 1216 2442 illuc
1239 2402 1335 2459 nsque
1349 2386 1558 2460 progrediens,
1574 2403 1643 2445 cnm
1659 2389 1773 2447 ceteris

61 2474 106 2534 ita
117 2490 224 2533 vocem
242 2474 426 2534 emittebant.
440 2476 517 2533 Nudi
529 2477 621 2535 etiam
631 2476 689 2544 isli,
699 2477 778 2537 sicut
790 2482 820 2536 et
833 2494 892 2536 ore·
943 2475 974 2532 in
990 2475 1032 2532 eis
1043 2475 1192 2533 lavaberis
1206 2491 1215 2546 ς
1231 2481 1386 2548 coeperunt
1399 2481 1499 2534 antem
1510 2477 1548 2534 du
1557 2476 1650 2535 domo
1658 2476 1708 2535 illa
1719 2477 1776 2535 mi·

62 2564 119 2622 teri
130 2564 320 2637 videbantur,
334 2567 456 2622 alvento
468 2564 587 2637 frigido,
601 2581 637 2625 ao
647 2571 760 2634 urente,
774 2566 891 2639 flagris·
944 2564 1059 2622 eerrimi
1079 2565 1166 2622 lictus
1189 2563 1299 2630 audiri,
1326 2569 1356 2621 et
1369 2564 1518 2639 planctus.
1534 2565 1724 2624 introductus
1742 2566 1774 2624 in

60 2653 308 2726 quadromonum
318 2654 537 2712 cruciabantur.
552 2657 686 2730 Cumque
698 2656 888 2729 militemhie,
943 2653 1774 2729 domum,viditduramvisionemethorridamsiquidem

63 2743 141 2800 sicut
155 2742 186 2799 in
199 2742 265 2800 aliis
278 2742 374 2814 poenis
391 2742 546 2801 daemones
557 2748 695 2819 torquere
714 2745 887 2814 voluissent,
943 2742 1773 2819 donuspavimentumtossisrotundissratptmum,quss

61 2846 176 2890 nomen
191 2830 299 2889 Christi
310 2831 468 2898 invocavit,
488 2837 517 2890 et
530 2831 642 2889 illaesus
657 2835 812 2892 remansit.
942 2835 1000 2892 sibi
1014 2835 1143 2891 invicem
1158 2834 1199 2890 ita
1219 2832 1411 2903 cohaerebant
1424 2837 1457 2890 ut
1478 2834 1528 2890 vix
1547 2833 1622 2891 inter
1646 2849 1709 2906 eas,
1722 2838 1774 2892 aut

96 2921 143 2978 48.
152 2919 891 2998 Dehincmilitemtrahentesperveneruntinquar·
942 2922 1154 2980 nullatennsiri
1166 2923 1323 2995 potuisset.
1336 2924 1425 2978 Erant
1434 2926 1536 2979 autem
1549 2922 1639 2980 lossae
1648 2922 1773 2997 singula

59 3015 128 3067 tum
138 3025 281 3084 campum
293 3010 393 3068 multis
401 3011 523 3083 ignibus
534 3011 669 3085 plenum,
677 3011 709 3069 in
719 3015 889 3086 qnoomnia
905 3053 925 3110 C
942 3012 1069 3070 metallis
1082 3011 1217 3083 diversis,
1230 3027 1266 3069 ac
1283 3010 1451 3084 liquoribus
1463 3011 1648 3068 ferventibus
1665 3012 1772 3085 plenae,

60 3115 175 3172 genera
189 3100 311 3157 inventa
321 3104 389 3157 sunt
405 3104 634 3161 tormentorum.
654 3100 708 3158 Alii
724 3105 888 3176 suspende·
941 3101 1096 3175 inquibus
1119 3100 1272 3173 utriusque
1288 3116 1378 3157 sexus
1401 3105 1429 3157 et
1443 3101 1539 3156 relatis
1559 3101 1682 3157 diversae
1698 3116 1774 3158 mer·

58 3189 173 3247 bantur
192 3189 305 3247 catenis
323 3189 417 3262 igneis
436 3205 490 3264 per
505 3190 607 3264 pedes,
624 3190 673 3249 alii
691 3206 745 3264 per
764 3208 887 3265 manus,
941 3190 1067 3262 gebatur
1076 3189 1236 3247 hominum
1245 3188 1405 3245 multitudo
1419 3204 1480 3245 non
1488 3189 1773 3263 minima;quornm

62 3276 114 3334 alii
127 3292 182 3350 per
196 3277 332 3350 capillos,
347 3278 397 3336 alii
412 3294 466 3351 per
478 3278 609 3348 brachia,
623 3278 673 3337 alii
685 3281 834 3354 capitibus
847 3282 888 3339 ad
940 3279 992 3337 alii
1005 3278 1220 3337 eranlomnlno
1231 3277 1376 3345 immersi,
1393 3276 1442 3333 alii
1452 3292 1546 3349 nsque
1554 3277 1593 3334 ad
1601 3277 1771 3350 supercilia,

64 3365 129 3423 ima
140 3367 233 3422 versis
244 3366 590 3440 etsulpbureisllammis
601 3367 888 3428 immersisdliiun·
941 3367 991 3424 alii
1007 3367 1046 3424 ad
1067 3366 1182 3434 oculos,
1203 3364 1253 3422 alii
1267 3365 1308 3422 ad
1322 3364 1412 3429 labia,
1430 3364 1480 3421 alii
1509 3365 1548 3421 ad
1567 3365 1654 3434 eolla,
1670 3365 1719 3423 alii
1733 3366 1773 3423 ad

62 3452 175 3526 guibus
187 3454 369 3527 pendebant,
385 3456 468 3512 uncis
484 3456 584 3515 terreis
600 3457 668 3514 lixis
683 3457 826 3526 inoculis,
839 3460 888 3517 vel
940 3461 1055 3529 pectus,
1072 3455 1121 3512 alii
1136 3454 1176 3512 ad
1188 3453 1377 3520 umbilicum,
1398 3453 1448 3510 alii
1464 3454 1501 3509 ad
1517 3453 1641 3521 femora,
1663 3453 1713 3511 alii
1732 3454 1773 3512 ad

59 3543 197 3611 auribus,
216 3543 263 3601 vel
281 3544 432 3611 faucibus,
445 3545 493 3603 vel
506 3544 641 3615 naribus,
653 3545 697 3604 vel
713 3549 886 3606 mammillis
942 3559 1051 3617 genua,
1060 3544 1110 3601 alii
1120 3544 1161 3602 ad
1172 3542 1271 3611 tibias,
1282 3543 1402 3599 alliano
1413 3544 1623 3615 pedetentum,
1634 3543 1684 3599 alii
1696 3547 1774 3602 ulra·

60 3638 114 3690 aut
127 3631 317 3702 genitalibus.
328 3632 888 3708 aliiquasisupersartagincsureban-
941 3651 997 3707 que
1012 3649 1114 3702 manu,
1125 3633 1173 3690 vel
1188 3648 1248 3689 una
1263 3633 1476 3689 tantummodo
1490 3632 1521 3688 in
1537 3632 1678 3689 caldariis
1693 3639 1774 3690 tenc·

58 3720 184 3779 lunelli
194 3721 428 3794 verubusigneis
439 3723 570 3780 transfixi
584 3724 623 3781 ad
632 3724 887 3797 ignemassaban·
941 3721 1397 3795 banturditomnespraedoloris
1407 3721 1546 3792 angustia
1556 3720 1771 3794 vociferabant,

58 3814 119 3876 tur,
132 3825 211 3882 quos
221 3809 396 3867 damonum
403 3810 450 3868 alii
462 3813 678 3881 verteruntalii
690 3814 815 3872 diversis
827 3830 889 3873 me·
941 3816 970 3868 et
983 3810 1192 3868 miserabiliter
1209 3809 1332 3867 flebant.
1350 3812 1433 3877 Ecce,
1446 3809 1586 3882 inquiunt
1605 3809 1772 3878 daemones,

59 3896 138 3955 taliis
151 3897 385 3972 liquescentibus
399 3901 787 3971 deguttaverunt-Necinter
800 3904 888 3962 fletus
942 3915 1010 3957 cnm
1026 3900 1088 3958 istis
1107 3899 1234 3966 lavabis,
1254 3898 1511 3971 sublevantesque
1528 3897 1653 3957 militem
1673 3899 1773 3957 conati

59 3986 186 4043 miseros
200 3987 262 4059 etej
267 3987 365 4045 alatus
373 3989 594 4057 universorum,
603 3989 777 4049 daemonnm
791 3997 888 4051 trans·
941 3995 1013 4046 sunt
1022 4005 1092 4047 enm
1106 3990 1137 4045 in
1151 4003 1245 4045 unam
1259 3987 1413 4045 fossarum
1429 3987 1585 4060 projicere.
1595 3987 1653 4044 Sed
1669 3987 1772 4046 audito

59 4075 244 4133 canentium
270 4075 391 4147 flagella
420 4078 588 4136 defuerunt.
617 4079 662 4138 lbi
695 4081 785 4139 etiam
813 4081 889 4139 vidit
941 4077 1047 4136 Christi
1061 4077 1194 4144 nomine,
1207 4076 1330 4134 ulterius
1344 4091 1406 4133 uon
1425 4077 1657 4149 praevaluerunt.

58 4164 208 4237 quosdam
219 4165 257 4222 de
273 4166 335 4221 suis
350 4167 506 4239 quondam
522 4168 610 4225 sociis
625 4172 654 4226 et
667 4184 719 4226 eos
734 4171 886 4241 cognovit
976 4172 1020 4224 5¹.
1034 4167 1214 4224 decedentes
1228 4171 1329 4223 autem
1351 4181 1370 4222 a
1393 4166 1486 4223 domo
1507 4166 1557 4222 illa
1579 4171 1773 4239 perrexerunt

59 4254 886 4333 Omniageneratormcntorum,quaeexcogitaripossunr,
940 4256 971 4313 in
986 4261 1120 4313 montem
1135 4255 1297 4318 excelsum,
1312 4258 1343 4328 qt
1356 4254 1554 4310 ostenderunt
1568 4254 1596 4310 ei
1615 4255 1780 4327 utriusque,

56 4342 103 4401 ihi
124 4343 186 4399 visa
203 4349 292 4402 sunt:
310 4344 456 4403 clamores
478 4353 507 4404 et
521 4348 650 4419 ejulatus
664 4363 740 4422 quos
761 4350 885 4419 audivit,
941 4344 1224 4411 hominesveloelallss
1235 4342 1361 4400 ditm&
1372 4342 1593 4399 lnuliiissdissem
1604 4342 1769 4415 00Pi0⁸⁸m0

57 4431 547 4508 nullasufficitliuguaerprimere.
556 4438 588 4493 lli
598 4441 699 4494 autem
713 4439 812 4512 campi
825 4454 887 4497 non
903 4406 926 4460 D
941 4434 1166 4507 comparatione
1178 4448 1308 4507 quorum
1319 4432 1409 4504 pauci
1422 4430 1602 4488 videbantur
1611 4430 1638 4487 ei
1650 4446 1768 4498 omnes,

58 4521 159 4579 solum
178 4525 314 4581 cruciatis
338 4525 522 4591 hominibus,
546 4525 596 4582 sed
613 4528 702 4585 eham
717 4529 888 4588 excrucian·
940 4538 1018 4595 quos
1031 4527 1101 4580 anie
1116 4522 1240 4588 viderat,
1254 4536 1359 4578 omnes
1372 4519 1446 4576 nudi
1460 4519 1607 4577 sedebam
1621 4535 1712 4593 super
1726 4519 1770 4575 di·

56 4610 318 4685 libusplenierant
328 4614 529 4688 daemonibus.
543 4614 887 4690 Hoectinquiuntdssmo-
941 4612 1019 4683 gitos
1030 4611 1151 4668 curvati.
1161 4611 1193 4667 lli
1206 4609 1294 4683 quasi
1305 4614 1434 4666 mortem
1447 4624 1517 4665 cum
1529 4612 1656 4665 tremore
1668 4612 1769 4681 postu·

55 4699 123 4769 nes)
134 4704 282 4759 tormenta
297 4703 429 4775 patieris,
440 4703 497 4761 uisi
511 4704 551 4761 ad
565 4709 684 4778 portam
698 4721 761 4780 qua
771 4707 885 4766 intrasti
939 4700 1045 4768 lantes,
1058 4715 1163 4756 versus
1177 4698 1352 4772 aquilonem
1365 4697 1555 4755 incedebant.
1566 4698 1699 4770 Cumque
1714 4697 1769 4753 mi·

54 4787 154 4846 redire
172 4789 312 4848 volueris.
323 4793 456 4858 Quorum
471 4791 569 4850 minas
582 4793 745 4867 vilipendit,
761 4801 790 4854 et
803 4797 886 4855 invo
939 4792 1056 4846 veretur
1070 4785 1166 4853 mites,
1181 4788 1254 4861 quta
1267 4789 1333 4844 haec
1347 4788 1457 4843 misera
1468 4786 1628 4843 mullitudo
1642 4791 1768 4859 presto·

55 4882 125 4936 cato
145 4878 251 4936 Christi
266 4881 388 4939 nomine
407 4882 482 4940 liber
496 4883 600 4943 evasit.
939 4878 1147 4944 leretur,unus
1156 4876 1328 4933 demonum
1341 4876 1382 4933 ait
1391 4875 1431 4933 ad
1441 4890 1511 4932 enm
1523 4893 1529 4931 :
1543 4877 1625 4932 Forte
1636 4874 1766 4941 mnaris,

379 4973 490 5028 CAPUT
508 4974 564 5028 vll.
939 4966 1013 5041 quid
1026 4970 1188 5023 tantocum
1202 4964 1444 5038 timorepopnlus
1457 4965 1505 5021 hic
1517 4968 1684 5037 exspectat;
1696 4962 1766 5028 nisi,

53 5065 100 5122 De
112 5070 180 5122 rora
190 5065 289 5137 aquea,
303 5068 389 5124 domo
402 5069 581 5140 summme,
597 5078 698 5128 mom„
715 5074 841 5138 excerso,
856 5077 886 5130 ,ι
938 5055 1027 5113 nobis
1044 5053 1234 5113 consentiens
1246 5054 1352 5110 reverti
1363 5053 1505 5119 volueris,
1518 5053 1603 5121 scies,
1615 5052 1689 5126 quid
1704 5059 1767 5111 tam

90 5136 216 5207 flumine
234 5138 430 5210 [rapidissimo
442 5141 483 5198 ad
501 5141 581 5214 quod
594 5143 742 5202 daemones
762 5144 885 5202 mititem
938 5143 1157 5204 tremebundus
1167 5145 1328 5214 exspectat.
1338 5143 1388 5199 Vix
1399 5142 1518 5200 damon
1533 5142 1623 5200 verba
1631 5143 1766 5210 liniebat,

91 5212 266 5266 ’ΨΜ
938 5239 967 5292 et
981 5249 1049 5291 ecce
1063 5236 1171 5291 ventus
1191 5230 1318 5288 turbinis
1337 5231 1377 5287 ab
1392 5232 1532 5304 aquilone
1547 5233 1696 5299 veniebat,
1712 5232 1766 5307 qul

89 5314 136 5371 te.
156 5313 202 5372 th
214 5314 263 5373 illo
286 5331 359 5387 ergo
373 5318 484 5390 poenali
505 5320 572 5378 loco
586 5321 740 5380 daemones
759 5321 884 5381 militem
938 5328 966 5382 et
984 5322 1067 5397 ipsos
1081 5322 1247 5387 daemones,
1262 5324 1291 5376 et
1311 5334 1381 5375 cum
1396 5320 1440 5376 eis
1455 5319 1590 5391 militem,
1608 5327 1765 5394 totumque

52 5401 250 5476 impellentes,
268 5407 409 5480 apparuit
423 5412 491 5465 anie
500 5424 552 5466 eos
567 5410 721 5468 rotamirae
736 5411 884 5484 magnitu·
937 5412 1084 5488 populum
1095 5410 1181 5468 illum
1195 5408 1331 5482 arripuit,
1344 5412 1373 5466 et
1385 5408 1417 5465 in
1430 5407 1586 5482 quoddam
1599 5411 1712 5467 tlumen
1725 5410 1766 5468 le·

51 5490 137 5551 diuis
154 5492 251 5552 terrea
269 5501 298 5553 et
322 5496 426 5567 ignita,
443 5500 528 5571 cuijus
551 5500 626 5557 radii
642 5503 670 5558 et
683 5500 785 5558 canthi
797 5502 883 5559 uncis
937 5502 1033 5560 tidum
1048 5517 1084 5559 ac
1099 5497 1337 5572 frigidissimum,
1353 5496 1384 5554 in
1398 5497 1490 5555 ulium
1506 5499 1617 5555 montis
1635 5504 1762 5573 partam,
