3704 6000
67 112 117 176 aar

462 110 524 171 tra.
545 113 592 171 ne
606 77 856 171 rossemanum
871 104 914 169 ar·
928 107 1090 173 tusrrrn.
1114 147 1149 157 -
1166 117 1252 177 rans
1269 114 1313 174 ru.

1665 126 1717 181 96⁶2

66 242 246 306 submotum
263 241 287 296 si
308 247 417 298 secutus
441 246 492 307 est,
516 238 678 296 adulationis
700 243 752 306 est,
774 239 864 310 potius
879 239 908 301 Α
922 238 1054 311 dignitate
1070 256 1175 314 regum,
1190 250 1280 298 tamen
1295 244 1454 315 presulibus
1466 245 1617 303 animarum
1631 249 1718 307 devo·
1765 248 1768 261 ¹

65 349 151 402 quarn
167 331 296 404 legitimae
311 330 473 386 sanctionis.
496 351 506 377 r

67 431 134 486 Car.
142 429 235 484 LXVI.
248 430 323 498 Quod
333 429 408 484 nlius
418 442 475 483 non
483 427 563 484 debet
571 428 722 496 absoluere,
730 428 788 483 nisi
796 428 871 484 idem

213 501 261 573 qai
277 502 358 570 tipat,
371 500 511 569 nielforte
526 515 562 554 ee
577 512 726 554 consensa.

105 598 246 669 (tracti,
268 597 308 652 lle
330 597 421 652 anath.
447 595 608 665 vinculo.)«
635 595 664 650 Si
689 595 868 667 precesserit,

67 682 202 740 doceatur
211 696 227 737 a
237 679 335 751 quibus
345 679 388 734 vel
396 679 440 734 ille
448 678 517 734 ordo
527 677 562 732 sit
572 685 674 750 gestus,
686 678 710 732 si
720 679 869 734 secundum

66 771 199 829 Ecclesiae
215 768 336 842 regulam
350 767 514 836 celebratus,
530 765 552 821 si
567 782 583 822 a
599 775 711 837 paterna
725 766 870 823 traditione

65 858 248 933 protectus,si
263 857 609 929 synodalicongregatioue
624 855 790 922 celebratus,
802 855 825 910 si
835 857 869 911 ad

65 949 184 1021 primam
196 947 288 1003 sedem
304 945 383 1015 cujus
397 944 525 1000 intererat
539 944 689 1011 sententia,
698 961 752 1016 qua
772 945 869 1000 Petrus

65 1038 209 1094 tenebatur
223 1036 348 1091 astrictus
364 1033 524 1105 regulariter
538 1033 652 1100 relatus,
663 1032 686 1087 si
701 1033 796 1088 eadem
807 1049 868 1103 quae

65 1123 307 1199 ligarit,sbsolvit,
320 1123 363 1179 vel
371 1123 393 1177 si
402 1123 449 1177 itta
461 1138 521 1192 qnae
531 1121 660 1194 ligaverat
669 1137 721 1176 non
732 1122 867 1190 solvente,

65 1216 123 1270 imo
137 1214 288 1280 nesciente,
303 1213 392 1283 potuit
401 1210 515 1267 absolvi.
527 1211 555 1266 Si
566 1211 624 1266 brec
633 1220 712 1282 gesta
727 1227 783 1266 non
793 1219 864 1280 sunt,

64 1320 121 1376 quo
137 1319 224 1364 more.
240 1301 360 1374 querito
378 1301 473 1356 Petrus
485 1299 680 1354 Alexandrinus
691 1300 867 1370 praetenditur

64 1393 215 1458 absolutus,
240 1407 302 1446 cum
325 1406 374 1445 nec
398 1405 414 1444 a
435 1387 608 1459 pontificibus
624 1387 755 1460 legitime,
777 1404 828 1445 nec
850 1404 866 1443 a

63 1481 158 1538 saeculi
178 1487 308 1552 potestate
329 1477 447 1550 potuerit
460 1487 559 1549 praeter
579 1477 710 1533 Ecclesiae
729 1477 865 1532 tramitem

62 1586 180 1643 prorsus
194 1568 319 1624 absolvit
336 1592 348 1616 t>
875 1595 902 1656 B

63 1671 131 1725 can.
149 1664 261 1723 txvtt.
283 1665 358 1735 Quod
372 1665 494 1791 trasberilnr
507 1662 681 1736 asperiorem
696 1679 754 1721 non
769 1668 861 1737 potest

391 1754 406 1792 n
426 1752 455 1791 sn
471 1752 542 1791 nere.

100 1837 155 1894 Sed
170 1837 268 1893 dicitur
283 1836 397 1892 forsitan
411 1835 522 1903 tabida:
541 1857 552 1881 a
569 1835 629 1890 Non
650 1834 797 1905 imperator
812 1832 864 1888 ab·

63 1927 159 1992 solvit,
189 1926 237 1981 sed
259 1922 466 1996 nponritreibns
489 1923 614 1994 poposcit
637 1923 751 1978 absolvi.
777 1923 863 1976 Tanto

62 2017 154 2085 magis
167 2015 325 2085 imperatori
341 2013 462 2084 poscenti
484 2027 500 2067 a
519 2010 693 2082 pontificibus
707 2027 864 2084 suggeren-

62 2104 128 2160 dum
143 2104 201 2170 luit,
214 2112 244 2158 ut
258 2104 282 2157 si
297 2118 360 2157 euna
372 2100 493 2173 legitime
509 2100 592 2156 rellet
606 2099 722 2166 absolvi,
740 2098 863 2172 legitime

63 2191 242 2251 ecclesiastici
258 2191 361 2246 terroris
381 2189 513 2246 absolutio
538 2189 705 2260 proveniret,
726 2193 753 2243 et
765 2188 863 2259 praeci-

62 2298 127 2353 pue,
145 2298 207 2336 com
222 2281 256 2336 de
271 2279 400 2335 secundae
421 2279 492 2333 sedis
514 2285 643 2350 ageretur
665 2277 792 2342 antistite,
810 2293 863 2331 non

62 2372 98 2427 ab
109 2369 236 2426 interiore
251 2368 352 2440 aliquo,
369 2383 421 2422 noar
435 2383 450 2421 a
465 2365 595 2438 qualibet,
605 2366 652 2420 sed
669 2382 685 2420 a
700 2365 789 2436 prima
799 2365 865 2420 sede

60 2461 123 2531 jure
138 2466 230 2530 posset
253 2457 373 2522 absolri3
394 2455 511 2510 interior
530 2455 631 2526 quippe
656 2454 789 2524 potiorem
809 2469 865 2509 nou

64 2556 158 2620 potest
173 2547 315 2603 absolvere
332 2563 339 2601 r
355 2544 414 2600 sola
429 2560 497 2617 ergo
513 2544 600 2615 potior
615 2543 741 2599 absolvit.
762 2567 772 2591 a

64 2663 135 2720 Cea.
154 2661 273 2718 thtttt.
292 2658 368 2728 Quod
384 2658 614 2731 praevaricatoria
630 2657 806 2713 annotatione
821 2658 865 2713 rei

301 2747 382 2786 reum
397 2746 453 2785 troo
465 2728 625 2784 absolvant.

99 2834 140 2887 lta
155 2829 224 2885 Petri
240 2827 377 2884 absolutio
392 2844 426 2882 ex
435 2834 549 2897 utroque
563 2842 616 2881 non
625 2832 732 2880 constat
747 2824 838 2896 (ibid.)
854 2841 861 2880 :

924 335 967 382 tus
980 330 1051 384 cotta
1065 330 1210 398 submittis,
1228 340 1254 386 et
1268 334 1303 388 ab
1316 333 1356 388 eis
1370 349 1469 390 causas
1493 344 1544 391 tuae
1558 337 1651 392 salutis
1667 355 1718 395 ex·

924 417 1004 487 petis,
1021 418 1048 472 in
1072 420 1168 490 quibus
1190 422 1331 477 sumendis
1353 427 1530 479 sacramentis
1552 426 1718 497 caelestibus,

924 507 1020 577 aisque
1036 511 1064 561 ut
1080 509 1210 578 competit
1224 509 1412 580 disponendis,
1428 512 1510 567 subdi
1526 522 1552 570 te
1565 515 1664 572 debere
1674 532 1719 575 co-

923 595 1035 664 gnoscis
1063 596 1203 669 roligionis
1234 600 1331 655 ordine
1359 601 1448 672 potius
1475 619 1556 674 quam
1584 620 1718 676 praeesse.

924 683 1018 753 ltaque
1043 685 1113 740 inter
1134 685 1193 742 baeo
1219 686 1326 743 illorum
1348 697 1373 744 te
1393 690 1513 759 pendere
1536 691 1648 761 judicio,
1665 710 1720 752 non

924 771 985 828 illos
1001 772 1036 829 sd
1052 782 1124 830 tuam
1140 776 1210 830 vella
1223 776 1312 849 redigi
1333 777 1510 846 voluntatem,
1525 781 1574 836 sed
1589 792 1720 852 quantum

923 860 957 916 sd
981 863 1116 931 ordinem,
1144 864 1260 935 publicar
1283 867 1400 937 pertinet
1422 868 1584 940 disciplinae,
1612 879 1720 945 cogno*

922 957 1030 1006 scentes
1045 951 1190 1023 imperium
1206 954 1254 1009 tibi
1269 955 1446 1026 dispositione
1461 958 1600 1026 collatum,
1611 959 1720 1034 legibus

921 1038 975 1094 tuis
990 1039 1041 1111 ipsi
1056 1057 1164 1113 quoque
1180 1051 1276 1112 parent
1299 1044 1433 1100 antistites
1452 1046 1602 1119 religionis,
1627 1064 1660 1105 ue
1675 1051 1719 1106 rel

921 1126 949 1181 in
965 1128 1048 1184 rebus
1062 1131 1207 1185 mundanis
1221 1148 1346 1203 supernae
1365 1133 1508 1189 rideantur
1527 1135 1637 1192 obviare
1652 1153 1718 1194 sen·

921 1215 1025 1271 tentia.
1044 1215 1163 1285 Quoore
1187 1228 1213 1273 ta
1234 1220 1320 1286 dccet,
1338 1237 1393 1293 quo
1415 1221 1511 1279 effectu
1532 1223 1572 1278 eis
1592 1227 1720 1282 convenit

921 1303 1041 1373 obedire,
1058 1307 1103 1376 qni
1117 1322 1166 1377 pro
1181 1309 1284 1380 gradus
1298 1309 1340 1363 sui
1364 1309 1494 1382 dignitate
1515 1313 1719 1373 venerabilibus

920 1402 981 1448 sunt
994 1394 1115 1451 attributi
1129 1397 1277 1467 mysteriis.
1301 1418 1311 1448 ι

957 1491 1024 1545 Can.
1043 1492 1144 1548 LXXI.
1162 1493 1238 1560 Quod
1249 1494 1328 1550 redes
1343 1498 1495 1566 apostolico
1508 1501 1547 1554 rit
1559 1502 1680 1571 prolato

1062 1565 1173 1619 eunctis
1182 1564 1375 1622 sacerdotates
1390 1572 1417 1622 et
1430 1569 1572 1627 Ercterr'te.

955 1658 1055 1728 tlbid.)
1072 1682 1083 1707 ι
1101 1660 1129 1715 Si
1139 1663 1413 1734 curratisgeneraliter
1422 1668 1607 1725 sacerdotibus
1617 1685 1717 1728 conre-

917 1746 955 1801 nit
966 1745 1082 1803 fideliter
1095 1750 1165 1805 colla
1180 1751 1314 1819 submitti,
1331 1763 1433 1825 quanto
1456 1756 1546 1826 potius
1561 1760 1634 1814 sedis
1647 1759 1718 1815 illius

917 1837 1027 1907 praesuli
1043 1853 1194 1894 consensus
1213 1841 1383 1897 adhibendus
1396 1851 1446 1909 est,
1461 1861 1540 1914 quem
1555 1850 1716 1906 cunctissa-

918 1925 1075 1983 cerdatibus
1090 1928 1224 1983 Divinitas
1244 1946 1351 1985 summa
1374 1932 1459 1987 votuit
1483 1936 1673 2006 praeeminere,
1689 1947 1718 1994 et

917 2017 1089 2086 subsequens
1116 2018 1251 2088 generalis
1276 2019 1406 2075 Ecclesiae
1420 2020 1524 2093 jugiter
1540 2024 1624 2095 pietas
1639 2026 1716 2082 cele·

918 2102 1029 2158 brarit‘t
1049 2104 1100 2160 Ubi
1122 2105 1209 2174 pietas
1231 2115 1277 2163 tua
1301 2107 1419 2163 advertit
1441 2126 1574 2180 nusquam
1596 2114 1716 2184 quolibet

918 2191 1024 2261 penitus
1039 2192 1159 2249 hnmano
1180 2195 1296 2251 concilio
1317 2196 1417 2253 elevari
1442 2214 1608 2271 quemquern
1631 2218 1715 2274 posse

918 2279 989 2334 illins
1016 2281 1159 2355 privilegio
1183 2284 1226 2339 rel
1252 2284 1435 2352 consessione,
1465 2304 1546 2357 quem
1571 2306 1636 2346 rera
1661 2308 1715 2350 nox

919 2368 1016 2424 Christi
1032 2372 1149 2441 praetulit
1163 2372 1308 2440 universis,
1325 2389 1405 2446 quern
1426 2375 1548 2433 Ecclesia
1563 2381 1716 2437 veneranda

918 2457 1044 2513 contessa
1073 2475 1183 2531 semper
1204 2470 1255 2530 est,
1280 2470 1304 2517 et
1330 2463 1411 2518 babet
1430 2464 1528 2522 denota
1553 2468 1711 2538 primatem.

918 2547 1014 2617 lmpeti
1031 2563 1083 2602 non
1098 2558 1214 2619 possunt
1228 2550 1356 2606 humanis
1369 2555 1640 2626 praesumptionibus,
1655 2575 1717 2630 quse

918 2634 1009 2691 divino
1023 2644 1084 2691 sunt
1096 2638 1200 2705 jndicio
1215 2641 1370 2696 constituta.
1392 2664 1402 2689 a
1427 2642 1502 2698 ldam
1520 2659 1526 2699 :
1545 2668 1556 2693 a
1574 2646 1717 2720 Desinant,

918 2734 1061 2795 quassate,
1079 2726 1245 2796 temporibus
1261 2728 1313 2783 tuis
1335 2729 1460 2801 quaedam
1479 2748 1528 2801 per
1543 2735 1717 2793 occasionem

916 2814 1127 2883 perturbationis
1151 2816 1346 2873 ecclesiasticae
1374 2821 1573 2892 praecipitanter
1600 2825 1716 2898 ambire,

66 2944 78 2969 ι
97 2918 167 2990 Quia
181 2916 399 2989 prevaricatoria
419 2915 590 2971 absolutione
613 2913 654 2970 rei
679 2929 753 2968 rcum
768 2914 862 2970 absol·
877 2947 902 3011 C
919 2919 980 2975 ‘1¹¹ae
994 2919 1047 2958 ⁰0¹¹
1065 2903 1128 2959 ¹⁴¹⁰&
1145 2921 1151 2958 ²
1166 2921 1200 2960 ΗΘ
1212 2912 1239 2960 el
1253 2905 1297 2960 illa
1321 2923 1381 2977 ‹1¹1ae
1395 2909 1467 2964 “¹⁸¹0
1480 2918 1613 2981 Ellelum
1625 2914 1717 2971 nulla·

64 3025 133 3067 vere
147 3023 201 3063 non
216 3012 368 3076 potuerunt.
385 3027 397 3053 s

64 3107 132 3164 Gne.
149 3105 245 3161 txtx.
263 3103 339 3172 Quod
354 3103 498 3158 secularis
508 3106 632 3174 potestas
643 3103 676 3156 de
687 3101 791 3158 diuinis
805 3117 863 3158 nort

354 3174 579 3241 debetiodlcore.

101 3277 169 3330 ltem
185 3272 307 3330 Gelasius
319 3270 415 3342 (epist.
435 3271 463 3342 l)
473 3270 626 3340 Euphemio
637 3270 864 3341 Constantinopo-

64 3365 151 3420 litano
167 3362 223 3434 (Ἡ)
240 3377 247 3416 :
266 3385 277 3409 ι
295 3360 348 3416 Sed
362 3360 456 3415 dicunt
472 3379 477 3414 :
496 3360 647 3430 lmperator
662 3361 712 3416 boc
727 3359 798 3426 lecit,
811 3361 864 3414 troo

63 3452 153 3525 ipsum
173 3452 199 3507 in
215 3451 313 3521 quibus
323 3449 474 3506 canonibus
485 3457 525 3503 est
537 3451 725 3519 praeceptum?
736 3449 792 3504 Cor
801 3448 864 3503 huic

64 3551 119 3598 tam
143 3555 229 3613 prato
250 3539 390 3595 consensit
411 3539 547 3593 Aeacius?
570 3537 674 3606 Quibus
698 3537 862 3603 canonibus,

66 3631 165 3702 quibus
180 3628 296 3701 regulis,
312 3626 461 3682 Calendion
484 3626 609 3682 exclusus
630 3635 681 3691 est,
698 3627 741 3681 vel
755 3626 863 3680 urbium

66 3720 235 3775 diversarum
251 3715 377 3772 catholici
396 3716 553 3771 sacerdotes
573 3715 618 3786 qni
643 3715 787 3770 traditione
803 3730 863 3768 ma·

62 3809 156 3879 joram
171 3806 350 3877 apostolicam
366 3804 459 3859 sedem
479 3803 506 3858 in
523 3803 653 3870 judicium
669 3803 793 3860 vocant?
808 3805 863 3857 lur-

67 3904 175 3969 perator
198 3893 421 3965 spontiticibuS,
450 3899 476 3947 et
498 3893 665 3964 praecipuea
689 3892 769 3948 beato
793 3889 865 3946 Petri

66 3985 169 4043 vicario
190 3984 303 4039 deberet
324 3997 491 4054 cognoscere
511 3997 571 4052 quae
592 3982 683 4036 divina
707 3988 787 4048 sunt,
810 3996 864 4035 non

66 4076 127 4147 ipse
142 4074 237 4129 eadem
252 4074 334 4126 etiarn
347 4071 483 4140 iudicare.
510 4071 572 4125 Non
595 4070 647 4124 sibi
672 4072 725 4126 boc
750 4068 862 4135 scilicet,

67 4164 114 4238 qui
129 4171 219 4218 tamen
234 4160 405 4216 Christianus
429 4162 481 4225 est,
507 4159 652 4230 praesumit,
676 4158 730 4214 nisi
751 4157 865 4230 religio-

67 4269 131 4309 nem
148 4251 263 4307 forsitan
279 4265 459 4321 persequens.
479 4271 490 4297 s

67 4369 133 4426 Cir.
152 4368 235 4422 Lxx.
252 4365 329 4432 Quod
345 4365 409 4419 lieet
429 4364 492 4418 dats
514 4363 688 4434 principales
710 4365 865 4434 potestates

105 4441 164 4496 slat
179 4453 297 4507 regnora
315 4441 342 4491 et
354 4436 555 4500 sacerdotium,
570 4439 666 4488 tomen
683 4435 758 4489 sicot
773 4449 868 4489 socer·-

106 4511 183 4565 doter
203 4509 313 4578 sepibus
333 4508 363 4561 in
388 4507 518 4568 terrenis,
540 4505 580 4559 ric
601 4506 690 4559 etiam
710 4505 778 4577 plats
793 4521 871 4576 repes

106 4582 207 4652 rutilet
221 4581 321 4636 debent
334 4576 524 4633 sacerdotibus
541 4576 572 4630 in
588 4575 704 4631 diuinis.

109 4696 175 4751 ltem
191 4694 263 4749 idern
280 4691 422 4747 Anastasio
437 4689 592 4760 imperatori
608 4688 698 4760 (epist.
715 4689 742 4760 8)
760 4705 774 4766 :¹
786 4713 797 4739 ι
811 4691 871 4746 Duo

74 4794 148 4853 sunt,
176 4784 325 4852 imperator
345 4788 470 4852 auguste,
496 4778 592 4850 quibus
622 4778 807 4850 principaliter
829 4781 873 4836 tric

75 4874 193 4930 mundus
208 4871 310 4943 regitur
335 4889 341 4925 :
364 4867 510 4924 auctoritas
534 4873 639 4922 sacrata
661 4865 822 4938 pontificum
846 4876 874 4923 ct

75 4964 175 5037 regalis
193 4968 318 5033 potestas
332 4960 362 5012 ln
377 4957 475 5029 quibus
491 4964 564 5011 tanto
586 4954 697 5029 gravius
712 4964 753 5011 est
766 4956 874 5028 pondus

74 5052 260 5113 sacerdotum,
275 5055 375 5120 quanto
396 5046 476 5101 etiam
498 5061 549 5116 pro
568 5045 635 5116 ipsis
656 5045 766 5116 regibus
788 5047 814 5100 in
830 5045 874 5099 di-

74 5143 140 5201 vino
164 5138 288 5195 examine
321 5144 383 5191 sunt
411 5133 543 5189 reddituri
570 5133 715 5189 rationem.
738 5133 810 5199 Noli,
836 5132 875 5188 titi

74 5229 241 5296 charissime,
259 5225 386 5297 qnoniam
406 5223 468 5279 licet
481 5222 628 5293 praesideas
644 5223 762 5278 burnano
777 5222 874 5295 generi

111 5353 166 5423 (ll)
181 5353 245 5407 llaec
260 5366 313 5405 nnn
328 5348 468 5404 exstantia
480 5346 584 5403 Gelasii
595 5347 709 5417 epistola
720 5346 757 5402 ad
766 5347 875 5419 Euphe-

73 5425 159 5483 miam
174 5421 500 5491 Constantinopolitauum
515 5421 684 5491 episcopum,
699 5419 748 5474 sed
764 5419 792 5474 in
810 5421 874 5490 epi-

917 3000 998 3045 tanus
1011 2992 1223 3064 apprehendant,
1240 2994 1390 3050 atmodum
1406 3013 1485 3051 sunm
1500 2998 1572 3069 apud
1587 3001 1673 3058 Deum
1688 3012 1717 3059 st

917 3077 1042 3134 homines
1071 3095 1124 3135 non
1152 3089 1269 3136 teneant.
1298 3105 1310 3130 »
1340 3083 1373 3137 Et
1396 3083 1476 3154 paulo
1504 3095 1566 3157 post
1593 3088 1682 3161 (ibid.)
1710 3110 1716 3146 :

919 3188 930 3213 a
948 3167 1117 3236 Apostolicae
1131 3169 1204 3224 sedis
1217 3170 1371 3234 auctoritas,
1388 3172 1462 3243 qood
1481 3175 1584 3230 cunctis
1607 3179 1717 3234 seculis

917 3251 1086 3310 Christianis
1101 3257 1233 3312 Ecclesiae
1248 3258 1356 3329 praelata
1371 3259 1406 3313 sit
1429 3261 1574 3329 universae,
1596 3273 1622 3319 et
1636 3281 1717 3323 cauo·

917 3358 982 3397 narn
1010 3345 1081 3400 serie
1108 3352 1296 3415 paternorum,
1318 3356 1344 3402 et
1368 3349 1511 3421 uruluptici
1539 3351 1645 3410 ratione
1666 3353 1716 3410 tir-

917 3440 1016 3487 matur.
1032 3453 1043 3482 ι

917 3530 983 3585 Car.
1000 3531 1109 3587 LXXll.
1131 3531 1207 3598 Quod
1223 3534 1319 3604 stipae
1338 3536 1424 3606 reple
1441 3536 1568 3594 civitatis
1588 3544 1716 3610 potestne

953 3605 1117 3743 quranptpzttegt
1128 3605 1282 3660 immutare
1293 3609 1510 3677 prerogativam
1519 3610 1719 3670 ecclesiasticos
1812 3578 1826 3631 Ἰ

955 3775 1021 3828 ltem
1044 3772 1114 3827 idern
1139 3772 1272 3829 universis
1295 3775 1431 3847 episcopis
1454 3778 1600 3837 Dardania
1623 3781 1719 3855 (epist.

919 3864 964 3933 ts)
982 3877 988 3916 :
1007 3885 1018 3909 ι
1036 3859 1116 3929 Quod
1132 3861 1245 3917 acacius
1260 3863 1358 3919 dicitur
1373 3866 1458 3937 regiae
1473 3867 1590 3924 civitatis
1606 3873 1718 3941 episco-

919 3966 990 4023 pus;
1006 3951 1058 4004 alia
1073 3957 1193 4021 potestas
1207 3952 1346 4007 saecularis
1366 3956 1456 4026 regni,
1483 3955 1536 4011 alia
1552 3960 1721 4017 eeclesiasti-

919 4056 1012 4096 carum
1028 4039 1184 4095 distributio
1205 4041 1365 4113 dignitatum
1382 4058 1389 4098 τ
1406 4045 1475 4100 sicut
1497 4050 1623 4117 quamvis
1637 4066 1722 4121 parra

918 4129 1013 4186 ciritae
1028 4129 1237 4199 prerogativam
1253 4131 1330 4203 regni
1346 4147 1398 4187 non
1414 4133 1519 4201 minuit,
1536 4136 1576 4191 sic
1591 4138 1721 4209 imperia.

919 4218 952 4273 lis
967 4217 1110 4289 praesentia
1125 4234 1283 4275 mensuram
1306 4219 1491 4290 dispositionis
1512 4224 1651 4296 religiose
1665 4244 1721 4284 non

878 4300 905 4361 D
920 4315 1014 4364 mutat.
1033 4327 1045 4356 ι

924 4423 989 4480 Cae.
1004 4421 1127 4477 LXXlll.
1145 4422 1221 4490 Quod
1239 4438 1293 4479 rea·
1307 4424 1417 4496 pellice
1431 4429 1474 4481 ert
1489 4442 1507 4483 o
1527 4429 1720 4491 sacerdotibus

1149 4496 1310 4565 arguendus
1325 4497 1350 4550 ri
1362 4502 1470 4568 peccet.

960 4590 1053 4663 (lbid.)
1070 4615 1081 4640 n
1098 4593 1163 4648 ltem
1174 4590 1292 4661 principi
1302 4592 1456 4651 Christiano
1466 4612 1616 4670 suggerere
1624 4601 1723 4659 decue·

925 4689 971 4736 rat
985 4680 1164 4747 sacerdotem,
1180 4687 1207 4733 ut
1231 4680 1361 4736 Ecclesia
1383 4681 1484 4740 sineret
1508 4686 1646 4745 Ecclesiae
1670 4706 1721 4747 cu-

926 4769 1032 4825 stodiri.
1050 4792 1061 4818 a
1079 4771 1148 4824 Item
1165 4788 1170 4823 :
1186 4769 1312 4823 -ttntnn
1321 4772 1452 4841 propheta
1462 4774 1552 4845 palam
1561 4777 1723 4853 publiceque
1802 4792 1809 4799 ·

927 4861 954 4913 in
972 4858 1069 4915 taciem
1082 4859 1156 4932 regis
1171 4857 1259 4913 David
1273 4859 1454 4916 commissum
1469 4879 1591 4920 errorem
1614 4876 1640 4922 et
1654 4884 1723 4925 cou-

927 4947 1046 5005 fessione
1066 4956 1219 5019 correptum
1239 4957 1437 5019 consequenter
1458 4951 1583 5011 absolvit.
1606 4956 1725 5014 Aeacius

928 5047 1017 5093 autern
1033 5054 1062 5093 se
1077 5046 1102 5093 et
1117 5053 1266 5109 suggerere
1280 5038 1403 5107 potuisse
1416 5046 1441 5094 et
1458 5041 1575 5097 noluisse
1591 5054 1726 5103 monstra·

927 5127 975 5193 rit,
992 5127 1046 5181 imo
1057 5126 1184 5199 patelccit
1200 5125 1309 5194 lavisse,
1324 5135 1354 5180 ut
1367 5130 1445 5183 etiarn
1465 5128 1614 5199 imperator
1628 5144 1725 5192 cuncte

929 5232 959 5272 se
974 5232 1007 5271 er
1023 5215 1083 5286 ejus
1098 5214 1212 5270 consilio
1233 5215 1355 5286 gessisse
1379 5233 1435 5272 non
1460 5225 1573 5275 taceret.
1593 5244 1604 5269 ι
1620 5224 1652 5278 ln
1668 5240 1723 5297 quo

929 5342 999 5402 stola
1013 5360 1062 5400 seu
1076 5341 1284 5423 commonitorio
1299 5342 1335 5398 sd
1350 5343 1476 5427 Faustum
1492 5346 1653 5428 magistrum
1668 5350 1723 5409 lun·

928 5427 1039 5489 gentem
1053 5415 1198 5488 legationis
1212 5414 1300 5471 officro
1315 5416 1561 5490 Constantinopob.
