3704 6000
66 254 118 311 dil
629 264 676 321 DE
693 262 939 323 ShCliAllENTO.
955 294 990 307 -
1002 267 1067 326 utu.
1086 271 1125 326 lt.
1663 274 1716 331 822

67 380 195 455 tustinus
212 383 243 441 in
262 401 390 446 sermone
414 405 495 463 super
514 392 647 449 loannem
672 407 758 449 axvrn
781 393 820 462 (n.
837 388 1037 461 ³,Avitaret3
1063 394 1151 463 nohis,
1180 403 1209 452 ut
1239 395 1267 451 in
1299 406 1469 455 sacramento
1502 397 1598 455 Christi
1631 399 1714 456 vitam

68 470 122 527 eol.
151 466 217 545 680)
242 489 249 529 ι
276 497 288 524 ι
314 476 396 535 Fides
420 494 476 552 qua
500 496 606 547 eurum,
633 480 679 555 qui
706 480 792 537 Deum
822 480 866 536 vi·
919 480 1075 550 credamus,
1091 484 1168 541 etita
1182 501 1368 557 assequamur.
1379 486 1489 558 Utrique
1512 490 1567 558 (53)
1583 488 1657 543 enim
1681 506 1713 544 er

68 559 125 616 suri
138 569 212 629 sunt,
223 564 342 635 quandiu
352 568 571 641 peregrinantur,
581 570 666 627 corda
682 568 864 635 mundantur;
920 585 949 624 se
963 571 1127 628 contrarium
1142 572 1212 629 visui
1232 589 1293 631 esse
1311 574 1438 631 effectum
1463 576 1544 648 parit,
1560 575 1625 631 illud
1648 578 1712 633 dum

67 651 141 721 quod
156 667 212 707 non
225 651 310 722 videt,
323 656 417 712 credit.
431 657 500 712 Nam
515 658 537 713 si
553 657 638 726 rides,
655 674 708 715 non
724 668 765 715 eat
779 658 860 715 tides.
918 656 1025 714 ridetur
1038 660 1114 716 cibus
1135 660 1279 734 voluptatis
1301 672 1328 720 et
1351 665 1421 733 vita,
1439 674 1552 721 mortem
1573 664 1712 731 inserens;

66 736 194 795 eredenti
208 740 349 815 colligitur
371 745 508 815 merirum,
522 745 623 804 videnti
647 747 768 803 redditur
789 763 864 819 prae.
917 741 988 797 istud
1002 743 1066 799 dum
1083 745 1190 802 ridetur
1203 747 1280 803 cibus
1294 748 1464 804 mortalitatis
1480 750 1560 803 vitam
1580 760 1712 806 aeternam

65 827 164 883 mium.
180 830 232 885 Eat
246 846 314 904 ergo
327 833 472 900 Dominus,
488 843 531 891 eat
542 853 576 892 ne
590 836 722 902 rideatur,
739 835 822 892 latent
836 843 865 891 ut
918 829 1059 888 exhibens.
1075 834 1149 891 Sicut
1163 836 1273 907 igitura
1288 837 1366 893 Petro
1382 845 1442 908 port
1465 838 1564 892 trinam
1586 840 1715 912 negatio-

65 918 214 986 credentum
235 920 352 978 creditus
374 923 555 991 desideretur,
572 934 599 980 ιιι
621 925 792 982 desideratus
813 926 864 981 ha·
917 935 979 974 netu
994 920 1211 980 trinacontessio
1225 925 1340 996 repetita
1363 934 1414 988 est.
1430 924 1470 981 sic
1493 926 1527 981 ah
1549 926 1659 983 homine
1682 937 1714 984 ut

67 1006 175 1062 beatur.
191 1006 262 1078 Quia
277 1024 344 1083 ergo
358 1011 385 1066 in
400 1012 451 1069 hac
463 1014 682 1087 peregrinatione
706 1021 799 1071 nostra
813 1031 862 1071 ex·
918 1007 1018 1064 saltari
1041 1014 1137 1081 possit,
1163 1029 1213 1084 pro
1243 1012 1348 1085 perlida
1379 1014 1432 1070 fite
1456 1033 1509 1089 qua
1543 1017 1631 1087 petili.
1647 1034 1712 1074 VM

64 1095 143 1166 pedit
158 1095 240 1154 latere
255 1098 391 1156 Christum
406 1109 433 1156 ut
446 1103 582 1170 credatur,
600 1127 610 1153 r
628 1112 680 1160 ete.
917 1095 987 1152 fides
1008 1099 1141 1173 exigenda
1164 1110 1217 1169 est,
1229 1104 1293 1174 quie
1315 1111 1417 1160 tantum
1438 1114 1637 1162 sacramentum
1662 1123 1713 1163 nec

101 1186 176 1241 bene
188 1186 272 1258 igitur
285 1188 408 1246 Christus
422 1191 474 1248 suh
494 1201 664 1250 sacramento
686 1193 761 1250 dedit
781 1194 865 1250 nobis
918 1185 977 1241 sine
992 1184 1046 1244 fide
1068 1196 1156 1259 potest
1178 1190 1307 1265 intelligi,
1322 1208 1374 1250 uec
1392 1209 1443 1249 nos
1464 1193 1548 1250 etiarn
1572 1211 1622 1267 per
1644 1195 1712 1251 illud

66 1273 201 1344 seipsum,
218 1280 248 1331 ut
261 1293 312 1348 per
335 1278 387 1335 hoc
418 1280 497 1337 uobis
530 1289 557 1336 et
589 1283 652 1338 tidei
684 1283 819 1350 meritum,
838 1287 865 1339 et
918 1272 977 1333 ⁸5⁰0
992 1274 1171 1335 fidestltari·

64 1363 165 1435 gratiae
188 1381 245 1422 suae
268 1376 366 1437 augeat
393 1368 577 1426 beneficium:
600 1371 665 1428 dum
697 1373 724 1428 in
758 1381 864 1429 terrene

66 1452 199 1523 quedam,
214 1461 241 1510 et
256 1472 370 1527 prorsus
384 1457 483 1514 stolida
497 1460 576 1531 panis
590 1469 617 1518 et
631 1461 685 1516 rini
697 1461 797 1529 forma,
808 1477 865 1518 ma·

63 1540 197 1613 jestatem
218 1545 358 1615 sapientiae
372 1547 452 1603 Verbi
475 1549 525 1605 Dei
546 1550 761 1607 substantialiter
786 1566 864 1607 eum-
954 1576 1055 1634 corpo,
1068 1569 1097 1621 ιι
1111 1582 1163 1622 512„
1185 1568 1228 1622 ue,
1244 1567 1360 1634 comte,
1377 1585 1461 1641 qnam
1477 1570 1508 1626 ln
1522 1570 1632 1627 Μηνὶ,
1646 1587 1711 1628 cor.

66 1631 245 1702 prehensam,
259 1632 563 1707 incomprehensibilem
577 1640 688 1695 eredere
699 1647 725 1695 et
740 1639 865 1696 venerari
952 1648 1054 1706 porum
1068 1584 1224 1707 specular.

67 1735 122 1776 non
147 1723 350 1787 erubescimus,
364 1741 425 1797 quae
449 1727 597 1796 quantitate
621 1735 648 1784 et
669 1727 798 1799 qualitate
814 1743 910 1807 auaB

68 1809 106 1865 ita
123 1810 186 1880 ejus
211 1813 377 1870 excellentia
401 1814 508 1871 ridetur
529 1815 696 1888 indignant
716 1817 869 1874 nullatenus
920 1859 948 1900 m

68 1901 149 1957 etiarn
165 1900 295 1956 testimari
310 1903 418 1969 debeat,
435 1904 487 1960 nisi
501 1906 564 1978 quia
579 1905 636 1977 ipse
655 1909 700 1962 est
723 1907 796 1963 Deus
822 1907 867 1977 qui

67 1990 338 2063 omniaqueecuuque
353 1993 438 2048 voluit
457 1992 520 2049 iecit
543 1995 570 2048 in
595 1996 665 2051 coelo
688 2003 715 2050 et
735 1995 762 2051 ia
784 2004 865 2063 terra,

68 2080 121 2134 nisi
137 2079 296 2151 quinetiam
311 2096 374 2137 caru
389 2081 449 2152 ejus
462 2083 522 2154 ipsa
537 2088 579 2138 est
592 2083 635 2139 cui
650 2083 714 2139 duta
736 2092 778 2140 est
803 2100 867 2139 om-

1238 1378 1349 1438 cortu
1363 1381 1395 1439 V.

919 1488 976 1548 dar
989 1493 1079 1564 macir
1098 1499 1282 1552 consecretur
1304 1499 1336 1552 in
1360 1512 1434 1567 pane
1452 1501 1482 1553 et
1502 1498 1567 1554 uino
1590 1502 1618 1555 et
1639 1517 1713 1571 aqua

964 1751 1104 1821 Quaeritur
1117 1753 1179 1808 item
1195 1768 1280 1823 quare
1295 1754 1323 1808 in
1337 1770 1408 1826 pane
1420 1763 1446 1810 et
1465 1757 1531 1813 rino
1545 1770 1719 1818 consecretur

950 1844 1010 1917 egis
1031 1857 1132 1913 corpus
1155 1830 1259 1898 Christi
1282 1859 1363 1913 quam
1389 1844 1418 1899 in
1441 1846 1549 1902 caterio
1572 1863 1719 1920 corporum

921 1931 1073 2003 speciebus,
1090 1945 1151 1985 cum
1166 1930 1229 1986 cibo
1244 1930 1416 1988 mortalitatis
1440 1949 1494 1989 non
1516 1935 1641 1992 videatur
1658 1946 1720 2009 epte
1780 1960 1783 1965 ·

920 2022 975 2078 vita
990 2018 1153 2075 immortalis
1166 2019 1330 2091 designarit
1344 2019 1397 2076 Sed
1413 2022 1553 2078 sciendum
1569 2026 1633 2097 quia
1647 2027 1722 2082 Chri·

920 2113 978 2165 stus
992 2109 1019 2165 in
1035 2109 1087 2164 hoc
1102 2113 1272 2163 sacramento
1287 2123 1340 2163 non
1355 2124 1385 2165 se
1399 2110 1452 2166 hoc
1474 2113 1556 2168 modo
1570 2114 1721 2186 significari

67 2169 112 2223 nis
126 2173 247 2240 potestas
260 2168 286 2224 in
302 2170 372 2225 coelo
387 2174 414 2225 et
428 2171 455 2225 in
472 2179 593 2235 terrant
617 2179 751 2241 potestate
766 2173 813 2228 tali
833 2171 868 2227 sit

67 2258 95 2312 in
111 2258 215 2313 unitate
229 2273 357 2329 personae
372 2259 399 2313 in
414 2260 483 2316 curlo
498 2267 525 2316 et
538 2260 566 2315 in
590 2264 665 2317 terra
687 2260 867 2333 quandocun-

67 2361 131 2417 que,
147 2347 393 2419 quomodocunque
410 2346 463 2402 sibi
476 2348 617 2419 placuerit.
630 2350 689 2406 llac
699 2348 753 2406 lide
776 2349 865 2422 ipsum

66 2442 269 2490 sacramentum
296 2435 373 2506 quasi
395 2435 516 2491 divinum
550 2436 680 2509 quiddam
711 2437 865 2508 adoramus,

70 2523 149 2595 quasi
163 2523 255 2578 virum
270 2524 400 2595 quiddam
422 2534 447 2581 ct
471 2526 631 2582 rationabile
654 2526 817 2598 alloquimur
840 2534 867 2583 et

68 2628 217 2685 rogamus:
234 2615 328 2686 dgnus
342 2614 390 2669 Dei
406 2614 451 2684 qui
466 2614 539 2670 tollis
554 2620 665 2686 peccata
689 2615 795 2683 mundi,
811 2617 866 2671 mi·

67 2717 159 2758 serere
183 2700 279 2771 nobis;
306 2703 444 2772 quianon
468 2704 542 2774 quod
567 2705 684 2771 ridetur,
709 2704 758 2760 sed
793 2705 865 2775 quod

921 2198 1016 2264 voluit,
1032 2212 1086 2269 quo
1099 2214 1128 2253 se
1143 2197 1224 2252 habet
1234 2212 1294 2253 cum
1310 2197 1391 2254 Patre
1401 2208 1591 2270 pennatorum,
1608 2203 1655 2259 sed
1668 2219 1721 2273 quo
1804 2204 1809 2212 '

921 2303 951 2343 se
966 2287 1048 2343 hahet
1063 2285 1208 2342 nobiscum
1224 2301 1272 2357 per
1292 2288 1410 2358 gratiam
1425 2305 1432 2351 ;
1449 2289 1513 2359 quia
1535 2306 1590 2346 non
1613 2292 1718 2348 scilicet

921 2376 995 2448 quod
1007 2375 1041 2431 sit
1056 2375 1142 2430 Patris
1156 2373 1298 2445 sapienh'a,
1315 2373 1364 2431 sed
1379 2376 1451 2446 quod
1470 2377 1504 2433 sit
1526 2380 1646 2435 omnium
1668 2382 1722 2436 ho-

922 2465 1024 2520 minum
1043 2463 1111 2531 rita,
1127 2467 1158 2519 ut
1180 2462 1221 2519 sic
1243 2478 1321 2518 suam
1342 2464 1505 2521 charitatem
1529 2468 1610 2523 nobis
1633 2470 1721 2542 magis

921 2551 1136 2620 commendaret,
1151 2558 1177 2607 et
1192 2559 1313 2607 nostram
1324 2568 1392 2625 erga
1405 2570 1436 2610 ae
1447 2556 1536 2627 magis
1547 2558 1720 2617 accenderet.

922 2643 982 2697 Vite
995 2657 1062 2698 vero
1076 2648 1188 2707 aeterna,
1199 2656 1261 2697 cum
1276 2641 1303 2696 in
1317 2657 1461 2713 corporum
1478 2645 1620 2716 speciebus
1644 2648 1719 2703 nulla

921 2731 1045 2802 perlecta
1059 2729 1236 2786 similitudine
1250 2730 1369 2802 exprimi
1388 2733 1517 2802 potuerit,
1533 2735 1610 2789 nulla
1627 2743 1719 2793 tamea

65 2808 129 2848 rere
142 2799 193 2858 est,
210 2790 349 2847 Christum
364 2792 404 2847 ibi
428 2810 489 2849 esse
504 2793 650 2849 credimus.

375 2919 485 2974 CAPUT
505 2919 552 2975 ll.

66 3042 124 3100 Cur
140 3042 209 3113 fides
234 3047 382 3115 tantopere
403 3044 536 3115 exiqutur
560 3043 590 3098 io
614 3043 663 3102 hoc
682 3049 863 3102 snerurocnto

331 3115 454 3186 corporis
475 3114 592 3171 Christi.

919 2819 1016 2890 aptiori
1032 2835 1109 2889 quam
1124 2818 1181 2886 itta,
1197 2834 1258 2888 quae
1271 2819 1457 2891 aliquomodo
1469 2823 1718 2896 vitaest,quiahu·

919 2924 1008 2964 manae
1021 2907 1082 2964 vitre
1097 2907 1201 2963 alendae
1215 2915 1241 2963 et
1255 2907 1403 2964 retinendae
1412 2911 1547 2983 congmit.
1564 2912 1635 2980 Quia
1645 2914 1718 2970 enim

920 2996 1167 3068 temperationibus
1185 3002 1212 3052 et
1236 3003 1319 3068 potus
1343 3004 1435 3053 noster
1457 3000 1510 3055 rita
1534 3009 1635 3057 aeterna
1659 3019 1718 3063 esse

878 3098 903 3163 ῃ
918 3102 972 3142 nou
988 3094 1111 3158 poterant
1125 3101 1175 3142 nec
1189 3085 1333 3154 debebant,
1349 3088 1460 3145 nomine
1476 3104 1570 3144 eorum
1584 3098 1611 3146 et
1625 3093 1718 3162 specie

916 3175 1038 3232 Christus
1053 3191 1084 3230 sa
1099 3173 1246 3248 significari
1262 3174 1345 3231 voluit
1359 3175 1441 3231 vitam
1461 3187 1600 3247 uternam,
1617 3188 1716 3237 utnon

99 3265 239 3337 erseritur
252 3273 341 3322 eutem
356 3280 439 3335 quare
452 3264 519 3320 fides
531 3273 671 3337 tantopere
691 3264 818 3335 exigatur
834 3265 861 3320 in
916 3265 1007 3319 solum
1023 3271 1154 3319 consucta
1168 3263 1220 3318 cibi
1235 3263 1410 3319 similitudine
1435 3276 1600 3337 congrueret
1619 3268 1646 3322 in
1663 3286 1713 3324 su·

62 3358 115 3411 hoc
129 3356 324 3411 sacramento‘?
339 3354 410 3424 Quis
425 3355 552 3410 videlicet
576 3355 645 3410 falsa
668 3353 722 3410 lide
745 3354 861 3409 mundus
915 3352 1025 3416 mendo,
1040 3352 1088 3407 sed
1103 3351 1234 3407 utendum
1249 3352 1304 3407 cibi
1327 3351 1504 3408 similitudine
1524 3355 1604 3410 nobis
1627 3355 1711 3427 proli-

60 3445 153 3516 periit‚
168 3444 279 3516 quando
295 3444 385 3499 Adam
401 3442 463 3515 plus
482 3443 591 3499 diabolo
615 3459 696 3515 quam
719 3445 777 3500 Deo
797 3460 860 3500 cre·
914 3441 1028 3498 ceretio
1044 3438 1202 3511 sperando:
1219 3440 1283 3495 dum
1293 3440 1404 3508 scilicet,
1422 3441 1490 3495 sicut
1501 3442 1578 3497 cibus
1591 3451 1617 3499 et
1629 3449 1710 3516 potus

60 3533 127 3588 dere
150 3533 333 3604 praesumpsit,
359 3533 420 3587 dnm
446 3532 473 3586 in
499 3532 575 3605 ligno
603 3533 723 3588 scientiae
745 3533 809 3588 boni
833 3540 860 3588 et
914 3538 976 3586 suut
991 3537 1083 3585 nostra
1098 3529 1153 3585 vita
1169 3528 1337 3600 temporalis,
1353 3529 1471 3601 quandiu
1485 3532 1542 3586 Deo
1568 3532 1708 3603 placuerit,

59 3622 126 3678 mali
141 3622 223 3677 retito
244 3621 307 3693 plus
329 3620 448 3690 speravit
472 3620 640 3677 divinitatem
664 3623 782 3692 assequi,
798 3638 859 3692 quae
912 3619 998 3675 sicet
1019 3618 1103 3674 multo
1126 3618 1243 3689 amptius
1266 3618 1324 3689 ipse
1346 3618 1426 3689 panis
1450 3619 1570 3676 caelestis
1591 3621 1625 3677 sit
1648 3622 1705 3681 rita

59 3711 94 3766 ab
116 3710 193 3767 hoste
221 3709 439 3782 promittebatur,
463 3726 543 3779 quam
577 3710 710 3766 incurrere
741 3719 856 3766 mortem
911 3714 1022 3771 esterna,
1039 3705 1345 3778 quihusipsevoluerit.

60 3815 147 3873 quam
163 3800 236 3855 Deus
251 3798 416 3854 minabatur.
433 3797 508 3853 Sicut
522 3798 726 3870 ergodiabolus
736 3814 857 3855 nonum·
947 3795 979 3850 Et
994 3795 1057 3866 quid
1068 3794 1164 3849 mirum
1178 3794 1201 3849 si
1215 3793 1326 3851 Creator
1340 3801 1472 3852 creature
1495 3797 1623 3854 conterre
1639 3815 1707 3871 poa·

58 3889 138 3944 brem
162 3888 190 3943 in
213 3887 293 3960 ligno
314 3886 518 3952 inobedientiae,
538 3889 585 3942 sed
598 3887 686 3959 ipsum
710 3904 806 3943 rerum
829 3896 857 3945 et
909 3883 944 3938 sit
967 3883 1051 3939 vitam
1074 3889 1214 3950 eternam,
1238 3898 1300 3938 cnm
1324 3884 1405 3939 etiam
1424 3895 1550 3942 ereatura
1570 3893 1704 3963 creaturae

59 3976 193 4033 risibilem
209 3977 325 4032 lrtrctum
348 3976 492 4038 exhibens,
508 3976 632 4045 promisit
657 3976 684 4030 id
708 3976 781 4048 quod
801 3992 855 4033 nun
910 3972 1027 4028 retinere
1050 3972 1167 4043 potuerit
1190 3972 1355 4028 eternaliter
1378 3974 1551 4031 camisicut
1575 3977 1646 4032 enim
1668 3978 1706 4033 li-

59 4066 212 4132 videbutur,
230 4065 345 4130 seilicet,
361 4067 443 4121 eritis
458 4068 533 4122 sicut
548 4067 589 4122 dii
608 4066 689 4133 (uere.
705 4082 745 4131 ru,
761 4068 800 4137 b),
816 4067 856 4123 sic
908 4077 993 4133 gnum
1007 4059 1069 4116 ritae
1082 4060 1110 4115 iu
1122 4059 1250 4131 paradiso
1265 4061 1384 4132 positum
1404 4070 1454 4129 est,
1466 4079 1521 4134 quo
1540 4066 1704 4123 aeternutiter

57 4161 87 4211 et
102 4155 174 4210 Deus
188 4170 241 4210 uon
256 4153 388 4220 umbram,
405 4155 454 4210 sed
473 4154 561 4224 ipsum
586 4156 631 4225 qui
655 4154 682 4208 in
704 4155 780 4228 ligno
802 4171 854 4227 pe-
907 4151 991 4207 homo
1008 4149 1035 4205 in
1057 4164 1173 4221 corpore
1193 4150 1309 4216 viveret,
1324 4150 1364 4206 sic
1384 4151 1508 4208 Christus
1531 4153 1558 4208 in
1581 4155 1703 4211 Ecclesia

56 4242 154 4315 pendit
168 4243 343 4308 obedientiae,
359 4242 386 4297 in
401 4258 452 4298 suo
465 4242 566 4297 risibili
586 4251 760 4301 sacramento
780 4243 855 4300 exhi·
907 4239 1015 4311 lignum
1037 4239 1100 4295 ritae
1119 4238 1239 4310 seipsum
1263 4239 1362 4310 posuit,
1379 4242 1408 4293 ut
1427 4239 1455 4294 in
1477 4256 1508 4296 se
1528 4243 1703 4298 credentibus

54 4333 139 4396 beas,
156 4331 285 4403 promittit
300 4332 381 4386 vitam
397 4340 527 4387 uternam
540 4347 601 4401 quae
622 4346 676 4387 non
692 4332 808 4399 ridetur,
824 4338 855 4389 ut
906 4328 962 4384 rita
975 4337 1076 4385 aeterna
1092 4335 1187 4385 esset:
1203 4327 1276 4397 quod
1286 4343 1339 4383 non
1357 4328 1445 4384 solam
1460 4329 1509 4383 luit
1524 4329 1610 4400 ipsius
1625 4332 1702 4387 Chri·

56 4422 171 4477 dumea
187 4436 214 4475 re
237 4421 300 4491 ptus
328 4420 454 4476 simodo
482 4419 601 4476 creditur
627 4436 707 4492 quem
733 4422 854 4493 bosti,nt
908 4416 942 4471 sti
957 4417 1130 4488 mysterium,
1143 4416 1192 4474 sed
1204 4424 1231 4472 at
1247 4414 1311 4472 fidei
1330 4424 1432 4473 nostre
1454 4433 1584 4490 magnum
1605 4418 1700 4474 firma-

55 4511 171 4584 diqnum
186 4517 236 4577 est,
253 4517 363 4565 sonetur
376 4508 429 4564 hac
444 4524 507 4564 vera
523 4508 574 4563 tide
589 4508 636 4564 illa
658 4509 762 4580 perfida
773 4509 851 4581 tides,
909 4514 1040 4562 mentum.
1057 4503 1125 4575 Quia
1140 4505 1163 4561 si
1176 4506 1229 4562 huc
1240 4508 1371 4561 creaturae
1384 4520 1439 4561 non
1463 4506 1565 4562 viventi
1587 4506 1638 4562 luit
1655 4523 1702 4564 na·

57 4615 113 4671 qua
128 4600 192 4656 otim
208 4600 269 4669 plus
291 4598 402 4654 diaholo
423 4614 503 4670 quarn
524 4598 575 4653 sihi
599 4598 699 4669 injuste
722 4601 853 4658 creditum

57 4694 110 4744 eat.
128 4689 370 4761 Sicutigiturnon
400 4688 427 4741 in
459 4687 534 4759 ligno
567 4689 659 4756 vetito,
675 4688 713 4745 sic
744 4706 795 4746 nec
826 4691 854 4746 in

56 4777 152 4834 Christi
168 4777 434 4833 sacramentodebet
457 4778 532 4831 risus
555 4785 598 4832 aut
622 4787 728 4851 gustus,
744 4780 794 4835 sed
818 4779 853 4834 ti-

56 4865 102 4921 dei
115 4867 208 4939 rigere
221 4864 367 4936 judicium,
381 4866 447 4935 quia
463 4865 533 4921 sicut
552 4882 662 4937 pomum
686 4868 745 4923 risu
768 4869 853 4927 deco·

55 4971 116 5010 rum
131 4964 158 5010 et
172 4971 255 5010 suave
270 4955 305 5010 ad
320 4953 529 5021 comedendum,
546 4955 622 5012 cibus
638 4956 724 5013 vitalis
740 4958 854 5014 videba-

56 5052 110 5114 tur,
123 5052 148 5099 ιι
163 5053 278 5099 mortem
294 5044 395 5106 intulit,
411 5045 450 5099 sic
465 5060 479 5100 e
494 5046 631 5101 contrario
655 5056 853 5103 sacramentum

56 5133 183 5203 corporis
198 5141 225 5188 et
239 5133 381 5206 sanguinis
403 5133 503 5188 Christi
527 5134 633 5189 ridetur
656 5135 733 5191 cibus
751 5146 855 5193 murta-

57 5222 141 5277 litetis
166 5231 274 5284 nostrae,
299 5239 362 5277 curn
387 5239 451 5277 rere
474 5223 528 5277 rita
547 5230 648 5279 aetema
670 5225 712 5279 sit.
730 5225 855 5298 Quapro-

59 5320 121 5384 pter
134 5312 240 5384 utrique
254 5311 293 5367 rei
308 5311 398 5368 media
411 5327 475 5367 reru
491 5311 557 5368 tides
572 5313 678 5369 videtur
694 5316 854 5382 neccssaria,

60 5402 138 5471 Adra,
154 5405 184 5457 ut
198 5401 321 5457 crederet
348 5410 466 5457 mortem
499 5417 561 5459 esse
595 5403 621 5457 in
654 5419 747 5475 pomo,
763 5408 790 5461 et
821 5404 858 5460 ita

97 5582 154 5654 (58)
169 5579 243 5638 Alias
256 5584 420 5656 utramque.

908 4596 1006 4660 turate,
1017 4601 1048 4651 ut
1059 4593 1165 4664 corpori
1176 4594 1260 4649 vitam
1270 4593 1436 4650 raternaliter
1445 4595 1586 4663 retineret,
1600 4604 1701 4669 quanto

907 4684 995 4758 magis
1009 4698 1075 4740 vero
1089 4683 1165 4755 tigno
1179 4683 1241 4739 vitae
1255 4683 1385 4751 riventis,
1399 4684 1513 4740 creatori
1540 4684 1645 4741 Christo
1660 4694 1704 4741 est

907 4772 1139 4845 omnipotentiale,
1154 4780 1183 4826 ut
1195 4771 1303 4843 comori
1318 4778 1345 4827 et
1359 4770 1457 4829 animae
1473 4772 1623 4844 gloriosius
1632 4790 1701 4830 con·

907 4863 976 4919 ierat
996 4861 1160 4918 aetemaliter
1175 4860 1283 4918 vitam?
1298 4861 1374 4918 Unde
1398 4861 1477 4917 etiam
1503 4863 1568 4934 quia
1587 4862 1648 4918 cibo
1672 4872 1701 4920 et

908 4959 971 5023 potu
996 4950 1033 5004 ita
1051 4949 1177 5016 vivimus,
1201 4957 1231 5004 ut
1250 4948 1378 5005 atterutro
1405 4964 1498 5006 carere
1524 4966 1701 5023 nequeamus,

907 5047 1050 5110 utrumque
1064 5039 1090 5094 in
1106 5046 1276 5094 sacramento
1291 5055 1340 5094 suo
1355 5055 1417 5094 esse
1431 5038 1523 5106 voluit,
1535 5056 1570 5094 ne
1585 5039 1607 5094 si
1622 5039 1705 5095 atter·

909 5137 998 5185 utrum
1014 5128 1129 5196 deesset,
1140 5127 1217 5199 quasi
1231 5127 1391 5198 imperfecto
1406 5127 1471 5182 vitae
1481 5127 1569 5201 signo,
1580 5129 1639 5200 ipse
1649 5144 1702 5184 non

910 5218 1001 5290 plena,
1015 5218 1062 5274 sed
1073 5216 1232 5287 imperfecta
1247 5216 1301 5271 rita
1315 5216 1420 5289 signari
1432 5216 1581 5272 videretur.

946 5307 1063 5380 Dignum
1090 5307 1172 5362 etiam
1197 5305 1255 5372 luit,
1279 5313 1308 5360 ut
1321 5306 1422 5362 eisdem
1438 5306 1581 5376 speciebus
1610 5308 1708 5379 quihus

912 5397 992 5455 alitur
1006 5405 1033 5454 et
1047 5402 1155 5453 creatur
1168 5409 1231 5451 caro
1241 5398 1270 5451 et
1284 5393 1397 5469 sanguis
1411 5395 1439 5451 in
1461 5395 1581 5467 quolibet
1602 5396 1711 5454 homine
