3728 6000
151 243 203 299 739
656 232 689 287 D.
705 228 835 289 alona}
850 231 1077 290 SCHOLASTICI
1091 232 1299 296 montanus

530 359 564 413 11.

148 467 193 521 Ea
208 464 293 518 Portu
308 461 496 523 t'susmsnrs
509 459 638 512 tractata
652 458 691 512 ne
701 455 840 526 sacrificio
854 455 948 512 inisse

185 556 213 609 ct
229 546 534 607 transubstantiatione
552 549 653 602 contra
675 547 791 601 Petrum
814 545 896 601 Bruis
919 547 948 601 et

183 641 347 705 Henmcum,
364 651 500 694 nouarum
515 636 697 706 impietatum
711 634 872 703 mopistros.

184 764 370 831 Ambrosium,
400 761 591 834 augustinum,
617 756 791 832 Gregorium,
821 757 947 830 antiquos

148 864 296 914 etsenctos
323 851 451 908 Ecclesia
478 849 604 905 doctores
631 848 793 917 abjecistis;
823 846 946 903 moderni

147 944 277 1017 temporis
298 943 396 998 doctos
420 947 448 996 et
474 937 624 994 catholicos
652 936 726 994 viros
755 936 945 1004 Lantraacum,

146 1032 350 1098 Guitmundum,
366 1027 496 1101 algerum
518 1025 617 1084 advos
639 1025 785 1094 mitterem,
802 1025 826 1079 si
849 1023 945 1079 saltem

143 1123 187 1181 vel
201 1123 253 1178 hos
267 1136 322 1176 non
336 1133 386 1191 pro
402 1115 495 1185 majori
519 1115 691 1180 auctoritate,
722 1114 771 1169 sed
799 1128 848 1184 pro
878 1119 946 1168 tem-

145 1211 221 1286 poris
247 1209 365 1265 vicinata
393 1214 418 1261 et
450 1204 602 1260 domestica
629 1202 784 1275 cognitione
813 1202 944 1273 dignore-

146 1301 212 1357 mini
235 1299 337 1371 legere,
359 1296 401 1351 vcl
420 1293 580 1364 pateremini
602 1292 707 1348 audire.
733 1290 852 1361 Quorum
873 1289 944 1345 alter

146 1388 367 1460 archiepiscopus
382 1382 595 1449 cantuariensis,
611 1382 678 1437 atter
691 1380 839 1452 episcopus
854 1380 943 1433 aiver-

145 1495 236 1545 sanus,
252 1475 344 1533 tertius
358 1483 421 1528 ante
435 1471 580 1528 canonicus
601 1477 627 1526 et
655 1470 787 1542 magister
807 1468 943 1523 Leodien-

1747 244 1802 301 *tto

959 359 1092 431 Aplenc,
1108 361 1244 433 pertecte;
1260 377 1376 436 sequens
1391 362 1497 434 melius,
1508 364 1799 441 plenius,perteotius;

1001 448 1112 504 ultimus
1127 452 1264 524 (tigerus)
1283 453 1395 524 optime,
1411 453 1588 526 plenissime..
1598 456 1802 527 pontentissime

1001 537 1142 606 disseruit,
1156 539 1224 596 adeo
1239 547 1268 596 ut
1282 540 1441 599 nibiletiam
1455 542 1690 618 scrupulosissimo
1704 545 1801 604 lectori

1001 628 1177 700 quaerendum
1189 628 1343 702 reliquerit.

1372 730 1423 785 ltt.

1000 821 1176 880 Taransnrus
1188 823 1230 882 De
1240 826 1425 899 scriptoribus
1436 829 1644 899 ecolenasltois,
1654 846 1719 905 cop.
1734 833 1797 888 328.

1035 929 1152 1001 tigerus
1167 946 1203 986 ex
1232 932 1393 991 scholastico
1417 936 1568 993 monachus
1580 936 1755 994 corbeiensis
1770 938 1799 995 io

1000 1016 1130 1087 Saxonis,
1146 1021 1258 1077 natione
1271 1022 1443 1092 Teutonicus,
1472 1024 1577 1081 ordinis
1598 1026 1682 1083 sancti
1707 1028 1798 1084 bene·

999 1106 1073 1174 dicti,
1090 1109 1134 1163 vir
1149 1107 1178 1164 in
1194 1109 1294 1167 sanctis
1314 1111 1532 1187 scripturisjugi
1547 1115 1636 1171 studio
1665 1115 1798 1172 exercita·

999 1202 1051 1266 tus,
1067 1204 1093 1251 et
1106 1206 1227 1254 veterum
1251 1199 1369 1256 lectione
1384 1201 1470 1271 dives,
1486 1211 1568 1273 atquc
1580 1203 1609 1259 in
1623 1203 1800 1262 mutuatus

999 1285 1095 1342 titteris
1110 1285 1257 1359 magnilica
1273 1288 1378 1356 doctus,
1400 1288 1510 1363 ingenio
1524 1299 1619 1347 cautus
1632 1300 1661 1349 et
1673 1293 1738 1349 saus
1753 1294 1798 1351 di-

998 1383 1087 1430 sertus
1107 1376 1224 1448 eloquio,
1254 1377 1376 1434 carmine
1402 1378 1495 1435 valeas
1521 1387 1549 1436 et
1575 1396 1663 1453 prosa,
1691 1382 1800 1455 scripsit

997 1463 1104 1518 urbano
1120 1464 1267 1519 admodum
1281 1465 1350 1537 stylo
1366 1465 1471 1537 insigne
1487 1467 1614 1525 volumen
1637 1470 1677 1528 De
1698 1487 1800 1528 sacra·

145 1569 194 1636 sis,
206 1566 304 1622 dehinc
318 1571 409 1619 nostro
423 1570 543 1631 tompore
565 1559 716 1614 monachus
743 1565 771 1612 et
799 1555 943 1628 presbyter
996 1558 1093 1610 mento
1107 1555 1221 1619 attaris,
1237 1553 1286 1609 lib.
1297 1570 1340 1611 ιιι.
1354 1556 1425 1623 Quia
1435 1558 1571 1615 canende
1585 1573 1750 1632 corpore-
1759 1562 1800 1616 tte

144 1658 172 1714 in
199 1653 363 1712 monasterio
393 1649 572 1717 cluniacensi,
603 1647 649 1702 ubi
678 1647 759 1701 etiam
788 1645 857 1700 liber
883 1646 941 1715 ejus
996 1644 1232 1714 pratioctlitero
1254 1644 1449 1712 arbitrialib.
1466 1647 1800 1722 tharentasiensem

143 1746 270 1811 hahetur,
294 1758 368 1814 purae
381 1755 413 1797 ac
441 1740 549 1794 devotm
576 1734 795 1792 conversationis
823 1734 937 1789 exstitit.
957 1731 1119 1801 Bliicrum
1134 1761 1168 1771 -
1181 1739 1207 1786 ot
1220 1733 1354 1803 quasdam
1378 1734 1523 1806 epistolas.
1546 1736 1652 1793 Dicitur
1665 1745 1758 1794 autern
1772 1744 1802 1795 et

142 1836 244 1891 llorum
272 1831 377 1903 primus
405 1828 440 1883 de
466 1827 579 1883 veritate
607 1824 731 1895 corporis
747 1831 775 1879 et
799 1822 940 1896 sanguinis
996 1819 1050 1875 alia
1068 1818 1208 1891 complura
1235 1822 1389 1894 scripsisse,
1419 1840 1479 1897 quae
1507 1824 1544 1881 ad
1565 1840 1664 1882 manus
1687 1834 1802 1884 noscas

143 1921 249 1991 Christi,
266 1936 326 1993 quae
341 1924 573 1974 sacramentorum
587 1913 721 1971 velamine
737 1911 847 1984 tegitur,
861 1912 939 1977 benc,
997 1924 1052 1964 non
1063 1916 1208 1965 venerunt.

658 2111 863 2228 DIVI
917 2107 1277 2226 ALGERI

859 2300 902 2361 IN
931 2298 1087 2360 LIBRUM

143 2412 1795 2527 onstonartmusooaromsmsnuoormsoommor

685 2608 1234 2756 PROLOGUS.

176 2946 247 3017 Quia
262 2942 347 3000 sancti
358 2940 393 2998 de
407 2955 523 3010 corpore
539 2947 566 2994 et
586 2940 719 3012 sanguine
734 2937 846 2995 Domini
866 2937 940 2993 vane
955 2937 980 3000 c
995 2935 1062 2991 dixit
1079 2955 1085 2992 :
1103 2939 1414 2995 Nisimanducooeritis
1435 2955 1551 2997 carnem
1568 2940 1637 2998 Filii
1657 2940 1793 3013 bominis,

138 3037 300 3100 scribentes,
316 3030 462 3101 aliquando
491 3029 525 3084 de
549 3029 677 3085 universo
705 3030 824 3096 Christo,
844 3026 935 3096 capite
988 3042 1046 3081 non
1060 3026 1560 3098 babebitisoitominnotis(toon.v1,
1574 3031 1793 3102 solutionem

136 3125 239 3184 scilicet
252 3132 279 3178 et
293 3120 435 3185 memhris,
452 3117 598 3190 aliquando
612 3134 668 3174 non
684 3119 718 3174 de
735 3118 871 3183 universo,
887 3114 935 3170 sed
988 3116 1084 3186 gratita
1109 3116 1159 3171 Dei
1183 3116 1356 3189 derogantes,
1386 3116 1479 3173 dicunt
1507 3118 1682 3175 sacerdotum
1710 3119 1793 3175 malis

136 3214 180 3272 rel
195 3211 339 3283 decapite,
356 3209 400 3264 vel
414 3208 448 3264 dc
461 3207 602 3275 membris,
617 3208 772 3278 loquuntur,
786 3203 935 3276 aliquando
989 3204 1094 3258 meritis
1109 3204 1144 3259 ita
1160 3204 1361 3261 invocationem
1390 3206 1474 3260 divini
1502 3206 1619 3262 nominis
1645 3208 1791 3276 annullari,

135 3321 200 3362 cum
215 3308 395 3365 sacramento,
412 3297 556 3368 aliquando
579 3296 638 3352 sine
666 3304 851 3366 sacramento,
867 3293 935 3348 sim·
990 3296 1020 3347 ul
1035 3308 1129 3348 eorum
1151 3293 1265 3365 indigna
1290 3295 1498 3351 consecratione
1512 3313 1568 3352 non
1594 3296 1695 3353 debeat
1714 3298 1793 3367 panis

134 3392 252 3469 plicibus
267 3389 353 3461 (uide
369 3404 399 3442 rc
414 3384 544 3441 inetiahili
560 3401 615 3440 non
642 3386 788 3450 intellecta)
816 3399 933 3450 errores,
990 3381 1019 3435 in
1035 3382 1135 3436 Christi
1149 3397 1260 3438 carnem
1275 3384 1405 3439 converti.
1422 3384 1475 3440 dlii
1486 3401 1554 3441 vero
1569 3386 1668 3440 mutari
1678 3383 1792 3457 quidem

133 3483 293 3555 plusautem
303 3493 384 3551 quam
393 3479 501 3546 oportet
509 3490 608 3546 sapere
619 3473 775 3530 solentibus
784 3474 935 3545 gignuntur
989 3469 1016 3524 in
1033 3485 1142 3526 carnem
1157 3471 1267 3540 Christi,
1283 3472 1332 3528 aad
1345 3472 1424 3528 malis
1435 3472 1542 3529 meritis
1553 3474 1718 3530 sumentium
1732 3490 1790 3530 non

132 3572 259 3636 haereses,
277 3568 357 3633 adeo,
374 3574 401 3620 ut
412 3563 553 3634 simplices
572 3562 624 3617 nisi
639 3563 787 3634 perfectius
797 3560 931 3626 instructi,
987 3574 1153 3629 permanere
1169 3575 1282 3616 carnem
1306 3561 1413 3630 Christi,
1428 3563 1477 3618 sed
1505 3562 1602 3619 iterum
1630 3564 1733 3620 reverti
1760 3564 1791 3619 in

133 3659 250 3717 errando
264 3662 387 3727 pereant,
410 3653 470 3723 plus
490 3668 571 3725 quem
587 3661 693 3723 oportet
721 3652 857 3723 sapientes
881 3648 934 3703 nisi
987 3655 1300 3718 puromsacramentum
1316 3651 1392 3721 panis
1411 3651 1521 3707 etvini.
1554 3651 1619 3719 atii,
1646 3652 1720 3725 qood
1745 3660 1788 3708 est

130 3746 243 3806 correcti
262 3744 372 3807 tuerint,
388 3741 511 3796 docendo
536 3749 562 3795 et
586 3739 761 3796 defendendo
790 3739 862 3811 quod
881 3754 932 3794 ne·
985 3737 1112 3802 deterius,
1128 3737 1222 3794 dicunt
1235 3755 1285 3809 per
1300 3739 1505 3809 comestionem,
1518 3741 1547 3796 in
1562 3740 1643 3797 toedae
1673 3741 1789 3816 digesti·

132 3838 230 3902 sciunt,
246 3850 276 3888 se
292 3840 318 3887 et
333 3831 400 3886 alios
418 3829 541 3901 perdant.
557 3829 610 3885 alii
633 3829 704 3885 caim
715 3828 786 3901 quod
800 3828 833 3882 de
849 3843 932 3882 mern·
986 3827 1048 3881 onis
1059 3827 1181 3882 converti
1196 3828 1411 3899 corruptionem.

133 3926 190 3982 bris
203 3923 312 3989 dicitur,
328 3919 409 3991 capiti
423 3918 560 3974 ascribunt
576 3935 583 3984 ;
607 3918 665 3983 alii,
682 3918 753 3987 quod
777 3917 810 3972 do
830 3916 929 3988 capite,
1021 3932 1092 4000 Qui,
1107 3941 1186 4007 πῖθι
1201 3941 1241 3989 101
1256 3936 1382 4005 meses,
1397 3936 1459 3992 0151
1474 3953 1536 4008 φη
1550 3944 1612 3993 sunt
1623 3937 1684 3995 211ae
1699 3937 1734 3995 (10
1742 3954 1790 3996 ῃ.

130 4013 261 4072 memhris
287 4011 452 4079 imponunt;
477 4013 504 4061 0²
531 4006 565 4061 dt
593 4014 710 4078 uimque
738 4005 780 4061 V⁰¹
805 4005 931 4060 anesum
984 4030 1122 4078 cremento
1145 4023 1269 4094 corporis
1297 4033 1324 4080 et
1347 4025 1485 4098 sangoinis
1513 4027 1612 4083 Christi
1641 4027 1787 4100 pullulant,

130 4114 185 4161 tem
205 4099 317 4157 contuse
331 4097 458 4161 sentiunt»
479 4102 517 4161 ul,
534 4095 577 4150 vel
592 4102 673 4166 0³91st
683 4094 763 4149 nimis
779 4093 929 4160 humilimus
983 4109 1018 4165 de
1038 4111 1148 4166 veritate
1163 4118 1188 4166 et
1203 4112 1301 4168 virtute
1316 4112 1399 4183 ipsius
1414 4157 1420 4181 ,
1436 4115 1572 4187 aspirante
1584 4115 1676 4171 divina
1686 4117 1787 4190 gratia,

130 4193 174 4251 vel
189 4189 312 4247 membra
327 4185 406 4240 nimi-³
419 4183 580 4256 glorifissessl·
603 4193 628 4240 θί
643 4184 685 4238 8ῑο
714 4198 764 4239 ¹1⁰⁰
780 4182 852 4254 (iuml
880 4199 930 4239 le·
983 4207 1082 4270 quanto
1098 4200 1205 4255 fidelius
1220 4209 1313 4271 potero
1329 4203 1470 4259 absolvam
1487 4219 1494 4270 ;
1510 4220 1565 4260 non
1580 4206 1705 4261 bumana
1720 4207 1786 4278 qui·

130 4297 194 4338 rum
211 4293 261 4334 nec
276 4275 346 4346 t1¹⁰d
362 4273 477 4344 ‘lignum
495 4280 536 4327 ⁰⁸¹
555 4272 679 4341 utrinque
695 4271 857 4342 diludissssssl·
943 4289 971 4353 D
986 4287 1049 4342 dem
1064 4287 1178 4355 ratione,
1193 4305 1253 4360 quae
1267 4290 1367 4347 adhoc
1383 4307 1435 4347 non
1465 4293 1592 4365 suppetit,
1618 4293 1668 4349 sed
1696 4294 1785 4363 ipsius

163 4365 318 4426 Nccsolum
332 4363 365 4418 de
381 4360 490 4418 veritate
506 4360 626 4431 emporis
650 4360 759 4427 Christi.
776 4361 822 4416 sed
838 4369 865 4416 0²
892 4363 926 4419 dt
982 4376 1080 4432 Christi
1099 4387 1315 4449 sanctorumque
1339 4381 1508 4447 testimoniis,
1539 4381 1639 4454 quihus
1653 4382 1784 4440 Ecclesia

126 4450 407 4522 sacramentoipsius,
425 4448 627 4516 l'tfiielffllflts
659 4446 793 4519 Vtrimque
823 4466 925 4519 Pl0te·
982 4465 1471 4542 roborataconsistit,aquibusque
1491 4468 1596 4526 firmius
1620 4474 1781 4528 veramoh-

126 4549 205 4603 niunt
218 4545 350 4599 haereses.
369 4537 421 4593 Alfi
436 4537 510 4592 essim
524 4553 623 4608 tantm
638 4544 664 4591 ⁰1
677 4536 768 4592 linum
784 4552 839 4592 ¹¹⁰⁰
860 4555 924 4594 ¹¹¹⁰·
978 4553 1045 4610 tinet
1060 4554 1153 4625 fidem,
1170 4571 1202 4611 eo
1216 4557 1316 4612 certius
1330 4565 1457 4613 aternam
1472 4559 1627 4631 assequitur
1648 4558 1779 4617 salutem.

124 4647 217 4700 tatum,
233 4631 280 4687 Sed
295 4630 382 4685 ⁵⁰¹¹¹¹¹¹
397 4633 607 4694 Sflsssflmefflffllls
630 4626 700 4681 ⁸5⁰¹st
726 4641 824 4697 aluam
854 4627 924 4699 hap·
979 4644 1040 4700 Non
1054 4643 1142 4708 onim,
1159 4651 1188 4699 ut
1199 4645 1237 4699 ait
1250 4646 1406 4716 Apostolos,
1422 4649 1454 4704 in
1468 4649 1704 4719 percussionum
1729 4649 1784 4708 ttu-

124 4722 254 4786 lismaliS,
271 4719 314 4775 Vel
329 4717 419 4773 oleum
438 4715 604 4779 chrismalis,
620 4728 719 4785 corpus
742 4715 840 4770 Christi
869 4733 922 4772 non
982 4733 1783 4812 mamsapigntioelverm‘g,sedperstuttitiamproedg'ca.

128 4829 204 4880 vere,
215 4809 263 4866 scd
278 4808 393 4880 figurate
408 4804 503 4860 vocari
527 4804 629 4870 dicunt,
645 4803 783 4859 sicotcum
796 4803 917 4861 dicitur:
978 4822 1066 4877 1507,ss
1075 4821 1188 4893 praeuio
1205 4823 1295 4878 sappo,
1309 4824 1404 4894 pacm
1427 4824 1575 4883 credente,
1589 4846 1599 4896 ,-
1613 4829 1690 4900 quta,
1706 4829 1782 4900 quod

122 4902 223 4974 Accipe
238 4902 343 4954 vestem
357 4893 500 4950 thdidflm
517 4908 599 4963 (lutm
614 4892 736 4963 perieras
751 4901 816 4949 ³⁰²0
831 4895 921 4951 ilibu-
977 4909 1100 4965 stultum
1115 4913 1160 4964 est
1173 4910 1233 4974 Dei,
1249 4912 1409 4983 sapientius
1422 4918 1464 4969 est
1478 4915 1638 4972 hominibus
1648 4936 1658 4984 ,·
1669 4918 1781 4990 ctouod

122 5003 169 5060 nol
180 4999 288 5064 Christi,
304 5013 354 5053 nec
370 5005 459 5052 mmcn
472 4995 568 5066 ipsam,
598 4994 646 5048 scd
660 4993 695 5048 ah
723 4993 786 5064 ipsa
810 4994 920 5067 signiti-
972 4996 1123 5066 trtfirmum
1138 5002 1179 5054 est
1190 4999 1250 5066 Dei,
1259 5002 1415 5071 tortiusrst
1426 5003 1587 5061 bominibus
1602 5006 1624 5074 (l
1634 5005 1727 5062 Corsa.
1738 5006 1778 5076 t).

123 5110 224 5160 catam
242 5097 395 5154 hliiautem
411 5095 615 5164 dicuntpanem
630 5108 686 5148 non
709 5092 797 5148 solum
825 5108 920 5149 sacra·
976 5093 1088 5150 Videtur
1114 5095 1188 5151 enim
1213 5096 1337 5165 stultum,
1374 5098 1423 5154 sed
1461 5099 1557 5171 stultis,
1587 5101 1723 5158 Christum
1750 5102 1779 5159 in

120 5206 252 5264 mentum,
267 5194 317 5251 sed
342 5192 453 5263 inpane
468 5189 605 5246 Christum
633 5188 711 5262 quasi
740 5188 918 5261 impanatum,
974 5194 1066 5265 specie
1081 5193 1158 5264 panis
1173 5195 1283 5262 etvini,
1307 5196 1393 5253 brutae
1410 5197 1515 5254 scilicet
1547 5198 1598 5269 rei,
1611 5210 1778 5272 presentem

120 5295 191 5351 sicut
206 5295 292 5350 Deum
307 5291 334 5345 in
353 5304 436 5346 corne
459 5287 638 5359 personaliter
651 5287 835 5342 incarnatum.
865 5287 920 5343 atii
974 5290 1056 5348 nobis
1068 5291 1247 5363 corporaliter
1261 5292 1340 5360 tieri;
1358 5294 1465 5353 tantilla
1475 5296 1593 5353 formula
1606 5298 1698 5370 panis,
1714 5308 1777 5356 tan·

119 5399 209 5450 autem
224 5405 324 5462 panem
348 5395 374 5443 et
388 5386 480 5444 sinum
507 5385 537 5439 in
564 5399 674 5441 carnem
701 5391 729 5439 et
757 5385 919 5457 sauguinem
973 5397 1028 5446 tam
1042 5390 1213 5459 maiestatem
1229 5391 1375 5449 contineri.
1391 5393 1446 5450 Sed
1467 5394 1527 5465 quis
1541 5395 1570 5450 in
1597 5395 1656 5453 Deo
1674 5412 1775 5470 repre-

116 5485 226 5556 mutari,
240 5485 289 5542 sed
303 5499 359 5539 non
373 5480 481 5552 Christi,
496 5481 546 5537 sed
559 5479 705 5550 cujuslibet
727 5479 776 5536 tilii
799 5481 918 5538 hominis
972 5485 1092 5542 bendere
1105 5485 1214 5556 debeat,
1230 5487 1307 5561 quod
1328 5488 1358 5544 in
1380 5489 1441 5562 ipso
1467 5491 1554 5563 plum,
1577 5492 1659 5550 nohis
1682 5502 1774 5553 aulem

110 5585 323 5645 amcaetheo
335 5580 449 5655 accepti,
473 5587 503 5638 at
516 5578 774 5654 compleaturqnod
793 5577 919 5641 Christos
970 5582 1240 5642 mammonam?
1263 5584 1422 5660 Cadmca
1443 5587 1555 5661 quidem
1582 5604 1641 5649 non
1665 5589 1775 5652 ridetur
