3728 6000
101 234 160 291 '125
340 254 344 259 ·
422 231 474 289 bu
487 230 637 289 NATURA
652 227 827 289 CORPORIS
839 229 885 287 ΕΤ
896 229 1017 294 adfatu
1031 230 1127 291 LIBRI
1138 232 1225 292 buo.
1244 263 1280 278 -
1300 231 1371 291 ata.
1386 231 1423 289 11.

103 356 150 431 (ll
162 354 223 415 Gor.
237 354 287 428 ts),
303 355 360 412 vita
371 354 433 424 Dei,
444 355 499 412 vita
509 354 610 412 scilicet
618 353 751 427 spirituali
761 354 789 411 in
799 354 902 428 gaudio
915 356 945 421 Α
958 359 1002 414 tur
1017 373 1024 429 ;
1040 357 1213 433 efficiturque
1227 359 1297 418 sicut
1311 375 1396 432 equus
1410 364 1437 415 et
1450 358 1551 431 mulus,
1574 359 1675 431 quibus
1698 379 1755 420 non

102 446 225 520 Spiritus
239 446 338 513 sancti,
358 445 385 500 in
400 461 448 516 spe
470 443 587 502 liliomm
610 445 671 512 Dei,
689 443 716 500 in
731 443 903 516 contempla·
958 455 998 503 est
1019 446 1181 518 intellectus,
1218 448 1338 521 prudens
1362 455 1462 504 tantum
1487 455 1517 504 ιιι
1540 448 1622 504 faciat
1641 450 1755 522 malurn,

103 535 178 592 ιιοιιι
206 543 233 591 ιι
260 533 410 605 exemplari
437 551 553 591 summae
576 534 699 605 justitiae.
724 534 796 591 tivit
824 535 904 590 etiam
957 537 1028 592 bene
1053 545 1142 593 autern
1166 536 1258 594 facere
1281 537 1417 595 nesciens.
1442 536 1490 593 Sui
1509 537 1583 593 nulla
1606 553 1681 606 cura,
1706 542 1757 596 Dei

102 623 225 697 mandis
240 623 285 680 bic
299 623 374 693 visit,
394 624 515 697 quandin
529 622 574 679 hic
591 639 625 680 ex
640 631 719 697 parte
741 638 791 695 per
805 638 905 694 specu·
958 625 1034 680 nulla
1045 625 1185 682 memoria.
1201 627 1278 683 Unde
1302 634 1328 682 et
1345 625 1520 698 passionibus
1532 627 1587 681 suis
1608 626 1680 683 foede
1704 642 1757 683 an-

102 713 161 770 lum
175 712 250 769 videt
263 715 290 767 ιι
304 713 461 786 aenigmate,
481 713 650 769 naturalibus
664 711 837 783 passionibus
850 711 907 768 suis
957 714 1039 787 gitur,
1056 714 1152 785 quibus
1166 715 1269 771 misera
1286 714 1416 782 abutitur,
1433 714 1497 769 dnm
1521 731 1575 769 non
1592 715 1679 785 timet,
1704 715 1758 770 nisi

102 801 144 858 sie
159 810 253 870 utens,
268 809 297 856 ιιι
311 802 339 857 in
353 816 436 858 carne
449 801 538 874 posita
551 816 606 857 non
621 800 770 856 secundum
795 815 905 858 carnem
959 818 1020 875 quae
1041 803 1164 860 sensibus
1179 811 1241 860 sunt
1254 804 1379 872 molesta,
1404 818 1458 859 non
1480 804 1591 875 gaudet,
1617 803 1669 858 nisi
1693 820 1758 861 cum

102 891 189 959 visat,
205 898 232 946 et
246 905 316 962 pene
335 888 382 946 fiat
395 890 582 962 impassibilis,
599 905 664 947 curn
684 889 824 962 passiones
839 890 906 960 ipsae
958 899 1058 964 praesto
1080 897 1152 960 sunt,
1169 909 1230 965 quae
1245 893 1431 961 blandiuntur,
1447 908 1503 949 non
1522 893 1605 962 dotet,
1620 893 1673 948 nisi
1696 910 1759 949 cum

99 995 158 1036 non
173 977 316 1051 passiones
339 977 364 1035 ei
385 978 447 1046 sint,
462 978 511 1035 sed
525 979 649 1048 virtutes,
670 977 737 1034 dnm
760 993 814 1034 non
830 978 906 1034 timet
958 980 1090 1037 tolluntur
1107 998 1179 1054 :par
1193 981 1283 1038 omnia
1298 981 1395 1037 bestiae
1408 980 1452 1039 rel
1466 981 1566 1053 pecudi
1578 981 1688 1048 similis,
1704 982 1758 1039 nisi

100 1070 158 1125 nisi
173 1068 270 1124 limma
285 1076 361 1124 casto
377 1083 384 1138 ;
400 1068 464 1123 durn
477 1083 532 1123 non
547 1067 632 1135 dolet,
643 1068 695 1124 nisi
710 1069 775 1139 qula
785 1065 907 1123 differtur
959 1070 1043 1143 qnod,
1058 1079 1086 1126 ιιι
1102 1086 1183 1143 supra
1200 1070 1302 1127 dictum
1317 1079 1369 1141 est,
1394 1070 1422 1126 in
1437 1069 1492 1125 illis
1513 1079 1554 1126 est
1575 1081 1670 1127 natura
1684 1072 1759 1151 quod

102 1166 256 1226 sregno;
282 1159 346 1210 dum
373 1154 402 1210 in
425 1155 565 1211 latitudine
592 1154 729 1211 charitatis
756 1155 907 1211 exhilarata
959 1161 1056 1216 vitium
1071 1160 1154 1215 estin
1178 1160 1296 1216 bumana
1311 1159 1411 1215 anima.
1434 1161 1537 1216 Tamen
1558 1161 1685 1217 continuo
1706 1178 1758 1217 usu

101 1239 168 1298 laeta
190 1246 278 1301 currit
298 1244 370 1300 riam
395 1244 586 1301 mandatorum
609 1243 762 1300 Deicmnia
777 1243 905 1311 credens,
959 1249 1251 1306 mabtioeanimietate
1271 1248 1413 1323 languoris
1428 1248 1471 1305 sui
1487 1250 1527 1306 sic
1548 1250 1695 1321 aliqnando
1711 1251 1761 1306 ob·

102 1333 198 1389 omnia
212 1349 337 1406 sperans,
353 1334 442 1390 omnia
454 1335 604 1399 sustinens,
615 1341 666 1390 ιιι
677 1332 906 1405 contemplatione
959 1337 1100 1409 stupescit,
1117 1345 1147 1394 ιιι
1161 1342 1189 1394 ιι
1208 1337 1267 1410 ipsa
1286 1338 1488 1411 quodammodo
1503 1337 1636 1394 efficiatur
1658 1340 1760 1412 impas-

102 1419 168 1478 linis
182 1422 224 1479 sui
248 1423 372 1480 suaviter
383 1438 478 1478 amans
495 1440 502 1487 ;
519 1426 547 1478 ιι
561 1421 634 1492 quod
653 1421 760 1489 fruitur,
787 1428 813 1477 ιι
834 1421 907 1494 qnod
959 1426 1051 1482 sibilis
1066 1425 1126 1484 sive
1139 1426 1309 1483 insensibilis
1324 1428 1390 1483 dum
1404 1427 1487 1483 nimia
1501 1427 1647 1483 intentione
1661 1429 1761 1499 nequi-

102 1510 219 1584 patitnr,
242 1519 269 1568 ιι
292 1511 366 1585 qnod
384 1518 534 1583 exspectat,
559 1510 677 1567 dulciter
690 1510 719 1565 in
739 1524 772 1566 eo
795 1509 906 1582 requie·
960 1515 1005 1572 ιιι
1019 1517 1122 1587 quaevis
1146 1514 1293 1572 durissima
1307 1523 1446 1590 etsspera
1470 1517 1545 1574 carni
1569 1532 1623 1573 non
1647 1517 1759 1590 refugit,
1824 1538 1826 1542 ⁸

104 1616 187 1657 scens
201 1600 231 1657 in
243 1617 303 1674 spa,
317 1599 437 1674 quandin
462 1608 573 1657 manent
592 1598 669 1667 fides,
692 1614 755 1671 spes
779 1598 905 1666 charitat,
958 1613 988 1662 ut
1000 1605 1066 1673 suis,
1084 1605 1111 1661 id
1126 1612 1168 1661 est
1182 1605 1281 1662 animae
1295 1605 1517 1678 corruptionibus
1533 1605 1680 1676 deserviat,
1697 1619 1762 1664 ara·

103 1679 157 1746 tris
169 1689 240 1748 baec.
256 1690 323 1747 Cum
333 1691 405 1747 enim
416 1690 547 1761 absorpta
561 1688 725 1746 fueritmors
738 1687 767 1743 in
781 1687 904 1753 victoria,
920 1727 947 1788 Β
961 1693 1032 1751 ιιιΙιι
1046 1693 1148 1750 ιιιιιιιι
1161 1701 1189 1751 ιι
1202 1693 1427 1765 concupiscentie
1441 1694 1542 1762 carnis,
1562 1694 1606 1752 rel
1621 1693 1762 1750 oculorum

105 1787 133 1836 et
148 1786 308 1838 evacuatum
324 1781 396 1853 quod
416 1796 450 1836 ex
464 1788 542 1853 parte
557 1787 608 1847 est,
622 1778 681 1849 iam
703 1792 757 1834 non
773 1778 826 1833 erit
839 1776 907 1834 fides
961 1781 1006 1841 rel
1017 1782 1173 1839 ambitionis
1193 1784 1298 1840 saeeuti.
1325 1783 1370 1840 Sic
1392 1782 1460 1840 vivit
1486 1782 1606 1856 quandiu
1635 1783 1763 1855 sepulcro

106 1869 151 1926 rel
163 1884 239 1942 spes¹
255 1869 305 1925 sed
319 1869 379 1925 sola
392 1884 458 1940 ras;
475 1883 537 1924 cum
551 1868 581 1923 in
593 1884 626 1924 ea
637 1866 764 1940 regnabit
776 1873 802 1922 et
812 1867 909 1922 exsul·
962 1872 1085 1942 corporis
1097 1870 1253 1928 includitur.
1274 1875 1307 1927 at
1321 1872 1368 1927 ubi
1382 1872 1447 1928 inde
1474 1871 1567 1930 avulsa
1589 1873 1669 1928 fuerit
1691 1887 1764 1943 pene

107 1959 174 2015 tabit
194 1959 283 2029 major
297 1959 419 2015 omnium
435 1958 564 2024 ebaritas,
591 1957 730 2012 destructo
758 1956 857 2012 timore
883 1962 910 2012 ιι
964 1959 1033 2018 sicut
1048 1960 1077 2016 in
1090 1961 1175 2017 brutis
1190 1960 1361 2028 animalibus,
1378 1961 1478 2034 quibus
1497 1978 1526 2016 se
1541 1963 1621 2017 sentit
1637 1961 1764 2028 similem,
1837 1954 1840 1959 '

1700 235 1754 296 '126
1845 268 1854 279 --

107 2048 215 2116 dolore,
230 2063 331 2119 speque
345 2045 452 2118 fideque
469 2045 626 2102 transmissa
642 2064 650 2114 3
666 2054 693 2101 et
716 2053 780 2101 tunc
794 2045 910 2100 intrabi-

108 2143 153 2192 tur
166 2136 337 2210 ingaudium
352 2136 470 2203 Domini,
487 2136 514 2190 in
529 2150 583 2207 quo
597 2133 707 2190 intrabit
725 2134 805 2190 beata
819 2134 912 2190 anima

109 2224 237 2295 feliciter,
262 2225 289 2280 in
305 2240 338 2282 eo
360 2226 463 2282 victura
485 2222 658 2292 aetemafiter,
675 2224 744 2281 etin
763 2222 829 2279 illud
843 2237 911 2296 pro-

110 2314 203 2389 prium
237 2330 337 2386 corpus
368 2320 554 2371 resurrectura
584 2312 752 2381 mirabiliter,
784 2320 814 2368 ut
837 2311 913 2386 qnod

108 2404 249 2477 particeps
264 2404 314 2458 fuit
341 2403 453 2472 laboris,
469 2402 604 2475 particeps
618 2402 700 2459 etiarn
715 2400 748 2457 sit
775 2399 869 2474 glorie
885 2399 914 2455 in

107 2494 166 2550 rita
181 2500 295 2550 aeterna.
311 2495 349 2548 Αι
363 2500 461 2549 contra
480 2492 576 2548 infelix
590 2499 617 2547 ιι
629 2492 751 2563 degener
772 2489 873 2558 anima,
890 2492 913 2546 si

106 2589 201 2639 tamen
215 2581 307 2638 anima
322 2581 438 2639 dicenda
460 2587 512 2649 est,
526 2597 587 2653 quae
608 2579 739 2651 seipsam
762 2579 872 2646 occidit,
887 2585 915 2636 st

106 2670 135 2727 in
150 2672 241 2745 seipsa
269 2678 441 2740 mortuaest,
457 2671 658 2734 catabathmon,
673 2668 702 2725 id
717 2674 766 2736 est,
795 2667 913 2724 descen·

105 2776 169 2818 snm
183 2761 252 2817 facit
263 2759 375 2817 inferius
390 2779 396 2816 :
409 2761 465 2816 imo
481 2775 535 2816 non
549 2758 722 2824 descensum,
735 2756 785 2813 sed
795 2757 912 2824 emnam,

108 2858 139 2906 ιιι
161 2867 223 2922 quse
249 2850 277 2904 in
291 2850 419 2906 sordibus
440 2856 492 2916 ιιι,
516 2848 654 2904 sordescat
677 2847 765 2902 adbuc
780 2863 788 2901 :
803 2845 914 2918 agitque

109 2947 138 2997 et
160 2938 260 3012 patitur
284 2939 378 2996 omnia
402 2954 452 3010 per
475 2937 652 3003 contrarium,
677 2935 792 2992 alienata
815 2949 833 2990 a
856 2934 914 3020 vita

107 3027 171 3085 Dei.
186 3028 256 3084 Nam
270 3028 307 3083 ad
324 3027 474 3102 imaginem
496 3034 524 3084 ιι
538 3026 671 3082 visionem
687 3024 736 3081 Dei
750 3030 850 3094 creata,
865 3022 914 3078 ubt

965 2055 1021 2105 toto
1037 2065 1098 2105 eum
1113 2064 1228 2121 corpore
1248 2049 1369 2106 moritur.
1386 2049 1453 2106 Cum
1469 2050 1542 2105 enirn
1557 2066 1624 2106 vera
1637 2050 1696 2120 ejus
1719 2066 1767 2106 es·

965 2137 1088 2195 sentialis
1104 2138 1187 2194 virtus
1203 2138 1314 2194 omnino
1328 2139 1355 2193 in
1372 2155 1403 2194 ea
1423 2139 1581 2212 deperierit,
1605 2140 1638 2196 de
1654 2156 1706 2211 qua
1721 2141 1766 2197 di-

966 2226 1003 2284 cit
1018 2226 1172 2298 sapientia:
1191 2249 1202 2275 ι
1218 2226 1303 2283 Deum
1320 2227 1395 2293 time,
1411 2235 1437 2283 et
1452 2229 1578 2284 mandata
1592 2230 1652 2301 ejus
1666 2231 1765 2286 obser·
1858 2290 1863 2297 ,

967 2331 1012 2384 ιιι,
1027 2315 1080 2372 boc
1094 2323 1134 2370 est
1147 2315 1221 2371 enirn
1235 2315 1324 2372 omnis
1346 2317 1428 2373 bonto
1443 2318 1543 2388 (Eccle.
1560 2320 1619 2389 ru).
1639 2342 1650 2368 »
1675 2319 1768 2388 justis·

967 2403 1038 2459 simo
1053 2412 1142 2460 minen
1162 2403 1268 2474 judicio
1283 2403 1335 2460 Dei
1351 2411 1405 2460 tota
1419 2405 1559 2461 morinen
1577 2405 1744 2477 permittitur
1759 2427 1766 2474 ;

968 2492 1018 2548 sed
1032 2499 1162 2564 quantum
1176 2492 1210 2547 ad
1221 2491 1344 2549 dolorem
1360 2492 1451 2550 solnm
1474 2503 1628 2550 reservatur
1650 2495 1769 2566 passibi-

968 2581 1011 2650 lis,
1028 2580 1137 2636 exclusa
1151 2580 1187 2636 ab
1200 2581 1276 2637 omni
1299 2581 1413 2655 gaudio,
1427 2582 1544 2639 alienata
1566 2584 1600 2638 ab
1616 2584 1690 2640 omni
1708 2599 1770 2657 spe,
1859 2582 1863 2589 '

969 2669 1096 2727 timorem
1110 2668 1217 2749 nulfum
1229 2669 1336 2727 babens
1349 2670 1464 2740 doloris,
1479 2671 1527 2729 sed
1541 2671 1595 2744 ipsi
1608 2672 1695 2728 dolori
1715 2679 1771 2730 tota

968 2757 1149 2830 emancipata.
1165 2757 1272 2830 Nempe
1286 2759 1383 2816 virens
1398 2759 1526 2831 quiddam
1545 2759 1682 2819 vivificum
1696 2758 1724 2816 in
1739 2777 1771 2817 ea

968 2854 1104 2914 remanet,
1121 2845 1183 2919 quia
1204 2847 1271 2904 sirit
1284 2851 1394 2904 tantum
1414 2855 1444 2904 ut
1465 2849 1607 2920 patiatur3
1633 2849 1769 2920 passibilis
1803 2889 1805 2893 «

969 2943 998 2991 ιιι
1011 2933 1134 3007 pariatur
1144 2934 1188 2992 rel
1211 2941 1366 3008 torquentur
1380 2936 1487 2994 vivifiea
1502 2945 1531 2993 ut
1558 2953 1658 3010 eorpus
1672 2938 1770 2994 iterum

968 3023 1087 3080 vivificet
1102 3041 1109 3078 :
1126 3031 1155 3080 ιιι
1168 3038 1231 3081 enm
1244 3040 1277 3081 eo
1292 3032 1448 3098 torqueatur
1464 3040 1472 3095 ;
1488 3041 1605 3098 semper,
1630 3041 1692 3082 cum
1715 3042 1769 3099 quo
1788 3076 1796 3095 ,

107 3116 230 3188 incipere
253 3117 346 3172 debuit
358 3116 447 3172 Deum
461 3130 568 3187 sapere,
584 3114 622 3169 ibi
642 3111 747 3186 incipit*
757 3112 884 3184 desipere
901 3129 908 3177 ;
925 3081 1099 3180 Glibuisset,
1124 3112 1146 3168 si
1170 3111 1299 3185 licuisset,
1323 3129 1439 3186 peccare
1462 3130 1581 3186 semper.
1604 3116 1664 3171 Heu
1687 3133 1769 3187 quam

109 3221 279 3280 egressaque
301 3221 318 3261 a
341 3205 412 3261 facie
436 3206 547 3261 Domini
571 3204 641 3261 sicut
662 3203 731 3259 Cain
754 3202 835 3275 (Gen.
858 3201 909 3274 tr),
965 3201 1065 3257 melius
1078 3200 1118 3257 illi
1141 3201 1237 3271 fuerat,
1253 3202 1277 3257 si
1294 3202 1365 3259 sicut
1388 3203 1477 3259 anima
1500 3202 1609 3274 pecoris
1636 3212 1768 3259 tetecum

108 3296 214 3353 habitat
236 3295 264 3351 in
285 3295 397 3368 regione
421 3292 655 3359 dissimilitudinis,
677 3292 704 3347 in
721 3299 796 3348 terra
818 3290 908 3358 Nalm,
965 3305 1081 3361 corpore
1094 3299 1258 3359 moreretur,
1272 3306 1306 3347 ns
1321 3290 1349 3347 in
1362 3300 1492 3348 aeternum
1507 3292 1649 3363 puniretur
1666 3294 1671 3347 l
1688 3293 1768 3349 lianc

108 3383 138 3440 id
152 3391 194 3440 cst
206 3385 412 3442 commotionis.
429 3383 550 3439 Exterris
564 3397 580 3439 a
595 3382 691 3439 virtute
706 3381 777 3439 vitiis
799 3377 909 3452 subigi·
964 3386 1055 3436 autem
1070 3379 1157 3437 beatae
1169 3380 1269 3437 animae
1278 3380 1420 3437 etmlserae
1434 3379 1693 3447 dissimilitudinem,
1708 3381 1768 3437 sola

108 3479 154 3529 tar
169 3487 176 3528 :
192 3473 312 3530 alienma
325 3489 342 3529 a
355 3488 421 3545 pace
445 3472 561 3531 filiomm
582 3471 633 3527 Dei
647 3470 676 3526 in
703 3469 793 3542 scipsa
806 3468 909 3526 tumul·
963 3467 1030 3525 facit
1044 3467 1145 3525 amoris
1166 3468 1367 3525 dissimilitudo.
1391 3469 1423 3526 ln
1445 3468 1533 3525 altera
1559 3469 1660 3541 quippe
1683 3485 1763 3525 amor

109 3567 201 3618 tustur
216 3579 222 3617 :
238 3570 324 3619 ιιιιιιι
338 3561 488 3618 naturalem
507 3561 535 3616 in
558 3560 708 3633 nequitiam
732 3573 910 3630 corrumpens
962 3555 1095 3613 naturalis
1108 3556 1251 3631 dignitatis
1264 3564 1396 3629 tenorem,
1411 3557 1440 3613 in
1451 3557 1538 3615 altera
1552 3571 1619 3617 vero
1642 3557 1764 3631 degene-

110 3659 137 3708 ιι
164 3651 299 3718 eandam,
334 3651 470 3708 malitiosa
497 3648 633 3714 eflicitur;
663 3647 838 3705 animalitatis
865 3645 911 3703 vel
964 3645 1045 3703 satin
1059 3645 1219 3721 pecudalem
1234 3646 1326 3705 caruis
1339 3646 1547 3706 animalitatem.
1857 3646 1860 3651 '

110 3756 240 3799 sensnum
254 3739 392 3799 illecebris
413 3740 530 3815 turpiter
551 3755 581 3797 se
605 3738 773 3810 immergens
790 3734 911 3794 lmnris·
