3728 6000
165 232 217 291 tlt

671 226 861 287 Galabatha
880 224 1023 287 aaattts
1043 226 1074 284 S.
1098 224 1312 288 tacebantur

1753 206 1820 288 ‘tro

164 354 272 426 captiva
285 353 383 412 ancilla
396 361 440 411 tua
452 355 513 426 jure
529 351 594 422 belli
608 360 635 408 et
647 359 720 410 sorte
747 351 866 409 victoria
887 366 957 409 aon·
971 352 1000 414 A
1014 354 1109 408 latium
1124 351 1293 424 requirentis,
1321 351 1444 409 illumina
1467 357 1495 409 et
1510 350 1615 409 sirilica
1645 351 1818 410 desiderium

166 445 278 516 quisita,
294 442 436 500 inveniens
451 444 567 516 gratiam
582 443 611 497 in
626 442 714 499 oculis
729 441 781 496 tuis
794 456 844 513 per
858 442 960 498 fructus

165 532 449 605 dignospoenitentiae,
459 532 608 588 secundum
623 531 723 604 legem,
741 532 885 601 amputatis
904 537 961 587 ate

165 621 295 678 omnibus
305 621 363 690 ejus
378 621 534 692 superflum,
545 628 675 691 perpetua
689 620 821 676 charitate
845 627 871 675 ct
889 621 962 675 iusc-

164 709 240 765 lubili
258 710 447 778 conjunctione
475 717 595 765 transeat
619 710 646 763 in
670 709 824 780 amplexum
841 708 950 765 victoris

166 799 209 855 Ob
221 800 273 854 hoc
287 800 501 868 epithalamium,
519 799 652 854 canticum
677 798 806 868 nuptiale,
823 799 960 854 canticum

163 888 257 960 sponsi
276 895 302 942 et
316 903 430 958 sponsae
440 888 632 960 aggredientes
658 887 850 943 revolvendum
866 895 892 942 et
915 889 960 942 in-

163 976 330 1048 spiciendum
346 992 414 1046 opus
428 986 512 1041 tuum,
529 984 622 1032 sancte
651 975 777 1046 Spiritus,
793 983 819 1033 te
847 979 961 1032 invoca·

163 1082 233 1131 mus,
251 1074 279 1119 ut
291 1081 381 1120 amore
397 1073 441 1120 tao
470 1067 632 1136 repleamur,
661 1080 678 1121 ο
704 1080 792 1132 amor,
812 1065 846 1120 ad
866 1066 962 1120 intelh-

164 1154 284 1227 gendum
295 1154 428 1208 canticum
444 1155 556 1219 amoris,
572 1161 601 1207 ut
616 1162 642 1208 et
656 1169 706 1209 uos
722 1154 848 1224 colloquii
863 1154 962 1225 Sponsi

166 1253 192 1299 et
207 1243 320 1313 Sponsae
331 1243 501 1312 aliquatenus
516 1242 664 1298 elhaiamur
677 1242 833 1313 participes,
850 1252 878 1298 ut
896 1260 960 1314 aga·

165 1340 209 1388 tur
223 1333 249 1386 in
263 1332 343 1386 nobis
359 1331 432 1402 quod
447 1332 567 1403 legitera
584 1332 673 1387 nohis.
691 1332 741 1388 Ubi
756 1332 827 1386 enim
842 1332 877 1386 de
891 1331 960 1386 affe·

165 1420 254 1475 atibus
270 1420 369 1491 agitur,
386 1436 440 1475 non
455 1420 535 1475 facile
551 1420 629 1474 nisia
644 1420 769 1475 simililer
796 1419 899 1475 affectis
914 1437 962 1476 ca·

164 1510 238 1579 pitnr
251 1508 323 1580 quod
337 1509 444 1564 dicitur.
461 1510 548 1564 allice
563 1526 630 1581 ergo
645 1526 696 1564 nos
712 1510 771 1576 tibi,
786 1519 880 1565 sancta
905 1511 964 1580 Spi-

166 1605 244 1672 ritus,
261 1615 353 1663 ssncte
365 1607 507 1671 Paraclite,
524 1621 616 1663 sancte
630 1608 803 1674 Consolator,
815 1608 961 1664 consolare

167 1713 354 1776 paupertatem
369 1705 522 1761 solitudinis
532 1715 643 1775 nostrae,
660 1708 766 1763 nullum
781 1716 858 1762 extra
874 1713 899 1764 te
912 1723 960 1763 so·

1014 441 1159 509 tendentis,
1175 449 1204 497 ut
1219 439 1352 497 ‹afficiatur
1362 457 1439 497 amor
1448 441 1569 497 lruentis.
1580 441 1694 509 adesto,
1707 450 1735 497 ut
1749 457 1815 498 vere

1014 537 1186 594 amemus,ut
1200 529 1235 585 de
1251 530 1325 585 fonte
1348 530 1447 586 amoris
1473 530 1511 585 tui
1538 530 1654 602 prodeat
1680 530 1814 602 quidquid

1013 620 1212 675 sentiemusvel
1227 620 1359 674 dicemus.
1386 620 1525 675 Canticum
1548 619 1649 674 auroris
1675 619 1715 673 tui
1740 620 1814 674 sica

1013 708 1094 763 nobis
1109 709 1225 778 legatur,
1243 715 1269 762 ut
1284 724 1406 764 amorem
1423 708 1511 778 ipsum
1525 707 1551 762 in
1567 708 1645 763 uobis
1662 707 1812 764 accendat:

1013 798 1072 867 ipsa
1087 813 1150 852 vero
1160 813 1237 852 amor
1250 799 1387 853 canticum
1403 813 1482 851 suum
1492 813 1540 868 per
1554 813 1584 851 se
1598 799 1677 852 nobis
1692 797 1812 868 aperiat.

1013 887 1075 941 Non
1090 895 1179 942 autem
1194 886 1372 957 profundiora
1405 886 1451 941 illa
1480 887 1702 957 mysteriaque
1729 887 1758 940 in
1781 901 1814 943 eo

1014 975 1192 1041 contineatur,
1208 980 1372 1030 attentamus
1387 975 1420 1031 de
1435 975 1541 1031 Christo
1564 984 1591 1030 at
1610 974 1741 1042 Ecclesia,
1762 975 1812 1030 sed

1014 1065 1171 1120 cohibentes
1185 1079 1234 1118 nos
1248 1064 1322 1118 intra
1331 1080 1391 1130 nos,
1406 1072 1432 1119 et
1445 1064 1475 1118 in
1485 1064 1813 1135 nobismetipsisnosmet·

1013 1154 1088 1224 ipsos
1104 1152 1254 1218 metientes,
1271 1153 1304 1206 de
1315 1167 1415 1222 sponso
1426 1168 1458 1207 ac
1473 1167 1586 1223 sponsa,
1607 1155 1641 1208 de
1661 1152 1768 1207 Christo
1783 1158 1812 1205 et

1014 1242 1207 1298 deChristiana
1220 1242 1319 1309 anima,
1331 1257 1439 1296 sensum
1468 1241 1654 1296 tantummodo
1681 1241 1812 1295 moralem

1014 1333 1140 1402 aliquem,
1157 1331 1182 1384 in
1195 1346 1249 1400 quo
1272 1332 1399 1385 omnihus
1420 1331 1520 1386 audere
1542 1331 1613 1397 lieet,
1639 1345 1689 1401 pro
1715 1345 1813 1384 sensus

1015 1420 1098 1476 nostri
1115 1426 1271 1490 paupertate
1287 1420 1508 1492 perstringimus,
1533 1420 1634 1476 laboris
1659 1420 1743 1475 nostri
1759 1433 1813 1472 non

1015 1509 1099 1564 alium
1110 1511 1279 1579 requirentes
1293 1507 1421 1579 fructum,
1438 1525 1517 1582 quam
1544 1510 1661 1565 similem
1679 1510 1811 1576 materiae,

1015 1607 1091 1663 idest
1109 1621 1228 1662 amorem
1245 1606 1347 1677 ipsius.

805 2073 1173 2166 Expostulo.

203 2453 283 2508 Liber
297 2469 362 2525 ergo
387 2453 431 2508 hic
455 2452 609 2507 Salomonis
624 2423 768 2508 Canticum
792 2451 1097 2516 canticorudeitur,
1122 2458 1151 2505 ut
1180 2466 1288 2522 sponsae
1329 2451 1356 2505 in
1389 2451 1518 2522 amplexu
1539 2449 1632 2520 sponsi
1652 2447 1812 2520 quiescenti,

169 2539 334 2608 inscribitur,
350 2540 392 2595 rel
407 2540 469 2610 quia
490 2555 619 2594 sensnum
641 2538 774 2611 dignitate
789 2546 816 2593 et
840 2539 960 2594 materiae

168 2629 350 2701 prerogativa
365 2629 550 2699 superomnia
566 2629 674 2699 antiqua
686 2629 895 2699 patriarcharum
912 2644 959 2682 seu

166 2719 362 2789 prophetarum
378 2717 483 2771 cantica
510 2716 644 2771 excellere
673 2717 788 2782 vitiatur,
816 2733 901 2786 agens
930 2716 964 2770 de

168 2820 434 2876 sponsoacsponsa,
459 2805 564 2859 Christo
580 2814 605 2858 et
633 2805 756 2859 rationali
785 2805 887 2866 aalma,
918 2804 963 2858 vel

168 2895 230 2966 quia
245 2901 401 2950 sanctorum
417 2895 506 2964 potius
530 2893 674 2948 allectuum
703 2893 892 2948 convenientia
913 2893 963 2961 ju-

166 2983 265 3038 bilatur
279 2999 294 3038 a
310 2982 390 3037 beato
403 2984 513 3053 populo,
531 2983 576 3054 qui
591 2983 639 3036 scit
651 2982 850 3050 jubilationem,
867 2983 895 3036 in
919 2984 962 3038 lu-

168 3073 242 3126 mine
256 3072 347 3126 vultus
363 3072 415 3125 Dei
426 3071 580 3137 ambulans,
596 3086 677 3142 quam
692 3070 861 3126 diversarum
878 3087 963 3126 sono-

167 3177 227 3215 rum
243 3159 656 3216 vocaliconcordiadccantetur.
670 3159 857 3230 Agitenimdc
869 3177 962 3217 amore

166 3249 226 3316 Dei,
237 3251 279 3304 rcl
294 3265 347 3320 quo
364 3251 436 3303 Deus
451 3259 563 3314 amatur,
580 3248 623 3303 vel
636 3263 689 3319 qao
704 3249 762 3319 ipse
788 3249 863 3303 Deus
887 3266 963 3305 amor

165 3338 270 3403 dicitur,
287 3339 333 3409 qui
353 3345 441 3392 utrum
470 3351 547 3392 amor
574 3337 689 3404 dicatur,
714 3351 749 3390 an
771 3337 900 3403 charitas,
928 3353 962 3392 an

1017 2549 1116 2610 agenta
1131 2541 1191 2609 ipso
1206 2556 1316 2612 sponso,
1331 2555 1384 2610 par
1395 2541 1536 2595 ordinetur
1550 2545 1577 2592 et
1597 2537 1696 2609 quietis
1709 2535 1811 2592 securi·

1019 2636 1068 2696 tas,
1085 2629 1227 2696 adJurante
1242 2646 1274 2685 eo
1290 2646 1320 2685 ac
1335 2630 1442 2685 dicente
1459 2643 1465 2683 :
1484 2651 1494 2676 u
1509 2628 1613 2697 AdJuro
1628 2642 1687 2690 vos,
1706 2624 1769 2679 liliae
1784 2626 1817 2680 Je

1018 2718 1146 2783 rusalcm,
1162 2727 1190 2772 nt
1205 2735 1258 2773 non
1286 2718 1429 2782 suscitetis,
1446 2732 1533 2786 acque
1557 2715 1687 2783 evigilare
1703 2713 1813 2769 faciatis

1017 2807 1144 2870 anricam,
1154 2807 1311 2878 donecipsa
1321 2807 1384 2861 velit
1398 2805 1492 2875 (Ceret.
1503 2809 1543 2874 ιι).
1557 2828 1568 2853 ι
1582 2803 1699 2872 Quartus
1713 2810 1811 2868 tamea,

1017 2897 1064 2965 qui
1080 2903 1106 2949 et
1117 2895 1238 2961 ultimus,
1255 2895 1347 2949 altiore
1363 2894 1490 2966 mysterio
1505 2895 1585 2949 aliter
1609 2892 1718 2946 videtur
1745 2906 1813 2945 eou-

1017 2983 1099 3047 cludi,
1116 2984 1253 3054 quiscum
1268 2983 1313 3037 alii
1328 2983 1362 3037 de
1375 2983 1562 3050 conjunctione
1574 2981 1667 3051 sponsi
1683 2988 1708 3035 et
1725 2995 1812 3048 spon-

1017 3072 1158 3143 saa,quasi
1187 3072 1464 3126 festivumvidcantur
1491 3070 1622 3142 gaudium
1651 3069 1814 3139 praecinere,

1015 3160 1114 3215 illesic
1137 3161 1305 3224 terminatur,
1317 3170 1344 3214 ut
1360 3175 1524 3231 magnopere
1541 3158 1602 3229 luga
1616 3173 1716 3228 sponso
1741 3157 1814 3211 indi·

1016 3259 1115 3304 catura
1127 3266 1227 3320 sponsa
1238 3249 1402 3319 predicante
1412 3249 1557 3303 addicente
1575 3265 1581 3300 :
1600 3246 1813 3318 «‚Fuge,dilecte

1016 3340 1065 3404 mi,
1095 3346 1120 3392 et
1158 3339 1309 3392 assimilare
1333 3354 1441 3408 capreae
1469 3337 1633 3408 hinnuloque
1670 3352 1813 3390 carrorum

165 3427 274 3483 dilectio
290 3443 344 3482 non
360 3428 455 3494 relert,
470 3428 522 3481 nisi
539 3429 610 3498 quod
627 3425 654 3480 ia
676 3427 774 3481 amoris
802 3428 962 3482 nominete-
1016 3425 1111 3495 (Cant.
1128 3433 1179 3494 ru).
1199 3450 1209 3474 a
1227 3427 1305 3495 Quod
1320 3427 1401 3496 quale
1417 3425 1459 3491 sit,
1490 3425 1515 3478 si
1539 3440 1654 3494 sponsus
1678 3422 1736 3494 ipse
1765 3425 1812 3478 di-

167 3516 468 3585 nerquidamamantis
488 3515 598 3569 indicari
628 3515 737 3569 videtur
763 3513 887 3582 allectus,
906 3524 961 3571 ten·
1015 3516 1143 3587 gnabitur
1157 3517 1289 3581 revelare,
1306 3532 1355 3569 suo
1371 3514 1430 3569 loco
1442 3515 1558 3568 dicetur.
1576 3513 1707 3568 Scribilur
1721 3522 1814 3567 autem

168 3604 257 3659 dentis
273 3603 314 3657 vel
329 3604 488 3666 ambientis;
506 3605 534 3657 in
552 3604 661 3659 nomine
673 3619 734 3658 vero
754 3603 894 3658 charitatis
907 3606 963 3675 spi·
1016 3603 1157 3658 Canticum
1171 3606 1222 3658 huc
1235 3605 1261 3656 in
1272 3604 1382 3658 modum
1399 3603 1529 3657 dramatis
1545 3610 1571 3655 et
1594 3601 1663 3671 stylo
1692 3602 1811 3666 comico,

168 3689 544 3762 ritualisquaedamah'cctio,
567 3693 608 3745 rel
625 3692 754 3759 getulium
778 3692 907 3755 iruentis;
935 3693 963 3747 in
1016 3701 1142 3764 tanquam
1155 3709 1205 3763 per
1219 3709 1349 3763 personas
1364 3700 1390 3746 et
1402 3700 1481 3745 aetus
1497 3691 1671 3760 recitandum,
1689 3698 1716 3743 ut
1742 3691 1814 3744 sicut

168 3777 312 3833 dilectione
327 3787 416 3832 aulem
432 3778 469 3832 rei
491 3778 651 3832 delectantis
668 3783 801 3848 appetitus
812 3780 960 3835 naturalis:
977 3809 1001 3872 C
1016 3782 1043 3835 in
1056 3782 1200 3837 comu’diis
1216 3781 1359 3835 recitandis
1374 3796 1494 3851 personae
1518 3779 1634 3833 cliversre
1657 3787 1681 3831 et
1710 3778 1815 3833 diversi

169 3882 229 3938 qum
245 3877 334 3920 tamea
350 3866 441 3921 omnia
456 3865 482 3919 in
495 3882 591 3920 amore
606 3868 699 3936 sponsi
723 3876 749 3922 et
764 3884 870 3938 sponsae
892 3885 962 3923 unus
1016 3880 1101 3931 actus,
1118 3871 1159 3924 sic
1173 3879 1198 3923 et
1213 3870 1239 3923 in
1256 3871 1307 3924 hnc
1321 3869 1432 3924 Cantica
1444 3884 1606 3925 concurrere
1621 3867 1671 3920 sibi
1700 3867 1814 3921 videan-

167 3961 249 4025 atque
265 3954 337 4008 idem
353 3954 473 4024 Spiritus
484 3963 619 4024 operatur.
637 3954 728 4008 Amori
745 3971 808 4010 rcro
824 3958 914 4026 sponsi
935 3962 963 4013 et
1017 3967 1191 4027 turpersonae
1207 3964 1232 4012 et
1247 3956 1370 4024 affectus,
1386 3957 1420 4011 ad
1449 3956 1635 4027 peragendum
1655 3964 1813 4026 susceptum

166 4057 275 4113 sponsae
290 4040 325 4096 ad
338 4042 499 4097 cantandum
516 4043 657 4096 Canticum
670 4058 768 4097 norum
785 4043 823 4098 sic
838 4045 963 4100 serviunt
1017 4046 1154 4117 negotium
1169 4046 1279 4111 amoris,
1295 4054 1322 4101 et
1335 4046 1478 4116 mysticum
1493 4053 1657 4099 contractum
1673 4044 1773 4099 dirinae
1788 4052 1817 4100 et

167 4131 287 4186 omnium
299 4139 455 4185 sanctarum
469 4131 596 4185 virtutum
613 4130 737 4197 allectus,
753 4140 781 4186 ut
796 4132 818 4185 si
849 4132 919 4187 bene
935 4138 962 4187 et

166 4233 216 4274 suo
238 4219 332 4273 ordine
360 4219 546 4290 processerint
573 4236 665 4274 eartun
693 4222 841 4291 prolectas,
867 4237 962 4277 omnes

167 4312 303 4363 transeant
322 4315 348 4363 et
374 4308 549 4362 terminentur
568 4309 595 4362 in
617 4310 676 4379 ejus
700 4308 824 4364 affectus.
858 4310 962 4366 Caetera

166 4397 275 4468 quidem
304 4405 491 4452 evacuantur:
519 4398 672 4452 «Clrarrtas
698 4414 834 4470 nunquam
862 4399 963 4454 excidit

167 4486 199 4556 (l
214 4487 274 4541 Cor.
293 4485 363 4556 xrrr).
387 4508 398 4534 r
429 4485 476 4540 Vel
502 4487 644 4542 Canticum
673 4489 838 4543 cantieorum
853 4489 959 4558 dicitur,

168 4576 234 4646 quia
246 4579 363 4646 quatuor
375 4574 402 4628 iu
419 4589 448 4629 se
459 4573 565 4630 videtur
591 4575 693 4631 cantica
721 4577 868 4631 continere.
885 4576 961 4645 Qua-

169 4670 228 4718 tuor
241 4662 374 4733 siquidem
389 4663 569 4719 divisionibus
580 4664 769 4736 distinguitur,
778 4680 839 4735 quae
848 4664 962 4737 singulas

166 4767 216 4807 suo
231 4751 365 4821 accubitu,
381 4752 463 4807 idest
477 4752 568 4823 sponsi
584 4769 618 4808 ae
637 4768 743 4823 sponsae
771 4753 961 4823 conjunctione

166 4840 353 4896 terminantur.
372 4839 696 4909 Quamconjunctionem,
724 4842 759 4897 ob
783 4843 961 4897 reverentiam

166 4928 326 4983 sacramenti
349 4930 442 5000 magni
471 4928 498 4983 in
522 4929 628 4984 Christo
656 4938 682 4984 et
708 4930 837 4999 Ecclesia,
861 4932 962 5003 placuit

167 5015 280 5086 Spiritui
295 5025 387 5072 sancto
402 5017 560 5072 honestiore
575 5017 839 5087 nomiuehonoraro,
859 5030 885 5075 et
912 5037 959 5076 ac-

165 5105 287 5161 cubitum
302 5104 390 5175 polius
405 5105 544 5176 appellare
560 5121 639 5177 quam
656 5107 839 5172 concubitum,
853 5107 960 5163 dicente

165 5208 261 5265 sponsa
277 5209 307 5248 :a
325 5194 395 5248 Dum
417 5201 486 5249 esset
507 5210 553 5249 rex
573 5194 600 5248 in
627 5195 756 5250 accubitu
785 5211 834 5250 suo
856 5166 1001 5250 nardusD

166 5298 225 5337 mea
239 5283 314 5336 dedit
336 5283 450 5337 odorem
466 5298 543 5337 suum
559 5283 653 5352 (Cant.
670 5284 702 5350 t).
732 5307 743 5332 r
773 5284 963 5356 Unusquisque

165 5386 231 5425 vero
239 5372 382 5426 accubitus
391 5371 559 5441 praemissam
568 5372 649 5426 habet
657 5374 860 5442 epithalamium
871 5389 960 5442 suum,

164 5457 248 5513 idest
269 5459 406 5514 canticum
434 5459 564 5530 nuptiale,
587 5475 640 5531 quo
668 5476 786 5528 sponsus
814 5468 840 5515 et
862 5477 963 5533 sponsa

165 5546 243 5618 quasi
256 5547 428 5604 deducantur
441 5548 476 5604 ad
491 5547 648 5617 thalamum,
665 5557 693 5606 et
718 5548 746 5605 in
774 5549 826 5606 hoc
853 5552 962 5608 conclu·

1017 4135 1141 4189 humana·
1149 4134 1353 4202 conjunctionis.
1373 4135 1497 4188 Personae
1511 4148 1575 4187 vero
1588 4140 1703 4203 quatuor
1726 4140 1788 4186 sunt
1803 4150 1811 4186 ι

1016 4223 1137 4294 Sponsus
1152 4232 1178 4279 et
1192 4223 1299 4278 sodales
1314 4223 1381 4291 ejus,
1412 4237 1514 4293 sponsa
1542 4229 1569 4276 et
1592 4220 1812 4276 adolescentula-

1015 4327 1078 4366 rum
1092 4314 1202 4367 chorus.
1220 4310 1333 4366 Sodales
1347 4311 1440 4380 sponsi
1451 4310 1540 4381 angeli
1560 4317 1634 4375 sunt,
1664 4309 1741 4363 bonis
1759 4325 1813 4363 uo-

1016 4401 1080 4454 stris
1095 4400 1298 4472 congaudentes
1312 4408 1338 4454 et
1359 4400 1488 4471 congruis
1518 4399 1546 4452 in
1575 4399 1626 4454 hoc
1654 4397 1812 4452 ministeriis

1015 4489 1153 4544 deservire
1173 4497 1304 4544 amantes.
1338 4489 1421 4543 l‘orro
1444 4486 1651 4542 adolescentulae
1675 4494 1738 4540 sunt
1766 4493 1810 4542 te-

1014 4593 1087 4633 nerae
1101 4591 1133 4632 ac
1148 4576 1261 4631 novellae
1274 4576 1381 4642 animae,
1391 4592 1461 4647 quae,
1473 4575 1500 4627 in
1515 4574 1685 4645 disciplinam
1697 4590 1728 4630 ao
1742 4590 1812 4644 pro·

1014 4665 1159 4720 tassionem
1175 4665 1323 4734 spiritualis
1338 4664 1438 4718 amoris
1453 4663 1524 4717 datis
1539 4663 1695 4718 nominibus
1719 4663 1810 4717 humi-

1015 4755 1096 4809 litatis
1107 4754 1247 4824 ohsequiis
1262 4762 1288 4808 et
1311 4753 1466 4807 imitationis
1482 4752 1570 4806 studio
1596 4767 1714 4822 sponsae,
1730 4752 1756 4805 id
1773 4760 1813 4807 cst

1014 4843 1228 4916 perfectioribus,
1244 4841 1364 4913 gaudent
1378 4842 1528 4896 adhaerere.
1545 4842 1589 4897 Sic
1603 4849 1692 4895 tamen
1716 4855 1813 4894 aman-

1015 4934 1086 4988 tihns
1104 4940 1158 4987 tota
1183 4931 1285 4987 amoris
1313 4931 1384 4986 aetio
1413 4930 1592 5002 relinquitur3
1619 4937 1648 4983 ut
1667 4929 1810 4983 silentibus

1013 5018 1211 5087 coamantibus,
1224 5028 1248 5074 et
1264 5020 1406 5084 stantibus,
1423 5028 1448 5073 et
1471 5018 1653 5083 audientibus,
1670 5024 1696 5072 et
1711 5018 1811 5089 gaudio

1015 5109 1198 5182 gaudentibus
1212 5109 1244 5162 ad
1260 5123 1355 5162 rocem
1378 5108 1472 5179 sponsi
1501 5115 1528 5161 et
1551 5121 1666 5175 sponsae,
1696 5106 1726 5159 in
1756 5112 1811 5160 toto

1016 5195 1067 5252 hoc'
1085 5196 1198 5252 Cantico
1212 5196 1256 5252 vii
1271 5196 1399 5250 audiatur
1411 5211 1473 5264 vox,
1486 5195 1529 5250 rel
1547 5193 1650 5250 locutio
1665 5194 1812 5248 intersera-

1016 5294 1067 5349 tur,
1079 5285 1129 5339 nisi
1146 5287 1241 5355 sponsi
1256 5300 1287 5339 ac
1303 5300 1418 5356 sponsae.

1053 5374 1184 5445 Propositi
1201 5389 1263 5428 vcro
1287 5373 1417 5427 dramatis
1438 5372 1594 5437 historialis,
1625 5371 1735 5437 fabulae,
1765 5388 1812 5427 sen

1016 5464 1157 5534 parabolae
1171 5464 1222 5518 hoc
1239 5469 1327 5533 potest
1348 5479 1410 5518 esse
1434 5470 1632 5535 argumentum.
1655 5461 1712 5516 Rex
1730 5461 1812 5517 Salo·

1017 5566 1083 5608 mon
1098 5550 1179 5607 liliam
1196 5551 1341 5607 Pharaonis
1354 5551 1473 5623 AEgyptii
1501 5551 1577 5606 duxit
1604 5564 1731 5607 uxorem.
1765 5549 1816 5606 Cui
