3728 6000
106 291 160 347 ‘idi

681 287 730 344 DE
748 285 1000 345 SACRAMENTO.
1018 319 1052 328 -
1067 288 1133 344 hta.
1157 290 1178 343 l.

1705 287 1758 342 762

109 415 226 484 inerant,
243 421 272 471 ut
287 431 394 483 manna,
414 422 504 486 petro,
520 415 690 490 aliquatenus
705 416 813 468 mutatae
832 419 902 467 sunt.
918 412 947 474 A
961 419 1181 471 ctomnermore
1193 417 1381 482 transierant,
1392 414 1756 471 etcroncaenmdemercom

963 505 1142 575 spiritualem
1151 500 1755 573 merodaenrcrnottldortx,t).Spiritnalem

962 593 1053 665 utique
1067 593 1207 661 eamdem;
1228 609 1291 648 nam
1307 592 1475 664 corporalem
1498 589 1697 662 cheremonis
1716 589 1756 644 illi

962 697 1071 746 manna,
1088 698 1138 737 nos
1152 682 1225 736 aliud
1238 701 1245 747 ;
1267 681 1433 752 spiritualem
1444 697 1508 735 vero
1519 680 1665 750 (eamdeml
1676 695 1757 750 quam

962 787 1023 825 nos.
1041 772 1073 825 Et
1086 787 1180 826 omnes
1191 771 1317 826 cumdem
1334 778 1425 841 potum
1437 768 1603 841 spiritualem
1620 767 1754 822 biberunt.

961 859 1041 914 Aliud
1053 859 1103 924 illi,
1119 858 1192 915 aliud
1208 875 1267 922 nos,
1278 859 1326 914 sed
1341 860 1434 929 specie
1450 858 1566 913 visibili:
1579 857 1651 929 qnod
1665 865 1754 911 tamen
1840 916 1843 921 ,

962 949 1032 1003 idern
1054 946 1221 1020 significaret
1239 948 1336 1003 virtute
1360 947 1502 1018 spirituali.
1521 943 1662 1015 Quomodo
1684 943 1756 1000 enim

109 507 191 576 Aqua
211 520 276 561 vero
290 504 472 577 baptismatis,
488 513 513 560 et
535 505 624 562 oleum
643 504 793 559 chrismatis
814 503 841 556 in
862 517 909 556 sa-

107 601 248 649 cramento
261 593 297 648 ab
311 594 362 649 boc
376 594 448 664 qnod
463 603 572 650 estnon
588 602 706 648 mutatur
715 613 724 660 ;
745 607 796 647 nec
818 590 908 661 Spiri-

107 690 167 738 tum
194 687 330 750 sanctum,
360 698 440 755 quern
474 683 608 756 spuitione
643 698 711 752 aqna
742 681 906 748 abluentem,

107 770 312 841 emundantem,
324 771 414 826 oleum
424 788 489 826 vero
500 773 687 838 roborantem,
697 770 906 835 illuminantem,

106 860 234 932 quamvis
261 860 432 917 credemibus
455 877 504 916 stro
531 859 659 932 mysterio
692 859 826 927 exhibeat,
854 873 908 912 non

106 957 200 1004 tamen
212 949 350 1006 continere
366 949 557 1020 essentialiter,
576 949 623 1005 sed
640 948 780 1022 figurative
802 951 906 1002 tontum

106 1037 236 1095 creditur.
272 1038 365 1094 Solum
393 1047 589 1094 sacramentum
626 1040 703 1109 panis
732 1045 758 1092 et
786 1035 844 1091 vini
871 1037 908 1091 ita

107 1133 241 1192 mutatur,
257 1136 285 1181 ut
299 1125 515 1183 substantialiter
526 1143 579 1182 non
590 1127 623 1182 sit
637 1127 709 1199 quod
723 1135 785 1182 anta
801 1127 905 1193 fuerat,

106 1215 160 1272 sed
183 1215 331 1272 substantia
349 1217 410 1286 ejus
426 1233 524 1286 corpus
544 1216 640 1272 Christi
661 1215 715 1284 liat,
732 1214 818 1270 torma
839 1229 907 1270 rern

105 1320 253 1361 remanens
267 1305 354 1376 ipsum
370 1303 505 1377 signifieat
519 1312 545 1360 et
559 1305 703 1360 contineat.

144 1394 323 1449 Hancautam
338 1394 419 1465 panis
438 1400 464 1448 et
479 1393 534 1447 vini
549 1393 728 1448 substantiam
744 1391 804 1447 ideo
821 1390 906 1447 Chri·

106 1486 169 1537 stus
183 1482 212 1537 in
232 1490 459 1539 suosacramento
474 1497 617 1537 remanere
631 1498 684 1536 non
700 1481 794 1548 voluit,
818 1498 862 1547 ne,
884 1481 906 1536 si

106 1571 172 1627 duae
195 1570 365 1627 substantive
380 1570 519 1640 veritates,
536 1571 614 1640 panis
639 1571 741 1626 scilicet
755 1570 906 1625 communis

105 1667 213 1726 noster,
238 1667 265 1716 et
288 1660 345 1732 ipse
362 1661 438 1716 virus
459 1669 485 1716 et
507 1677 587 1715 verus
602 1661 679 1733 panis
698 1660 725 1714 in
740 1659 837 1715 eodem
859 1676 905 1713 sa-

961 1037 1085 1093 eumdem
1113 1038 1227 1108 potum?
1243 1037 1386 1103 bibebant,
1403 1036 1498 1106 inquit,
1522 1036 1555 1091 dc
1568 1035 1694 1106 spiritali
1713 1049 1756 1089 re·

961 1122 1754 1200 qaerrtceoapetrn,petronatemerotClaristnstihid„l).

961 1215 1026 1270 lnde
1036 1216 1125 1285 panis,
1137 1214 1199 1269 inde
1208 1221 1297 1284 pctus.
1311 1215 1389 1269 Petra
1400 1214 1520 1268 Christus
1533 1213 1558 1266 in
1572 1213 1664 1281 signo,
1673 1226 1756 1267 verns

961 1304 1081 1361 Christus
1096 1305 1124 1358 in
1146 1303 1235 1358 Verbo
1259 1310 1286 1358 et
1307 1303 1334 1356 iu
1355 1318 1445 1357 earne.
1468 1303 1566 1356 Munna
1588 1307 1617 1356 et
1638 1301 1755 1371 speeiem

961 1393 1098 1450 visibilem
1114 1392 1192 1464 panis
1206 1400 1232 1446 et
1253 1391 1310 1446 vini
1325 1391 1493 1462 corporalem
1515 1405 1606 1445 escam
1622 1389 1696 1459 dicit,
1712 1386 1756 1443 di·

961 1499 1035 1539 versa
1055 1482 1108 1537 illis
1130 1489 1156 1535 et
1184 1481 1282 1549 nobis;
1299 1481 1347 1535 sed
1368 1479 1440 1550 quod
1455 1478 1628 1535 credentibus
1650 1476 1704 1531 illis
1729 1483 1756 1532 et

962 1571 1041 1626 nobis
1057 1587 1106 1641 per
1124 1571 1195 1625 banc
1217 1570 1352 1625 diversum
1374 1584 1466 1623 escam
1494 1566 1662 1640 significatur
1683 1565 1755 1620 idern

961 1669 1011 1723 est,
1022 1661 1124 1716 scilicet
1140 1659 1281 1715 Christus:
1297 1667 1323 1714 et
1339 1659 1401 1715 tileo
1421 1657 1485 1712 dicit
1500 1657 1527 1710 in
1543 1656 1628 1728 signis
1647 1654 1756 1710 (liversa

106 1756 251 1805 eramento
266 1757 366 1814 essent,
388 1766 506 1805 errorem
528 1751 674 1821 gignerent
690 1749 818 1817 veritatis,
839 1750 903 1804 dum
919 1769 945 1829 Β
961 1767 1020 1806 esse
1043 1765 1142 1804 manna
1158 1756 1184 1803 et
1198 1764 1310 1819 panem,
1327 1748 1353 1801 in
1377 1762 1417 1815 re,
1432 1746 1460 1801 id
1484 1744 1566 1802 estin
1581 1743 1687 1800 Christo
1709 1742 1756 1815 qui

106 1835 148 1890 ibi
162 1845 235 1892 esset
256 1846 281 1893 et
300 1837 358 1908 ipse
376 1853 459 1892 verns
480 1837 569 1909 panis,
586 1838 651 1910 quia
666 1839 720 1894 rita
744 1845 854 1902 aeterna,
880 1846 905 1892 et
960 1838 1127 1911 significatur
1142 1854 1191 1909 per
1205 1838 1250 1892 illa
1264 1837 1354 1908 paria;
1374 1852 1435 1893 eum
1448 1843 1539 1890 tamen
1554 1840 1755 1889 sacramentum

104 1925 186 1998 panis
207 1927 358 1981 communis
378 1943 427 1982 suo
450 1927 529 1982 mado
552 1943 643 1995 rarus,
668 1927 730 1999 quia
751 1927 907 1998 temporalis
959 1929 1038 2000 panis
1058 1927 1224 1982 familiarius
1239 1925 1373 1998 significet
1388 1925 1524 1981 Christum
1547 1939 1629 1996 quam
1644 1938 1754 1989 manna,

104 2014 171 2071 aitae
193 2014 354 2071 substantia.
386 2015 502 2072 Facilius
525 2016 596 2070 enim
619 2024 645 2072 et
666 2017 766 2072 certius
785 2016 905 2071 ereditur
960 2018 1022 2088 quia
1037 2033 1136 2071 manna
1150 2015 1278 2081 futurum,
1296 2015 1372 2086 panis
1387 2022 1558 2086 praesentem,
1578 2028 1678 2066 manna
1691 2020 1755 2067 tan-

104 2118 206 2175 cerpus
226 2104 323 2160 Christi
347 2104 374 2158 in
396 2105 442 2160 illo
463 2112 632 2161 sacramento
651 2105 707 2160 lieri
720 2113 747 2159 et
768 2121 838 2168 esse,
858 2105 904 2159 ubi

104 2192 286 2264 corporaliter
301 2209 353 2248 non
371 2192 466 2263 inerat,
483 2210 538 2249 uon
553 2195 641 2249 solum
658 2210 706 2264 pro
721 2203 903 2264 sacramento,

103 2280 156 2336 sed
172 2288 199 2335 et
211 2297 261 2353 pro
278 2282 491 2350 miraculo,dum
502 2284 539 2338 ibi
554 2285 632 2354 panis
646 2283 744 2338 desinit
755 2300 818 2338 esse
833 2285 904 2356 quod

105 2368 208 2426 luerat.
224 2371 257 2427 Et
271 2369 402 2440 forsitam,
413 2388 448 2428 ne
461 2372 579 2428 haereses
589 2373 779 2444 impanationis
788 2379 815 2428 et
825 2372 905 2429 soedae

108 2459 274 2532 digestionis
298 2460 359 2516 huie
383 2461 513 2532 singulari
539 2477 587 2516 suo
613 2470 783 2518 sacramento
808 2461 904 2518 ascribi

102 2557 229 2622 possent,
242 2549 330 2620 ipsum
346 2551 380 2605 ab
393 2552 466 2606 ornni
480 2552 663 2624 corruptibilis
675 2559 779 2608 naturae
791 2553 904 2608 velme-

101 2638 181 2695 teriae
195 2639 321 2711 contagio
337 2656 436 2710 purum
451 2658 512 2696 esse
532 2641 628 2697 voluit.

142 2727 289 2784 Sciendum
305 2736 394 2783 tamen
410 2730 482 2801 quod
503 2731 595 2785 beatus
608 2732 773 2804 Augustinus
787 2733 839 2788 hoc
858 2749 903 2786 sa-

102 2826 276 2874 cramentum
291 2817 317 2871 in
333 2817 513 2891 significando
528 2820 664 2875 Christum
680 2821 739 2876 aliis
753 2830 902 2893 comparat,

100 2905 231 2979 quamvis
248 2913 320 2961 tanto
342 2907 497 2980 privilegio,
526 2917 555 2963 ut
581 2909 682 2964 dictum
706 2919 757 2976 est,
778 2911 904 2966 omnibus

101 3002 163 3050 tam
185 2996 263 3051 novis
287 3012 369 3067 quam
391 2998 526 3051 veteribus
548 2999 695 3068 praecellat.
717 2999 763 3054 Ait
784 3000 855 3055 enirn
876 3000 903 3055 in

960 2115 1018 2160 turn
1047 2106 1220 2170 extrinsecus,
1253 2105 1332 2175 panis
1362 2104 1398 2157 ita
1427 2111 1455 2157 ut
1480 2102 1692 2157 substantialiter
1720 2101 1756 2156 sit

959 2211 1104 2251 conversus
1119 2194 1144 2247 in
1162 2210 1260 2264 corpus
1283 2192 1388 2256 Christi,
1412 2199 1438 2246 et
1454 2191 1601 2245 formaliter
1620 2188 1757 2261 significet
1820 2246 1824 2251 ,

959 2300 1057 2355 corpus
1084 2283 1193 2338 Christi.
1218 2282 1320 2336 Eadem
1344 2281 1416 2336 enim
1448 2280 1501 2334 lide
1529 2279 1630 2334 Christi
1658 2278 1755 2334 salvati

959 2381 1025 2428 sunt
1039 2372 1083 2445 qui
1107 2381 1168 2427 ante
1184 2371 1336 2437 Christum,
1362 2386 1416 2444 (pua
1431 2370 1571 2424 salvantur
1597 2377 1624 2423 et
1646 2367 1685 2423 illi
1710 2366 1756 2439 qui

959 2462 1039 2517 modo
1060 2470 1130 2527 sunt,
1157 2461 1219 2532 quia
1239 2459 1410 2515 crediderunt
1432 2466 1572 2513 venturum
1592 2473 1652 2512 esse
1675 2471 1757 2527 quem

958 2551 1155 2606 noseredimus
1175 2549 1292 2605 venisse.
1310 2548 1387 2604 Unda
1401 2547 1567 2619 Augustinus
1584 2546 1612 2599 in
1632 2545 1701 2600 libro
1715 2544 1756 2600 Da

958 2639 1117 2712 poenirentia
1141 2640 1230 2710 (tract.
1257 2654 1310 2692 rar
1325 2637 1352 2690 in
1377 2638 1472 2702 Joan.,
1496 2652 1524 2689 n.
1548 2635 1591 2699 ta,
1617 2643 1683 2689 tom.
1707 2634 1754 2701 ΙΙΙ,

959 2745 985 2800 p.
1001 2733 1027 2794 2,
1038 2729 1089 2784 col.
1106 2730 1189 2797 Ιιιιι);
1219 2749 1228 2774 ι
1247 2727 1347 2798 thuid
1360 2741 1440 2796 paras
1456 2724 1554 2779 dentes
1568 2732 1593 2778 et
1608 2724 1755 2778 ventrem‘?
1844 2728 1849 2745 ·

958 2818 1074 2873 Credere
1090 2818 1116 2872 in
1131 2833 1203 2882 eum,
1226 2817 1279 2872 hoc
1293 2823 1334 2870 est
1354 2814 1518 2868 manducare
1540 2829 1636 2883 panem
1653 2811 1753 2867 rivum.

958 2906 1010 2975 Qui
1033 2907 1117 2962 eredit
1132 2906 1158 2960 in
1174 2922 1247 2975 eum,
1263 2905 1407 2959 manducat
1422 2919 1492 2958 aum.
1512 2927 1523 2952 a
1540 2903 1607 2956 ltem
1626 2901 1755 2974 Augusti-

958 3013 1007 3049 nus
1022 2997 1048 3049 in
1072 2995 1141 3067 psal.
1155 3012 1215 3050 cir:
1231 3016 1241 3045 a
1260 2995 1340 3048 Panis
1362 2993 1422 3048 coeli
1443 3000 1484 3047 est
1504 2999 1671 3063 assumptum
1690 3005 1754 3046 cor·

101 3083 176 3155 libro
190 3099 220 3138 ιιι
242 3085 282 3139 De
297 3085 426 3140 Trinitate
446 3087 515 3157 (cup.
533 3090 559 3153 Ι,
584 3104 611 3142 n.
630 3092 754 3157 10,tom.
779 3088 849 3158 ΙἸΙΙ,
870 3105 898 3145 e.
958 3102 1007 3156 pus
1023 3085 1093 3157 rigni
1117 3100 1170 3154 quo
1186 3100 1234 3139 nos
1254 3082 1391 3139 reficimur
1412 3081 1440 3134 in
1465 3081 1598 3147 Ecclesia,
1620 3080 1687 3135 sicut
1716 3078 1756 3134 illi

100 3173 205 3238 Ἶ98).α
235 3173 264 3229 Si
291 3175 430 3244 apostolus
454 3175 569 3245 Paulus,
599 3177 727 3249 quarnvis
755 3177 845 3233 adbuc
871 3194 902 3233 aa
960 3173 1124 3229 relectisunt
1142 3189 1272 3229 manna.»

100 3268 182 3334 Wle
196 3262 411 3335 eilssaenlttfflale
427 3264 532 3320 vitlem!
547 3265 648 3334 (10οἈ
667 3282 729 3332 x¹¹¹r
742 3266 797 3338 ¹⁹2),
816 3267 904 3338 poluit
995 3275 1051 3329 Nec
1078 3273 1165 3328 solum
1187 3278 1374 3344 comparatum
1403 3277 1605 3325 sacramentum
1630 3266 1754 3338 corporis

103 3358 199 3407 nmen
237 3351 418 3424 significando
455 3354 589 3410 Christum
624 3355 787 3426 praedicare,
825 3355 906 3410 aliter
960 3362 1056 3418 Christi
1071 3362 1177 3418 caeteris
1196 3359 1372 3416 sacramentis
1393 3357 1635 3432 consignificando,
1656 3354 1706 3411 sed
1727 3363 1755 3410 et

103 3439 293 3513 Wlffssssuaffl
318 3456 406 3520 wama
432 3442 509 3497 ⁸¹1¹&
524 3444 737 3514 lelellswlaffli
763 3445 840 3500 allier
858 3460 906 3515 per
960 3452 987 3506 in
1016 3466 1130 3521 corpore
1153 3449 1249 3505 Christi
1278 3447 1443 3504 aeternaliter
1470 3461 1523 3501 non
1555 3443 1750 3516 permanendo.

104 3537 306 3585 swfflfflesslttm
318 3531 443 3601 corporis
464 3539 489 3585 el
503 3532 646 3604 sanguinis
668 3533 736 3604 ejus,
753 3550 804 3589 nec
818 3533 905 3606 signi·
960 3540 1090 3609 Quamvis
1105 3539 1177 3593 enim
1200 3538 1277 3610 panis
1291 3537 1441 3591 substantia
1465 3534 1585 3602 mirilico,
1603 3543 1629 3587 ut
1649 3534 1752 3588 dietum

105 3616 224 3673 fictssles
246 3634 331 3674 ⁸0⁰0⁸
355 3618 448 3693 lingua
468 3621 565 3689 editos,
592 3636 641 3676 nat
660 3622 738 3693 signa
760 3623 904 3677 litterarum
960 3637 1011 3697 est,
1022 3630 1047 3683 in
1063 3644 1163 3699 corpus
1178 3627 1276 3682 Christi
1291 3641 1424 3682 corruersa
1439 3641 1498 3679 esse
1514 3623 1650 3688 credatur,
1663 3621 1754 3677 forma
1826 3630 1832 3637 ·

105 3707 263 3779 conscripta
282 3709 425 3780 pelliculis,
449 3725 546 3782 eorpus
568 3711 669 3765 Christi
694 3722 719 3765 et
746 3713 904 3782 sanguinem
961 3726 1050 3774 tamen
1073 3718 1100 3771 in
1121 3724 1291 3771 sacramento
1316 3730 1470 3780 remanens,
1501 3728 1556 3768 non
1583 3712 1610 3766 in
1640 3726 1753 3782 corpore

105 3795 307 3866 dicimus3sed
324 3798 389 3853 illud
410 3805 525 3864 tantum,
543 3799 656 3871 quodex
679 3799 810 3856 fructibus
827 3806 905 3860 terrae
960 3808 1057 3863 Christi
1079 3821 1188 3862 manere
1210 3804 1412 3877 perpetualiter,
1429 3802 1477 3858 sed
1497 3809 1558 3874 post
1580 3802 1649 3856 hanc
1670 3798 1754 3854 vitam
1819 3800 1822 3805 ’

104 3893 258 3958 mettium,
274 3895 301 3941 θῑ
314 3903 394 3958 prece
410 3888 520 3958 mystica
535 3896 732 3955 ιθῦδθιιιῑυῐιι,
750 3889 800 3945 rite
815 3891 903 3945 sumi·
958 3897 1069 3952 omnino
1090 3895 1213 3950 desinere
1242 3894 1374 3961 creditur,
1404 3892 1475 3948 sicut
1495 3899 1520 3946 et
1536 3897 1632 3946 eaetera
1657 3903 1753 3944 sacra-

102 3991 167 4030 mus
182 3974 217 4031 ad
232 3981 357 4043 satutem,
374 3977 437 4047 quid
458 3978 571 4047 mirum,
588 3977 610 4031 si
635 3977 714 4032 etiarn
731 3978 757 4031 in
779 3988 904 4034 ereatura
958 3998 1061 4041 menia,
1077 3986 1144 4040 cum
1160 3983 1370 4052 enimseriptum
1387 3981 1440 4036 sit:
1460 3984 1566 4037 Panem
1585 3981 1754 4053 angelorum

100 4059 164 4116 creli
189 4069 217 4116 et
241 4069 328 4129 terrae,
345 4063 426 4116 maris
448 4070 474 4116 et
496 4064 567 4117 aeris
588 4062 653 4118 lacit
669 4064 742 4118 Deus
768 4065 904 4136 quaernlt
957 4071 1140 4127 manducarit
1159 4069 1239 4125 bomo
1254 4066 1343 4136 (Prot.
1366 4082 1471 4136 nxxru,
1487 4066 1543 4136 ιι),
1567 4065 1629 4136 quia
1655 4064 1754 4120 eodem

100 4149 245 4206 ambula
259 4160 285 4206 θῑ
300 4151 419 4205 Vislblllfl
434 4151 468 4204 fid
485 4151 604 4222 sellium
619 4152 648 4204 in
666 4152 715 4218 eis,
734 4153 803 4207 Sicut
817 4169 901 4224 opor-
957 4160 1061 4215 Christo
1078 4157 1197 4214 reficitur
1212 4159 1296 4212 homo
1312 4157 1340 4210 in
1355 4157 1398 4211 ria
1420 4156 1565 4220 eredendo,
1583 4170 1636 4226 rpuo
1651 4155 1753 4209 satian-

100 4238 901 4312 terenovit,signisrcandumetdemonstrandnm‘?·›Cum
955 4248 1106 4321 turnngeli
1128 4247 1268 4319 inputria,
1297 4262 1357 4302 eum
1388 4246 1515 4300 sicutest
1542 4242 1670 4306 videndo,
1691 4260 1753 4299 curn

100 4328 186 4401 igitur
202 4344 250 4400 per
264 4336 459 4383 sacramentum
488 4329 609 4399 torporis
633 4337 659 4383 et
684 4332 824 4404 sanguinis
849 4334 902 4388 Do·
955 4338 1050 4394 eodem
1067 4338 1190 4392 fruuntur
1202 4344 1230 4391 ut
1258 4336 1348 4391 vivant
1371 4335 1623 4401 sinesacranento,
1646 4347 1700 4404 qno
1728 4340 1754 4388 et

102 4417 171 4473 mini
193 4418 314 4473 Christus
337 4417 488 4491 significari
509 4419 622 4483 dicatur,
645 4423 672 4474 el
692 4419 779 4490 ipsum
800 4421 902 4477 caetet'is
959 4442 1007 4481 nos
1021 4442 1055 4482 ne
1084 4426 1232 4481 moriamur
1247 4440 1307 4479 cum
1329 4421 1633 4492 sacrarnento:qnand0
1654 4421 1754 4475 erimus

103 4504 324 4578 significantibus
338 4514 540 4571 annumeretur,
558 4507 652 4575 atejus
664 4510 901 4580 exemploeaeteraa
958 4516 1028 4571 sicut
1053 4514 1145 4586 angeli
1168 4514 1226 4579 Dei,
1250 4512 1372 4583 nunquid
1394 4528 1454 4566 eum
1477 4526 1557 4581 quem
1578 4509 1668 4582 angeli
1694 4510 1752 4564 sine

105 4592 293 4667 significative
321 4595 426 4665 species
445 4610 460 4648 a
481 4595 537 4650 Deo
559 4609 638 4663 posse
655 4595 711 4650 lieri
737 4606 903 4671 astruantur,
960 4609 1132 4659 sacramento
1157 4601 1247 4657 rident
1270 4600 1390 4656 revelata
1420 4599 1489 4654 facie
1512 4599 1582 4654 sieut
1602 4607 1642 4653 est
1662 4597 1753 4653 videre

104 4690 211 4740 constat
226 4683 317 4754 ipsum
333 4689 532 4738 sacramentum
548 4683 616 4739 sieut
630 4693 727 4740 crotera
741 4703 802 4742 esse
816 4689 904 4762 signi·
960 4693 1119 4764 poterimus,
1140 4690 1191 4744 nisi
1206 4687 1595 4743 ablataumbrosacramenti‘?
1610 4685 1753 4754 Quomodo

107 4770 260 4828 ficalllum·
960 4781 1032 4836 enim
1048 4780 1129 4835 laeies
1147 4793 1196 4832 sua
1211 4779 1253 4833 vel
1269 4785 1361 4831 nostra
1377 4777 1426 4831 erit
1442 4776 1569 4844 revelata,
1593 4776 1645 4830 nisi
1661 4774 1753 4830 ornnis

143 4862 211 4917 ltem
223 4861 391 4935 Augustinus
407 4861 432 4915 in
445 4878 527 4916 serm.
543 4863 671 4932 hbsuper
685 4863 905 4925 loannemtula't
960 4870 1014 4925 veli
1036 4868 1131 4922 umbra
1156 4869 1267 4935 rejecta,
1298 4870 1324 4921 et
1343 4881 1393 4921 nos
1414 4881 1594 4937 appareamus
1623 4864 1670 4919 lilii
1690 4863 1751 4930 Dei,

105 4966 158 5006 nos
173 4950 255 5006 hodie
269 4951 417 5020 accipimus
441 4950 573 5004 visibilem
597 4952 760 5020 eibum3sed
775 4955 847 5010 aliud
863 4965 905 5012 est
959 4958 1029 5028 quod
1045 4973 1152 5023 sumus,
1173 4957 1268 5027 etipse
1290 4955 1368 5010 nobis
1381 4965 1510 5026 appareat
1527 4954 1599 5025 quod
1611 4962 1662 5021 est,
1684 4956 1754 5009 sieut

102 5047 317 5106 sacramentum,
338 5039 411 5093 aliud
435 5039 518 5092 virtus
541 5042 711 5095 sacramenti.
732 5066 742 5089 a
768 5044 799 5097 Et
824 5046 904 5115 paulo

102 5139 165 5199 post
178 5130 245 5183 :llic
259 5133 300 5184 est
315 5130 402 5200 panis
413 5129 461 5200 qai
475 5130 507 5184 de
517 5131 584 5183 coelo
597 5129 744 5186 descendit
757 5132 855 5201 (loen.
866 5151 902 5203 vr,

103 5218 163 5287 33).
183 5217 265 5272 Hune
283 5232 381 5286 panem
403 5217 564 5290 signiticavit
586 5233 694 5283 menna,
715 5220 786 5275 bunc
805 5237 903 5291 panem

105 5304 243 5377 significat
260 5306 344 5360 altare
367 5307 428 5360 Dei.
455 5306 632 5361 Sacramenta
659 5306 703 5360 illa
726 5306 839 5363 suerunt
854 5325 860 5380 ;
875 5311 903 5365 in

959 5056 997 5103 cst
1021 5047 1235 5102 Dausil'rustra
1256 5061 1404 5110 oraremus,
1422 5052 1449 5099 ut
1476 5045 1547 5111 quod
1570 5061 1641 5099 nune
1661 5043 1753 5115 specie

958 5137 1070 5211 geritur,
1088 5152 1177 5191 rerum
1192 5135 1467 5205 veritatecupinmus,
1484 5133 1507 5186 si
1522 5134 1559 5187 ibi
1574 5135 1656 5189 etiam
1671 5135 1752 5204 hujus

959 5226 1120 5295 sacramenti
1137 5226 1298 5280 haberemus
1313 5224 1448 5293 umbram,
1466 5223 1511 5277 ubi
1527 5222 1595 5278 socie
1611 5222 1752 5279 adfaciem

958 5315 1026 5370 sieut
1050 5323 1089 5370 est
1119 5315 1212 5370 videre
1240 5329 1379 5384 speramus
1406 5312 1503 5367 Christi
1531 5312 1657 5384 gloriam.
1686 5313 1754 5381 Qum

104 5404 192 5478 signis
213 5404 324 5461 diversa
345 5411 420 5473 sunt,
444 5404 471 5458 iu
494 5420 524 5459 re
548 5419 608 5473 quea
628 5402 796 5476 significatur
818 5409 902 5478 paria.
958 5411 1029 5467 enim
1045 5409 1227 5465 remuneratio
1243 5417 1317 5463 esset
1331 5409 1411 5464 nobis
1431 5410 1458 5464 in
1473 5409 1524 5464 alia
1540 5409 1604 5475 vita,
1622 5409 1644 5463 si
1656 5410 1754 5466 umbra

104 5503 268 5576 Apostolum
284 5503 345 5558 audi
357 5522 362 5557 :
375 5504 442 5560 ll'olo
466 5505 543 5560 enim
566 5508 623 5568 eos,
640 5504 735 5575 inquit,
761 5506 901 5575 ignorare,
958 5508 1120 5564 sacramenti
1143 5514 1315 5580 contegente,
1334 5507 1436 5562 veritas
1451 5506 1546 5579 gloriae
1569 5507 1667 5562 Christi
1682 5523 1754 5562 nun-

105 5602 511 5675 patres,qatapotresnnstrt
524 5601 902 5675 earnessehaabafaernnt,
958 5620 1039 5675 quarn
1063 5604 1141 5660 nobis
1167 5602 1244 5661 fieret
1263 5601 1424 5660 manitasta‘?
1452 5604 1528 5661 Unde
1547 5603 1705 5663 Ambrosius
1725 5603 1754 5659 in
1846 5675 1849 5681 Ι
