<?xml version="1.0" encoding="UTF-8"?>
<!DOCTYPE html PUBLIC "-//W3C//DTD XHTML 1.0 Transitional//EN"
    "http://www.w3.org/TR/xhtml1/DTD/xhtml1-transitional.dtd">
<html xmlns="http://www.w3.org/1999/xhtml" xml:lang="en" lang="en">
 <head>
  <title>
</title>
<meta http-equiv="Content-Type" content="text/html;charset=utf-8" />
  <meta name='ocr-system' content='tesseract 3.04.00' />
  <meta name='ocr-capabilities' content='ocr_page ocr_carea ocr_par ocr_line ocrx_word'/>
</head>
<body>
  <div class='ocr_page' id='page_1' title='image "./patrologiaecurs13unkngoog_0115.png"; bbox 0 0 3728 6000; ppageno 0'>
   <div class='ocr_carea' id='block_1_1' title="bbox 19 230 1744 343">
    <p class='ocr_par' dir='ltr' id='par_1_1' title="bbox 19 230 1744 343">
     <span class='ocr_line' id='line_1_1' title="bbox 19 230 1744 343; baseline -0.005 -17"><span class='ocrx_word' id='word_1_1' title='bbox 19 324 52 343; x_wconf 63' lang='lat'><strong>„</strong></span> <span class='ocrx_word' id='word_1_2' title='bbox 96 230 148 325; x_wconf 82' lang='lat' dir='ltr'>sie</span> <span class='ocrx_word' id='word_1_3' title='bbox 605 266 793 325; x_wconf 77' lang='lat' dir='ltr'>amaseam</span> <span class='ocrx_word' id='word_1_4' title='bbox 812 254 955 322; x_wconf 78' lang='lat' dir='ltr'>matris</span> <span class='ocrx_word' id='word_1_5' title='bbox 974 263 1002 321; x_wconf 90' lang='lat' dir='ltr'>s.</span> <span class='ocrx_word' id='word_1_6' title='bbox 1020 262 1236 321; x_wconf 84' lang='lat' dir='ltr'>rseonoarcr</span> <span class='ocrx_word' id='word_1_7' title='bbox 1693 264 1744 318; x_wconf 73' lang='lat' dir='ltr'>asa</span> 
     </span>
    </p>
   </div>
   <div class='ocr_carea' id='block_1_2' title="bbox 96 384 1746 465">
    <p class='ocr_par' dir='ltr' id='par_1_2' title="bbox 96 384 1746 465">
     <span class='ocr_line' id='line_1_2' title="bbox 96 384 1746 465; baseline -0.005 -16"><span class='ocrx_word' id='word_1_8' title='bbox 96 393 195 451; x_wconf 89' lang='lat' dir='ltr'>modos</span> <span class='ocrx_word' id='word_1_9' title='bbox 216 395 378 461; x_wconf 80' lang='lat' dir='ltr'>orationum,</span> <span class='ocrx_word' id='word_1_10' title='bbox 409 393 505 465; x_wconf 88' lang='lat' dir='ltr'>quibus</span> <span class='ocrx_word' id='word_1_11' title='bbox 521 408 603 448; x_wconf 86' lang='lat' dir='ltr'>orans</span> <span class='ocrx_word' id='word_1_12' title='bbox 620 408 713 448; x_wconf 81' lang='lat' dir='ltr'>coram</span> <span class='ocrx_word' id='word_1_13' title='bbox 739 392 893 446; x_wconf 85' lang='lat' dir='ltr'>bominibus</span> <span class='ocrx_word' id='word_1_14' title='bbox 907 393 934 451; x_wconf 91' lang='lat' dir='ltr'>A</span> <span class='ocrx_word' id='word_1_15' title='bbox 949 404 979 447; x_wconf 81' lang='lat' dir='ltr'>es</span> <span class='ocrx_word' id='word_1_16' title='bbox 994 405 1044 459; x_wconf 84' lang='lat' dir='ltr'>pro</span> <span class='ocrx_word' id='word_1_17' title='bbox 1058 397 1104 445; x_wconf 88' lang='lat' dir='ltr'>tua</span> <span class='ocrx_word' id='word_1_18' title='bbox 1119 389 1274 444; x_wconf 87' lang='lat' dir='ltr'>reverentia</span> <span class='ocrx_word' id='word_1_19' title='bbox 1289 389 1379 448; x_wconf 76' lang='lat' dir='ltr'>(debr.</span> <span class='ocrx_word' id='word_1_20' title='bbox 1396 387 1438 458; x_wconf 80' lang='lat' dir='ltr'>v).</span> <span class='ocrx_word' id='word_1_21' title='bbox 1464 384 1554 444; x_wconf 78' lang='lat' dir='ltr'>Oresti</span> <span class='ocrx_word' id='word_1_22' title='bbox 1568 393 1594 442; x_wconf 88' lang='lat' dir='ltr'>et</span> <span class='ocrx_word' id='word_1_23' title='bbox 1609 402 1660 458; x_wconf 90' lang='lat' dir='ltr'>pro</span> <span class='ocrx_word' id='word_1_24' title='bbox 1674 384 1746 442; x_wconf 88' lang='lat' dir='ltr'>aml-</span> 
     </span>
    </p>
   </div>
   <div class='ocr_carea' id='block_1_3' title="bbox 97 476 1745 732">
    <p class='ocr_par' dir='ltr' id='par_1_3' title="bbox 97 476 1745 732">
     <span class='ocr_line' id='line_1_3' title="bbox 97 476 1745 552; baseline -0.005 -15"><span class='ocrx_word' id='word_1_25' title='bbox 97 483 124 538; x_wconf 91' lang='lat' dir='ltr'>in</span> <span class='ocrx_word' id='word_1_26' title='bbox 148 485 227 540; x_wconf 87' lang='lat' dir='ltr'>terris</span> <span class='ocrx_word' id='word_1_27' title='bbox 251 484 364 540; x_wconf 83' lang='lat' dir='ltr'>formam</span> <span class='ocrx_word' id='word_1_28' title='bbox 384 484 462 538; x_wconf 90' lang='lat' dir='ltr'>nobis</span> <span class='ocrx_word' id='word_1_29' title='bbox 483 483 568 538; x_wconf 89' lang='lat' dir='ltr'>dabas</span> <span class='ocrx_word' id='word_1_30' title='bbox 594 482 723 552; x_wconf 82' lang='lat' dir='ltr'>perlectae</span> <span class='ocrx_word' id='word_1_31' title='bbox 742 482 894 536; x_wconf 90' lang='lat' dir='ltr'>orationis:</span> <span class='ocrx_word' id='word_1_32' title='bbox 951 482 990 534; x_wconf 87' lang='lat' dir='ltr'>cis</span> <span class='ocrx_word' id='word_1_33' title='bbox 1010 479 1037 533; x_wconf 90' lang='lat' dir='ltr'>in</span> <span class='ocrx_word' id='word_1_34' title='bbox 1060 478 1252 533; x_wconf 80' lang='lat' dir='ltr'>tentationibus</span> <span class='ocrx_word' id='word_1_35' title='bbox 1276 480 1326 531; x_wconf 90' lang='lat' dir='ltr'>tuis</span> <span class='ocrx_word' id='word_1_36' title='bbox 1350 485 1437 532; x_wconf 89' lang='lat' dir='ltr'>tecum</span> <span class='ocrx_word' id='word_1_37' title='bbox 1461 476 1692 547; x_wconf 74' lang='lat' dir='ltr'><strong>permanentibus,</strong></span> <span class='ocrx_word' id='word_1_38' title='bbox 1717 481 1745 529; x_wconf 89' lang='lat' dir='ltr'>et</span> 
     </span>
     <span class='ocr_line' id='line_1_4' title="bbox 97 564 1745 644; baseline -0.005 -18"><span class='ocrx_word' id='word_1_39' title='bbox 97 579 125 626; x_wconf 91' lang='lat' dir='ltr'>et</span> <span class='ocrx_word' id='word_1_40' title='bbox 149 570 256 627; x_wconf 86' lang='lat' dir='ltr'>invenio</span> <span class='ocrx_word' id='word_1_41' title='bbox 282 583 309 629; x_wconf 89' lang='lat' dir='ltr'>te</span> <span class='ocrx_word' id='word_1_42' title='bbox 337 571 485 644; x_wconf 86' lang='lat' dir='ltr'>aliquande</span> <span class='ocrx_word' id='word_1_43' title='bbox 514 570 623 641; x_wconf 84' lang='lat' dir='ltr'>quidem</span> <span class='ocrx_word' id='word_1_44' title='bbox 654 578 778 625; x_wconf 87' lang='lat' dir='ltr'>orantem</span> <span class='ocrx_word' id='word_1_45' title='bbox 808 571 894 624; x_wconf 91' lang='lat' dir='ltr'>solum</span> <span class='ocrx_word' id='word_1_46' title='bbox 950 584 1001 637; x_wconf 93' lang='lat' dir='ltr'>pro</span> <span class='ocrx_word' id='word_1_47' title='bbox 1029 567 1145 621; x_wconf 88' lang='lat' dir='ltr'>inimicis</span> <span class='ocrx_word' id='word_1_48' title='bbox 1173 565 1391 638; x_wconf 82' lang='lat' dir='ltr'>crucifigentibus</span> <span class='ocrx_word' id='word_1_49' title='bbox 1418 573 1454 634; x_wconf 89' lang='lat' dir='ltr'>te,</span> <span class='ocrx_word' id='word_1_50' title='bbox 1488 565 1535 618; x_wconf 85' lang='lat' dir='ltr'>sed</span> <span class='ocrx_word' id='word_1_51' title='bbox 1564 564 1745 619; x_wconf 71' lang='lat' dir='ltr'>nescientibus</span> 
     </span>
     <span class='ocr_line' id='line_1_5' title="bbox 98 655 1744 732; baseline -0.006 -16"><span class='ocrx_word' id='word_1_52' title='bbox 98 660 209 730; x_wconf 78' lang='lat' dir='ltr'>(blattis.</span> <span class='ocrx_word' id='word_1_53' title='bbox 234 663 304 732; x_wconf 82' lang='lat' dir='ltr'>xiv),</span> <span class='ocrx_word' id='word_1_54' title='bbox 327 661 472 730; x_wconf 79' lang='lat' dir='ltr'>aliqnando</span> <span class='ocrx_word' id='word_1_55' title='bbox 491 660 518 713; x_wconf 93' lang='lat' dir='ltr'>in</span> <span class='ocrx_word' id='word_1_56' title='bbox 542 661 623 714; x_wconf 90' lang='lat' dir='ltr'>turbe</span> <span class='ocrx_word' id='word_1_57' title='bbox 648 660 739 725; x_wconf 79' lang='lat' dir='ltr'>(letan.</span> <span class='ocrx_word' id='word_1_58' title='bbox 760 666 820 727; x_wconf 80' lang='lat' dir='ltr'>xri),</span> <span class='ocrx_word' id='word_1_59' title='bbox 848 659 894 714; x_wconf 91' lang='lat' dir='ltr'>ali·</span> <span class='ocrx_word' id='word_1_60' title='bbox 950 657 1013 728; x_wconf 89' lang='lat' dir='ltr'>quid</span> <span class='ocrx_word' id='word_1_61' title='bbox 1034 656 1161 710; x_wconf 81' lang='lat' dir='ltr'>lacerent.</span> <span class='ocrx_word' id='word_1_62' title='bbox 1184 657 1234 712; x_wconf 86' lang='lat' dir='ltr'>Ubi</span> <span class='ocrx_word' id='word_1_63' title='bbox 1256 663 1297 710; x_wconf 86' lang='lat' dir='ltr'>est</span> <span class='ocrx_word' id='word_1_64' title='bbox 1319 655 1404 710; x_wconf 89' lang='lat' dir='ltr'>oratio</span> <span class='ocrx_word' id='word_1_65' title='bbox 1424 669 1475 726; x_wconf 89' lang='lat' dir='ltr'>pro</span> <span class='ocrx_word' id='word_1_66' title='bbox 1494 655 1611 709; x_wconf 87' lang='lat' dir='ltr'>scienter</span> <span class='ocrx_word' id='word_1_67' title='bbox 1629 668 1744 724; x_wconf 85' lang='lat' dir='ltr'>peccan-</span> 
     </span>
    </p>
   </div>
   <div class='ocr_carea' id='block_1_4' title="bbox 96 748 897 1709">
    <p class='ocr_par' dir='ltr' id='par_1_4' title="bbox 96 748 897 1709">
     <span class='ocr_line' id='line_1_6' title="bbox 98 748 895 824; baseline 0.001 -22"><span class='ocrx_word' id='word_1_68' title='bbox 98 749 208 824; x_wconf 89' lang='lat' dir='ltr'>quande</span> <span class='ocrx_word' id='word_1_69' title='bbox 226 748 253 803; x_wconf 92' lang='lat' dir='ltr'>ia</span> <span class='ocrx_word' id='word_1_70' title='bbox 269 749 447 804; x_wconf 74' lang='lat' dir='ltr'>exsultatione</span> <span class='ocrx_word' id='word_1_71' title='bbox 464 749 574 819; x_wconf 90' lang='lat' dir='ltr'>spiritus</span> <span class='ocrx_word' id='word_1_72' title='bbox 589 751 667 815; x_wconf 70' lang='lat' dir='ltr'>(lac.</span> <span class='ocrx_word' id='word_1_73' title='bbox 685 752 725 819; x_wconf 85' lang='lat' dir='ltr'>x),</span> <span class='ocrx_word' id='word_1_74' title='bbox 749 748 895 819; x_wconf 89' lang='lat' dir='ltr'>aliquande</span> 
     </span>
     <span class='ocr_line' id='line_1_7' title="bbox 96 835 895 910; baseline 0 -20"><span class='ocrx_word' id='word_1_75' title='bbox 96 835 124 890; x_wconf 91' lang='lat' dir='ltr'>in</span> <span class='ocrx_word' id='word_1_76' title='bbox 140 838 290 910; x_wconf 79' lang='lat' dir='ltr'>sanguineo</span> <span class='ocrx_word' id='word_1_77' title='bbox 308 838 407 892; x_wconf 86' lang='lat' dir='ltr'>sudore</span> <span class='ocrx_word' id='word_1_78' title='bbox 429 836 501 907; x_wconf 87' lang='lat' dir='ltr'>(Lac</span> <span class='ocrx_word' id='word_1_79' title='bbox 524 840 600 901; x_wconf 71' lang='grc' dir='ltr'>χιιι),</span> <span class='ocrx_word' id='word_1_80' title='bbox 626 837 772 908; x_wconf 90' lang='lat' dir='ltr'>aliquande</span> <span class='ocrx_word' id='word_1_81' title='bbox 788 838 895 891; x_wconf 84' lang='lat' dir='ltr'>exalta-</span> 
     </span>
     <span class='ocr_line' id='line_1_8' title="bbox 102 925 894 998; baseline -0.004 -18"><span class='ocrx_word' id='word_1_82' title='bbox 102 932 160 980; x_wconf 90' lang='lat' dir='ltr'>tum</span> <span class='ocrx_word' id='word_1_83' title='bbox 176 927 201 980; x_wconf 90' lang='lat' dir='ltr'>in</span> <span class='ocrx_word' id='word_1_84' title='bbox 217 941 298 982; x_wconf 84' lang='lat' dir='ltr'>cruce</span> <span class='ocrx_word' id='word_1_85' title='bbox 314 926 408 988; x_wconf 75' lang='lat' dir='ltr'>(detrec.</span> <span class='ocrx_word' id='word_1_86' title='bbox 424 930 486 998; x_wconf 82' lang='lat' dir='ltr'>xri).</span> <span class='ocrx_word' id='word_1_87' title='bbox 507 926 658 980; x_wconf 77' lang='lat' dir='ltr'>Exsultatio</span> <span class='ocrx_word' id='word_1_88' title='bbox 669 925 776 995; x_wconf 90' lang='lat' dir='ltr'>spiritus</span> <span class='ocrx_word' id='word_1_89' title='bbox 789 936 812 980; x_wconf 92' lang='lat' dir='ltr'>et</span> <span class='ocrx_word' id='word_1_90' title='bbox 828 925 894 980; x_wconf 88' lang='lat' dir='ltr'>seli-</span> 
     </span>
     <span class='ocr_line' id='line_1_9' title="bbox 98 1013 894 1081; baseline 0.001 -13"><span class='ocrx_word' id='word_1_91' title='bbox 98 1013 166 1070; x_wconf 89' lang='lat' dir='ltr'>tude</span> <span class='ocrx_word' id='word_1_92' title='bbox 187 1016 294 1081; x_wconf 90' lang='lat' dir='ltr'>orandi,</span> <span class='ocrx_word' id='word_1_93' title='bbox 320 1015 476 1070; x_wconf 88' lang='lat' dir='ltr'>dulcissima</span> <span class='ocrx_word' id='word_1_94' title='bbox 499 1015 563 1069; x_wconf 91' lang='lat' dir='ltr'>mibi</span> <span class='ocrx_word' id='word_1_95' title='bbox 585 1014 696 1069; x_wconf 90' lang='lat' dir='ltr'>suntad</span> <span class='ocrx_word' id='word_1_96' title='bbox 712 1014 869 1068; x_wconf 90' lang='lat' dir='ltr'>imitandum</span> <span class='ocrx_word' id='word_1_97' title='bbox 888 1033 894 1069; x_wconf 87' lang='lat'>:</span> 
     </span>
     <span class='ocr_line' id='line_1_10' title="bbox 101 1102 895 1175; baseline 0.001 -19"><span class='ocrx_word' id='word_1_98' title='bbox 101 1102 161 1168; x_wconf 89' lang='lat' dir='ltr'>sed,</span> <span class='ocrx_word' id='word_1_99' title='bbox 177 1103 229 1158; x_wconf 90' lang='lat' dir='ltr'>nisi</span> <span class='ocrx_word' id='word_1_100' title='bbox 244 1112 272 1159; x_wconf 91' lang='lat' dir='ltr'>tu</span> <span class='ocrx_word' id='word_1_101' title='bbox 286 1120 329 1159; x_wconf 87' lang='lat' dir='ltr'>me</span> <span class='ocrx_word' id='word_1_102' title='bbox 344 1105 493 1175; x_wconf 77' lang='lat' dir='ltr'>prevenias</span> <span class='ocrx_word' id='word_1_103' title='bbox 507 1103 534 1157; x_wconf 91' lang='lat' dir='ltr'>in</span> <span class='ocrx_word' id='word_1_104' title='bbox 551 1103 785 1158; x_wconf 79' lang='lat' dir='ltr'>benedictionibus</span> <span class='ocrx_word' id='word_1_105' title='bbox 799 1102 895 1157; x_wconf 90' lang='lat' dir='ltr'>dulce-</span> 
     </span>
     <span class='ocr_line' id='line_1_11' title="bbox 100 1189 895 1263; baseline 0 -18"><span class='ocrx_word' id='word_1_106' title='bbox 100 1189 175 1245; x_wconf 88' lang='lat' dir='ltr'>dinis</span> <span class='ocrx_word' id='word_1_107' title='bbox 199 1198 261 1260; x_wconf 86' lang='lat' dir='ltr'>tuae,</span> <span class='ocrx_word' id='word_1_108' title='bbox 283 1194 372 1248; x_wconf 91' lang='lat' dir='ltr'>locum</span> <span class='ocrx_word' id='word_1_109' title='bbox 401 1193 510 1263; x_wconf 86' lang='lat' dir='ltr'>quidem</span> <span class='ocrx_word' id='word_1_110' title='bbox 536 1191 612 1246; x_wconf 81' lang='lat' dir='ltr'>facile</span> <span class='ocrx_word' id='word_1_111' title='bbox 634 1192 754 1260; x_wconf 87' lang='lat' dir='ltr'>invenio,</span> <span class='ocrx_word' id='word_1_112' title='bbox 777 1193 895 1246; x_wconf 88' lang='lat' dir='ltr'>sednon</span> 
     </span>
     <span class='ocr_line' id='line_1_12' title="bbox 100 1280 897 1352; baseline 0.001 -19"><span class='ocrx_word' id='word_1_113' title='bbox 100 1284 155 1334; x_wconf 89' lang='lat' dir='ltr'>tam</span> <span class='ocrx_word' id='word_1_114' title='bbox 180 1280 259 1336; x_wconf 82' lang='lat' dir='ltr'>facile</span> <span class='ocrx_word' id='word_1_115' title='bbox 279 1297 327 1337; x_wconf 89' lang='lat' dir='ltr'>cor</span> <span class='ocrx_word' id='word_1_116' title='bbox 346 1280 509 1337; x_wconf 86' lang='lat' dir='ltr'>solitarium.</span> <span class='ocrx_word' id='word_1_117' title='bbox 528 1280 681 1335; x_wconf 86' lang='lat' dir='ltr'>Exsultatie</span> <span class='ocrx_word' id='word_1_118' title='bbox 705 1295 769 1336; x_wconf 86' lang='lat' dir='ltr'>vere</span> <span class='ocrx_word' id='word_1_119' title='bbox 788 1281 897 1352; x_wconf 88' lang='lat' dir='ltr'>spiritus</span> 
     </span>
     <span class='ocr_line' id='line_1_13' title="bbox 98 1365 896 1440; baseline 0.003 -19"><span class='ocrx_word' id='word_1_120' title='bbox 98 1365 131 1422; x_wconf 86' lang='lat' dir='ltr'>ttt</span> <span class='ocrx_word' id='word_1_121' title='bbox 145 1383 181 1423; x_wconf 86' lang='lat' dir='ltr'>ex</span> <span class='ocrx_word' id='word_1_122' title='bbox 198 1369 315 1439; x_wconf 86' lang='lat' dir='ltr'>puritate</span> <span class='ocrx_word' id='word_1_123' title='bbox 335 1369 515 1434; x_wconf 71' lang='lat' dir='ltr'>eonscientiae,</span> <span class='ocrx_word' id='word_1_124' title='bbox 532 1369 609 1439; x_wconf 87' lang='lat' dir='ltr'>cujus</span> <span class='ocrx_word' id='word_1_125' title='bbox 627 1385 679 1440; x_wconf 78' lang='lat' dir='ltr'>ego</span> <span class='ocrx_word' id='word_1_126' title='bbox 695 1368 759 1422; x_wconf 91' lang='lat' dir='ltr'>mibi</span> <span class='ocrx_word' id='word_1_127' title='bbox 774 1370 896 1423; x_wconf 72' lang='lat' dir='ltr'>conamus</span> 
     </span>
     <span class='ocr_line' id='line_1_14' title="bbox 97 1457 896 1530; baseline 0.001 -20"><span class='ocrx_word' id='word_1_128' title='bbox 97 1471 152 1513; x_wconf 91' lang='lat' dir='ltr'>non</span> <span class='ocrx_word' id='word_1_129' title='bbox 168 1473 240 1522; x_wconf 90' lang='lat' dir='ltr'>sum,</span> <span class='ocrx_word' id='word_1_130' title='bbox 266 1457 309 1513; x_wconf 86' lang='lat' dir='ltr'>vel</span> <span class='ocrx_word' id='word_1_131' title='bbox 325 1475 358 1513; x_wconf 86' lang='lat' dir='ltr'>ex</span> <span class='ocrx_word' id='word_1_132' title='bbox 373 1458 538 1513; x_wconf 87' lang='lat' dir='ltr'>abundantia</span> <span class='ocrx_word' id='word_1_133' title='bbox 553 1458 651 1529; x_wconf 76' lang='lat' dir='ltr'>gretie</span> <span class='ocrx_word' id='word_1_134' title='bbox 665 1465 727 1522; x_wconf 86' lang='lat' dir='ltr'>tuae,</span> <span class='ocrx_word' id='word_1_135' title='bbox 750 1457 827 1526; x_wconf 89' lang='lat' dir='ltr'>cujus</span> <span class='ocrx_word' id='word_1_136' title='bbox 844 1473 896 1530; x_wconf 82' lang='lat' dir='ltr'>ego</span> 
     </span>
     <span class='ocr_line' id='line_1_15' title="bbox 98 1544 895 1618; baseline 0.003 -17"><span class='ocrx_word' id='word_1_137' title='bbox 98 1544 228 1618; x_wconf 74' lang='lat' dir='ltr'>indignus</span> <span class='ocrx_word' id='word_1_138' title='bbox 251 1563 320 1601; x_wconf 91' lang='lat' dir='ltr'>sum.</span> <span class='ocrx_word' id='word_1_139' title='bbox 346 1546 432 1604; x_wconf 88' lang='lat' dir='ltr'>Orare</span> <span class='ocrx_word' id='word_1_140' title='bbox 454 1547 481 1602; x_wconf 94' lang='lat' dir='ltr'>in</span> <span class='ocrx_word' id='word_1_141' title='bbox 502 1547 578 1601; x_wconf 91' lang='lat' dir='ltr'>turba</span> <span class='ocrx_word' id='word_1_142' title='bbox 594 1554 671 1600; x_wconf 91' lang='lat' dir='ltr'>tuum</span> <span class='ocrx_word' id='word_1_143' title='bbox 693 1547 749 1615; x_wconf 88' lang='lat' dir='ltr'>luit,</span> <span class='ocrx_word' id='word_1_144' title='bbox 771 1546 813 1602; x_wconf 93' lang='lat' dir='ltr'>cui</span> <span class='ocrx_word' id='word_1_145' title='bbox 829 1548 895 1603; x_wconf 83' lang='lat' dir='ltr'>nibil</span> 
     </span>
     <span class='ocr_line' id='line_1_16' title="bbox 102 1633 896 1709; baseline 0.006 -21"><span class='ocrx_word' id='word_1_146' title='bbox 102 1633 209 1690; x_wconf 89' lang='lat' dir='ltr'>deluit:</span> <span class='ocrx_word' id='word_1_147' title='bbox 231 1637 303 1704; x_wconf 81' lang='lat' dir='ltr'>quod</span> <span class='ocrx_word' id='word_1_148' title='bbox 324 1645 424 1699; x_wconf 90' lang='lat' dir='ltr'>tamen,</span> <span class='ocrx_word' id='word_1_149' title='bbox 446 1653 507 1689; x_wconf 90' lang='lat' dir='ltr'>cum</span> <span class='ocrx_word' id='word_1_150' title='bbox 530 1636 569 1691; x_wconf 89' lang='lat' dir='ltr'>sic</span> <span class='ocrx_word' id='word_1_151' title='bbox 593 1636 678 1709; x_wconf 86' lang='lat' dir='ltr'>exigit</span> <span class='ocrx_word' id='word_1_152' title='bbox 693 1652 748 1703; x_wconf 88' lang='lat' dir='ltr'>res,</span> <span class='ocrx_word' id='word_1_153' title='bbox 772 1653 824 1692; x_wconf 88' lang='lat' dir='ltr'>nec</span> <span class='ocrx_word' id='word_1_154' title='bbox 847 1653 896 1693; x_wconf 92' lang='lat' dir='ltr'>nos</span> 
     </span>
    </p>
   </div>
   <div class='ocr_carea' id='block_1_5' title="bbox 949 743 1746 1701">
    <p class='ocr_par' dir='ltr' id='par_1_5' title="bbox 949 743 1746 1701">
     <span class='ocr_line' id='line_1_17' title="bbox 950 743 1745 812; baseline 0 -15"><span class='ocrx_word' id='word_1_155' title='bbox 950 745 1021 799; x_wconf 90' lang='lat' dir='ltr'>tibus</span> <span class='ocrx_word' id='word_1_156' title='bbox 1033 745 1089 810; x_wconf 69' lang='lat' dir='ltr'>(tt)</span> <span class='ocrx_word' id='word_1_157' title='bbox 1105 746 1118 796; x_wconf 83' lang='lat' dir='ltr'>‘l</span> <span class='ocrx_word' id='word_1_158' title='bbox 1138 743 1264 812; x_wconf 83' lang='lat' dir='ltr'>Quandiu</span> <span class='ocrx_word' id='word_1_159' title='bbox 1279 745 1318 799; x_wconf 93' lang='lat' dir='ltr'>sic</span> <span class='ocrx_word' id='word_1_160' title='bbox 1332 752 1404 809; x_wconf 88' lang='lat' dir='ltr'>sunt,</span> <span class='ocrx_word' id='word_1_161' title='bbox 1420 753 1496 798; x_wconf 88' lang='lat' dir='ltr'>extra</span> <span class='ocrx_word' id='word_1_162' title='bbox 1512 743 1665 810; x_wconf 86' lang='lat' dir='ltr'>amplexum</span> <span class='ocrx_word' id='word_1_163' title='bbox 1681 758 1745 797; x_wconf 88' lang='lat' dir='ltr'>eru-</span> 
     </span>
     <span class='ocr_line' id='line_1_18' title="bbox 950 830 1744 900; baseline -0.005 -13"><span class='ocrx_word' id='word_1_164' title='bbox 950 831 1020 888; x_wconf 81' lang='lat' dir='ltr'>oilui</span> <span class='ocrx_word' id='word_1_165' title='bbox 1036 841 1106 890; x_wconf 83' lang='lat' dir='ltr'>sunt,</span> <span class='ocrx_word' id='word_1_166' title='bbox 1130 834 1185 900; x_wconf 81' lang='lat' dir='ltr'>nui,</span> <span class='ocrx_word' id='word_1_167' title='bbox 1210 835 1328 887; x_wconf 70' lang='lat' dir='ltr'>exteris-is</span> <span class='ocrx_word' id='word_1_168' title='bbox 1353 834 1378 885; x_wconf 94' lang='lat' dir='ltr'>in</span> <span class='ocrx_word' id='word_1_169' title='bbox 1403 847 1482 886; x_wconf 88' lang='lat' dir='ltr'>cruce</span> <span class='ocrx_word' id='word_1_170' title='bbox 1505 832 1637 898; x_wconf 87' lang='lat' dir='ltr'>manibus,</span> <span class='ocrx_word' id='word_1_171' title='bbox 1664 830 1744 884; x_wconf 91' lang='lat' dir='ltr'>etiam</span> 
     </span>
     <span class='ocr_line' id='line_1_19' title="bbox 950 918 1744 992; baseline -0.005 -16"><span class='ocrx_word' id='word_1_172' title='bbox 950 919 1034 976; x_wconf 87' lang='lat' dir='ltr'>lorma</span> <span class='ocrx_word' id='word_1_173' title='bbox 1050 922 1160 992; x_wconf 73' lang='lat' dir='ltr'>patibuli</span> <span class='ocrx_word' id='word_1_174' title='bbox 1177 920 1303 992; x_wconf 81' lang='lat' dir='ltr'>ampiecti</span> <span class='ocrx_word' id='word_1_175' title='bbox 1317 921 1460 975; x_wconf 84' lang='lat' dir='ltr'>ridebatur</span> <span class='ocrx_word' id='word_1_176' title='bbox 1476 935 1581 986; x_wconf 88' lang='lat' dir='ltr'>omnes,</span> <span class='ocrx_word' id='word_1_177' title='bbox 1611 934 1659 990; x_wconf 92' lang='lat' dir='ltr'>pro</span> <span class='ocrx_word' id='word_1_178' title='bbox 1680 918 1744 992; x_wconf 89' lang='lat' dir='ltr'>qui-</span> 
     </span>
     <span class='ocr_line' id='line_1_20' title="bbox 949 1007 1745 1080; baseline 0 -17"><span class='ocrx_word' id='word_1_179' title='bbox 949 1009 1000 1063; x_wconf 90' lang='lat' dir='ltr'>bus</span> <span class='ocrx_word' id='word_1_180' title='bbox 1015 1009 1179 1080; x_wconf 79' lang='lat' dir='ltr'>patiebatur.</span> <span class='ocrx_word' id='word_1_181' title='bbox 1208 1013 1303 1079; x_wconf 89' lang='lat' dir='ltr'>ltaque</span> <span class='ocrx_word' id='word_1_182' title='bbox 1326 1012 1393 1064; x_wconf 81' lang='lat' dir='ltr'>slent</span> <span class='ocrx_word' id='word_1_183' title='bbox 1415 1009 1479 1064; x_wconf 88' lang='lat' dir='ltr'>dicit</span> <span class='ocrx_word' id='word_1_184' title='bbox 1494 1007 1639 1080; x_wconf 77' lang='lat' dir='ltr'>Apostolus</span> <span class='ocrx_word' id='word_1_185' title='bbox 1664 1025 1670 1061; x_wconf 94' lang='lat'>:</span> <span class='ocrx_word' id='word_1_186' title='bbox 1701 1009 1745 1063; x_wconf 82' lang='lat' dir='ltr'>l&#39;e·</span> 
     </span>
     <span class='ocr_line' id='line_1_21' title="bbox 951 1099 1744 1172; baseline -0.001 -19"><span class='ocrx_word' id='word_1_187' title='bbox 951 1099 1086 1154; x_wconf 73' lang='lat' dir='ltr'>tentatie</span> <span class='ocrx_word' id='word_1_188' title='bbox 1094 1100 1280 1172; x_wconf 75' lang='lat' dir='ltr'>peccantibus</span> <span class='ocrx_word' id='word_1_189' title='bbox 1290 1102 1352 1171; x_wconf 87' lang='lat' dir='ltr'>jans</span> <span class='ocrx_word' id='word_1_190' title='bbox 1361 1116 1418 1156; x_wconf 86' lang='lat' dir='ltr'>nee</span> <span class='ocrx_word' id='word_1_191' title='bbox 1429 1099 1602 1169; x_wconf 78' lang='lat' dir='ltr'>relinquitur</span> <span class='ocrx_word' id='word_1_192' title='bbox 1616 1113 1665 1168; x_wconf 86' lang='lat' dir='ltr'>pro</span> <span class='ocrx_word' id='word_1_193' title='bbox 1681 1112 1744 1169; x_wconf 83' lang='lat' dir='ltr'>pec·</span> 
     </span>
     <span class='ocr_line' id='line_1_22' title="bbox 950 1184 1743 1259; baseline -0.004 -17"><span class='ocrx_word' id='word_1_194' title='bbox 950 1189 1022 1243; x_wconf 86' lang='lat' dir='ltr'>satis</span> <span class='ocrx_word' id='word_1_195' title='bbox 1038 1189 1129 1243; x_wconf 85' lang='lat' dir='ltr'>bestia</span> <span class='ocrx_word' id='word_1_196' title='bbox 1146 1188 1237 1255; x_wconf 82' lang='lat' dir='ltr'>(debr.</span> <span class='ocrx_word' id='word_1_197' title='bbox 1254 1190 1298 1259; x_wconf 78' lang='lat' dir='ltr'>x).</span> <span class='ocrx_word' id='word_1_198' title='bbox 1323 1188 1389 1257; x_wconf 81' lang='lat' dir='ltr'>Quae</span> <span class='ocrx_word' id='word_1_199' title='bbox 1405 1187 1456 1242; x_wconf 89' lang='lat' dir='ltr'>nisi</span> <span class='ocrx_word' id='word_1_200' title='bbox 1472 1186 1630 1256; x_wconf 77' lang='lat' dir='ltr'>paenitentia</span> <span class='ocrx_word' id='word_1_201' title='bbox 1643 1184 1743 1251; x_wconf 89' lang='lat' dir='ltr'>deleat,</span> 
     </span>
     <span class='ocr_line' id='line_1_23' title="bbox 951 1274 1745 1347; baseline 0 -18"><span class='ocrx_word' id='word_1_202' title='bbox 951 1275 1001 1330; x_wconf 90' lang='lat' dir='ltr'>nisi</span> <span class='ocrx_word' id='word_1_203' title='bbox 1027 1278 1194 1347; x_wconf 79' lang='lat' dir='ltr'>sanguineus</span> <span class='ocrx_word' id='word_1_204' title='bbox 1213 1277 1297 1332; x_wconf 90' lang='lat' dir='ltr'>sudor</span> <span class='ocrx_word' id='word_1_205' title='bbox 1320 1277 1442 1345; x_wconf 87' lang='lat' dir='ltr'>exsudet,</span> <span class='ocrx_word' id='word_1_206' title='bbox 1465 1283 1492 1332; x_wconf 90' lang='lat' dir='ltr'>et</span> <span class='ocrx_word' id='word_1_207' title='bbox 1515 1291 1579 1330; x_wconf 85' lang='lat' dir='ltr'>crux</span> <span class='ocrx_word' id='word_1_208' title='bbox 1599 1274 1745 1342; x_wconf 87' lang='lat' dir='ltr'>excruciet,</span> 
     </span>
     <span class='ocr_line' id='line_1_24' title="bbox 951 1362 1746 1435; baseline -0.005 -14"><span class='ocrx_word' id='word_1_209' title='bbox 951 1364 1099 1421; x_wconf 78' lang='lat' dir='ltr'>voluntarie</span> <span class='ocrx_word' id='word_1_210' title='bbox 1123 1373 1149 1419; x_wconf 86' lang='lat' dir='ltr'>et</span> <span class='ocrx_word' id='word_1_211' title='bbox 1173 1364 1290 1420; x_wconf 88' lang='lat' dir='ltr'>scienter</span> <span class='ocrx_word' id='word_1_212' title='bbox 1307 1372 1451 1435; x_wconf 86' lang='lat' dir='ltr'>peccantes</span> <span class='ocrx_word' id='word_1_213' title='bbox 1479 1379 1534 1418; x_wconf 91' lang='lat' dir='ltr'>non</span> <span class='ocrx_word' id='word_1_214' title='bbox 1549 1362 1659 1418; x_wconf 81' lang='lat' dir='ltr'>invenio</span> <span class='ocrx_word' id='word_1_215' title='bbox 1680 1378 1746 1432; x_wconf 87' lang='lat' dir='ltr'>per·</span> 
     </span>
     <span class='ocr_line' id='line_1_25' title="bbox 951 1451 1745 1525; baseline -0.001 -18"><span class='ocrx_word' id='word_1_216' title='bbox 951 1460 1005 1507; x_wconf 89' lang='lat' dir='ltr'>tem</span> <span class='ocrx_word' id='word_1_217' title='bbox 1029 1454 1137 1521; x_wconf 88' lang='lat' dir='ltr'>babere,</span> <span class='ocrx_word' id='word_1_218' title='bbox 1172 1454 1213 1509; x_wconf 85' lang='lat' dir='ltr'>rel</span> <span class='ocrx_word' id='word_1_219' title='bbox 1236 1455 1261 1509; x_wconf 94' lang='lat' dir='ltr'>in</span> <span class='ocrx_word' id='word_1_220' title='bbox 1287 1455 1408 1509; x_wconf 88' lang='lat' dir='ltr'>oratione</span> <span class='ocrx_word' id='word_1_221' title='bbox 1435 1453 1594 1525; x_wconf 82' lang='lat' dir='ltr'>sanguinem</span> <span class='ocrx_word' id='word_1_222' title='bbox 1613 1451 1745 1518; x_wconf 89' lang='lat' dir='ltr'>sudantis,</span> 
     </span>
     <span class='ocr_line' id='line_1_26' title="bbox 951 1540 1746 1614; baseline -0.004 -17"><span class='ocrx_word' id='word_1_223' title='bbox 951 1542 994 1597; x_wconf 82' lang='lat' dir='ltr'>rel</span> <span class='ocrx_word' id='word_1_224' title='bbox 1009 1542 1035 1595; x_wconf 91' lang='lat' dir='ltr'>in</span> <span class='ocrx_word' id='word_1_225' title='bbox 1051 1540 1188 1598; x_wconf 85' lang='lat' dir='ltr'>sacrificio</span> <span class='ocrx_word' id='word_1_226' title='bbox 1203 1543 1230 1597; x_wconf 91' lang='lat' dir='ltr'>in</span> <span class='ocrx_word' id='word_1_227' title='bbox 1245 1558 1325 1598; x_wconf 88' lang='lat' dir='ltr'>eruce</span> <span class='ocrx_word' id='word_1_228' title='bbox 1341 1542 1496 1614; x_wconf 89' lang='lat' dir='ltr'>pendentis.</span> <span class='ocrx_word' id='word_1_229' title='bbox 1521 1542 1579 1596; x_wconf 86' lang='lat' dir='ltr'>Heu</span> <span class='ocrx_word' id='word_1_230' title='bbox 1596 1557 1649 1609; x_wconf 89' lang='lat' dir='ltr'>me,</span> <span class='ocrx_word' id='word_1_231' title='bbox 1665 1555 1746 1613; x_wconf 86' lang='lat' dir='ltr'>quem</span> 
     </span>
     <span class='ocr_line' id='line_1_27' title="bbox 951 1630 1745 1701; baseline -0.003 -16"><span class='ocrx_word' id='word_1_232' title='bbox 951 1630 1118 1685; x_wconf 83' lang='lat' dir='ltr'>conscientia</span> <span class='ocrx_word' id='word_1_233' title='bbox 1147 1640 1267 1695; x_wconf 87' lang='lat' dir='ltr'>accusat,</span> <span class='ocrx_word' id='word_1_234' title='bbox 1302 1647 1382 1701; x_wconf 87' lang='lat' dir='ltr'>quem</span> <span class='ocrx_word' id='word_1_235' title='bbox 1410 1631 1513 1686; x_wconf 87' lang='lat' dir='ltr'>veritas</span> <span class='ocrx_word' id='word_1_236' title='bbox 1541 1644 1595 1684; x_wconf 91' lang='lat' dir='ltr'>non</span> <span class='ocrx_word' id='word_1_237' title='bbox 1625 1636 1745 1698; x_wconf 84' lang='lat' dir='ltr'>excusat,</span> 
     </span>
    </p>
   </div>
   <div class='ocr_carea' id='block_1_6' title="bbox 96 1712 1751 3656">
    <p class='ocr_par' dir='ltr' id='par_1_6' title="bbox 96 1712 1751 3656">
     <span class='ocr_line' id='line_1_28' title="bbox 98 1712 1747 1806; baseline 0.002 -36"><span class='ocrx_word' id='word_1_238' title='bbox 98 1712 364 1796; x_wconf 72' lang='lat' dir='ltr'>refugimus,r&#39;&#39;&#39;sci0‚</span> <span class='ocrx_word' id='word_1_239' title='bbox 383 1724 504 1780; x_wconf 78' lang='lat' dir='ltr'>Domine.</span> <span class='ocrx_word' id='word_1_240' title='bbox 531 1726 598 1788; x_wconf 86' lang='lat' dir='ltr'>scin,</span> <span class='ocrx_word' id='word_1_241' title='bbox 619 1726 679 1794; x_wconf 90' lang='lat' dir='ltr'>quia</span> <span class='ocrx_word' id='word_1_242' title='bbox 695 1725 897 1794; x_wconf 82' lang='lat' dir='ltr'>pernecessaria</span> <span class='ocrx_word' id='word_1_243' title='bbox 911 1747 937 1806; x_wconf 77' lang='lat' dir='ltr'><strong>B</strong></span> <span class='ocrx_word' id='word_1_244' title='bbox 952 1726 979 1772; x_wconf 88' lang='lat' dir='ltr'>ut</span> <span class='ocrx_word' id='word_1_245' title='bbox 995 1718 1084 1774; x_wconf 86' lang='lat' dir='ltr'>dicere</span> <span class='ocrx_word' id='word_1_246' title='bbox 1097 1723 1192 1790; x_wconf 83' lang='lat' dir='ltr'>possit,</span> <span class='ocrx_word' id='word_1_247' title='bbox 1217 1736 1270 1774; x_wconf 89' lang='lat' dir='ltr'>aon</span> <span class='ocrx_word' id='word_1_248' title='bbox 1287 1722 1359 1775; x_wconf 91' lang='lat' dir='ltr'>enim</span> <span class='ocrx_word' id='word_1_249' title='bbox 1375 1719 1463 1783; x_wconf 88' lang='lat' dir='ltr'>scivit,</span> <span class='ocrx_word' id='word_1_250' title='bbox 1487 1720 1549 1791; x_wconf 84' lang='lat' dir='ltr'>quid</span> <span class='ocrx_word' id='word_1_251' title='bbox 1570 1717 1642 1774; x_wconf 88' lang='lat' dir='ltr'>lecit.</span> <span class='ocrx_word' id='word_1_252' title='bbox 1667 1719 1747 1791; x_wconf 75' lang='lat' dir='ltr'>lgne-</span> 
     </span>
     <span class='ocr_line' id='line_1_29' title="bbox 98 1807 1744 1882; baseline -0.004 -16"><span class='ocrx_word' id='word_1_253' title='bbox 98 1817 174 1867; x_wconf 84' lang='lat' dir='ltr'>asset</span> <span class='ocrx_word' id='word_1_254' title='bbox 198 1813 266 1868; x_wconf 89' lang='lat' dir='ltr'>mibi</span> <span class='ocrx_word' id='word_1_255' title='bbox 289 1812 375 1868; x_wconf 88' lang='lat' dir='ltr'>oratio</span> <span class='ocrx_word' id='word_1_256' title='bbox 396 1813 443 1868; x_wconf 89' lang='lat' dir='ltr'>illa</span> <span class='ocrx_word' id='word_1_257' title='bbox 459 1813 618 1882; x_wconf 72' lang='lat' dir='ltr'>sanguinea,</span> <span class='ocrx_word' id='word_1_258' title='bbox 644 1824 671 1868; x_wconf 89' lang='lat' dir='ltr'>et</span> <span class='ocrx_word' id='word_1_259' title='bbox 691 1814 777 1868; x_wconf 88' lang='lat' dir='ltr'>oratio</span> <span class='ocrx_word' id='word_1_260' title='bbox 791 1818 896 1881; x_wconf 87' lang='lat' dir='ltr'>crucis;</span> <span class='ocrx_word' id='word_1_261' title='bbox 951 1823 998 1862; x_wconf 84' lang='lat' dir='ltr'>see</span> <span class='ocrx_word' id='word_1_262' title='bbox 1013 1824 1092 1880; x_wconf 81' lang='lat' dir='ltr'>ergo,</span> <span class='ocrx_word' id='word_1_263' title='bbox 1114 1809 1238 1875; x_wconf 83' lang='lat' dir='ltr'>Dentine,</span> <span class='ocrx_word' id='word_1_264' title='bbox 1259 1810 1285 1862; x_wconf 90' lang='lat' dir='ltr'>in</span> <span class='ocrx_word' id='word_1_265' title='bbox 1302 1811 1388 1879; x_wconf 87' lang='lat' dir='ltr'>pretio</span> <span class='ocrx_word' id='word_1_266' title='bbox 1407 1808 1517 1878; x_wconf 75' lang='lat' dir='ltr'>pretiosi</span> <span class='ocrx_word' id='word_1_267' title='bbox 1536 1808 1677 1877; x_wconf 71' lang='lat' dir='ltr'>sanguinis</span> <span class='ocrx_word' id='word_1_268' title='bbox 1697 1807 1744 1873; x_wconf 89' lang='lat' dir='ltr'>tui,</span> 
     </span>
     <span class='ocr_line' id='line_1_30' title="bbox 98 1896 1747 1972; baseline -0.002 -17"><span class='ocrx_word' id='word_1_269' title='bbox 98 1898 172 1972; x_wconf 82' lang='lat' dir='ltr'>quia,</span> <span class='ocrx_word' id='word_1_270' title='bbox 189 1915 249 1956; x_wconf 87' lang='lat' dir='ltr'>eum</span> <span class='ocrx_word' id='word_1_271' title='bbox 266 1903 352 1956; x_wconf 86' lang='lat' dir='ltr'>sentio</span> <span class='ocrx_word' id='word_1_272' title='bbox 367 1901 430 1970; x_wconf 87' lang='lat' dir='ltr'>quid</span> <span class='ocrx_word' id='word_1_273' title='bbox 445 1902 534 1957; x_wconf 89' lang='lat' dir='ltr'>oratio</span> <span class='ocrx_word' id='word_1_274' title='bbox 546 1903 571 1955; x_wconf 93' lang='lat' dir='ltr'>in</span> <span class='ocrx_word' id='word_1_275' title='bbox 583 1918 626 1956; x_wconf 93' lang='lat' dir='ltr'>me</span> <span class='ocrx_word' id='word_1_276' title='bbox 639 1903 736 1957; x_wconf 87' lang='lat' dir='ltr'>habeat</span> <span class='ocrx_word' id='word_1_277' title='bbox 755 1903 896 1967; x_wconf 85' lang='lat' dir='ltr'>exsudare,</span> <span class='ocrx_word' id='word_1_278' title='bbox 951 1898 1078 1952; x_wconf 89' lang='lat' dir='ltr'>omnibus</span> <span class='ocrx_word' id='word_1_279' title='bbox 1100 1897 1215 1968; x_wconf 88' lang='lat' dir='ltr'>peccatis</span> <span class='ocrx_word' id='word_1_280' title='bbox 1233 1897 1309 1965; x_wconf 88' lang='lat' dir='ltr'>meis,</span> <span class='ocrx_word' id='word_1_281' title='bbox 1335 1898 1362 1952; x_wconf 89' lang='lat' dir='ltr'>ia</span> <span class='ocrx_word' id='word_1_282' title='bbox 1386 1913 1447 1969; x_wconf 77' lang='lat' dir='ltr'>quaa</span> <span class='ocrx_word' id='word_1_283' title='bbox 1469 1896 1570 1951; x_wconf 91' lang='lat' dir='ltr'>incurri</span> <span class='ocrx_word' id='word_1_284' title='bbox 1590 1897 1706 1951; x_wconf 88' lang='lat' dir='ltr'>scienter</span> <span class='ocrx_word' id='word_1_285' title='bbox 1720 1903 1747 1951; x_wconf 91' lang='lat' dir='ltr'>et</span> 
     </span>
     <span class='ocr_line' id='line_1_31' title="bbox 97 1984 1747 2064; baseline -0.002 -22"><span class='ocrx_word' id='word_1_286' title='bbox 97 1989 174 2062; x_wconf 90' lang='lat' dir='ltr'>quod</span> <span class='ocrx_word' id='word_1_287' title='bbox 199 2005 263 2044; x_wconf 84' lang='lat' dir='ltr'>crux</span> <span class='ocrx_word' id='word_1_288' title='bbox 291 1991 455 2054; x_wconf 83' lang='lat' dir='ltr'>excruciare,</span> <span class='ocrx_word' id='word_1_289' title='bbox 482 2007 535 2046; x_wconf 91' lang='lat' dir='ltr'>nou</span> <span class='ocrx_word' id='word_1_290' title='bbox 555 1991 665 2063; x_wconf 85' lang='lat' dir='ltr'>quidem</span> <span class='ocrx_word' id='word_1_291' title='bbox 690 1992 776 2047; x_wconf 89' lang='lat' dir='ltr'>babeo</span> <span class='ocrx_word' id='word_1_292' title='bbox 791 1993 898 2064; x_wconf 83' lang='lat' dir='ltr'>sangui·</span> <span class='ocrx_word' id='word_1_293' title='bbox 952 1986 1105 2041; x_wconf 89' lang='lat' dir='ltr'>nescienter</span> <span class='ocrx_word' id='word_1_294' title='bbox 1128 2004 1135 2040; x_wconf 76' lang='grc' dir='ltr'><strong>ε</strong></span> <span class='ocrx_word' id='word_1_295' title='bbox 1161 1994 1188 2041; x_wconf 88' lang='lat' dir='ltr'>et</span> <span class='ocrx_word' id='word_1_296' title='bbox 1210 1985 1254 2041; x_wconf 90' lang='lat' dir='ltr'>dic</span> <span class='ocrx_word' id='word_1_297' title='bbox 1276 1986 1410 2058; x_wconf 80' lang='lat' dir='ltr'>peccatori</span> <span class='ocrx_word' id='word_1_298' title='bbox 1426 1989 1485 2050; x_wconf 85' lang='lat' dir='ltr'>tue,</span> <span class='ocrx_word' id='word_1_299' title='bbox 1510 1985 1616 2039; x_wconf 89' lang='lat' dir='ltr'>insinua</span> <span class='ocrx_word' id='word_1_300' title='bbox 1632 1984 1747 2057; x_wconf 85' lang='lat' dir='ltr'>pauperi</span> 
     </span>
     <span class='ocr_line' id='line_1_32' title="bbox 97 2074 1747 2147; baseline 0.001 -19"><span class='ocrx_word' id='word_1_301' title='bbox 97 2084 179 2128; x_wconf 84' lang='lat' dir='ltr'>neum</span> <span class='ocrx_word' id='word_1_302' title='bbox 204 2074 343 2142; x_wconf 85' lang='lat' dir='ltr'>sudorem,</span> <span class='ocrx_word' id='word_1_303' title='bbox 369 2076 416 2131; x_wconf 89' lang='lat' dir='ltr'>sed</span> <span class='ocrx_word' id='word_1_304' title='bbox 438 2076 601 2147; x_wconf 83' lang='lat' dir='ltr'>sanguineus</span> <span class='ocrx_word' id='word_1_305' title='bbox 626 2076 759 2146; x_wconf 76' lang='lat' dir='ltr'>lacrymas</span> <span class='ocrx_word' id='word_1_306' title='bbox 783 2078 898 2135; x_wconf 83' lang='lat' dir='ltr'>exsudat</span> <span class='ocrx_word' id='word_1_307' title='bbox 951 2082 1008 2139; x_wconf 92' lang='lat' dir='ltr'>tuo,</span> <span class='ocrx_word' id='word_1_308' title='bbox 1032 2075 1096 2146; x_wconf 90' lang='lat' dir='ltr'>quid</span> <span class='ocrx_word' id='word_1_309' title='bbox 1120 2075 1202 2131; x_wconf 81' lang='lat' dir='ltr'>faciat</span> <span class='ocrx_word' id='word_1_310' title='bbox 1221 2091 1271 2147; x_wconf 91' lang='lat' dir='ltr'>pro</span> <span class='ocrx_word' id='word_1_311' title='bbox 1293 2076 1341 2143; x_wconf 90' lang='lat' dir='ltr'>eis,</span> <span class='ocrx_word' id='word_1_312' title='bbox 1363 2083 1388 2130; x_wconf 83' lang='lat' dir='ltr'>at</span> <span class='ocrx_word' id='word_1_313' title='bbox 1408 2075 1527 2130; x_wconf 77' lang='lat' dir='ltr'>maxime</span> <span class='ocrx_word' id='word_1_314' title='bbox 1544 2089 1592 2145; x_wconf 93' lang='lat' dir='ltr'>pro</span> <span class='ocrx_word' id='word_1_315' title='bbox 1613 2074 1665 2139; x_wconf 90' lang='lat' dir='ltr'>eis,</span> <span class='ocrx_word' id='word_1_316' title='bbox 1686 2090 1747 2144; x_wconf 83' lang='lat' dir='ltr'>quae</span> 
     </span>
     <span class='ocr_line' id='line_1_33' title="bbox 97 2163 1747 2234; baseline -0.001 -17"><span class='ocrx_word' id='word_1_317' title='bbox 97 2176 250 2217; x_wconf 88' lang='lat' dir='ltr'>cormeum</span> <span class='ocrx_word' id='word_1_318' title='bbox 267 2163 295 2218; x_wconf 92' lang='lat' dir='ltr'>in</span> <span class='ocrx_word' id='word_1_319' title='bbox 309 2164 396 2219; x_wconf 89' lang='lat' dir='ltr'>oculis</span> <span class='ocrx_word' id='word_1_320' title='bbox 412 2164 471 2219; x_wconf 89' lang='lat' dir='ltr'>tuis.</span> <span class='ocrx_word' id='word_1_321' title='bbox 496 2164 554 2220; x_wconf 89' lang='lat' dir='ltr'>Nec</span> <span class='ocrx_word' id='word_1_322' title='bbox 567 2164 670 2220; x_wconf 83' lang='lat' dir='ltr'>invenit</span> <span class='ocrx_word' id='word_1_323' title='bbox 686 2181 785 2234; x_wconf 89' lang='lat' dir='ltr'>eorpus</span> <span class='ocrx_word' id='word_1_324' title='bbox 805 2183 895 2220; x_wconf 91' lang='lat' dir='ltr'>meum</span> <span class='ocrx_word' id='word_1_325' title='bbox 951 2163 1076 2217; x_wconf 85' lang='lat' dir='ltr'>commisi</span> <span class='ocrx_word' id='word_1_326' title='bbox 1092 2164 1218 2218; x_wconf 86' lang='lat' dir='ltr'>scienter.</span> <span class='ocrx_word' id='word_1_327' title='bbox 1245 2165 1312 2218; x_wconf 88' lang='lat' dir='ltr'>Nam</span> <span class='ocrx_word' id='word_1_328' title='bbox 1328 2164 1351 2218; x_wconf 87' lang='lat' dir='ltr'>si</span> <span class='ocrx_word' id='word_1_329' title='bbox 1366 2179 1461 2219; x_wconf 87' lang='lat' dir='ltr'>omnes</span> <span class='ocrx_word' id='word_1_330' title='bbox 1475 2163 1594 2218; x_wconf 81' lang='lat' dir='ltr'>scienter</span> <span class='ocrx_word' id='word_1_331' title='bbox 1604 2171 1747 2231; x_wconf 86' lang='lat' dir='ltr'>peccantes</span> 
     </span>
     <span class='ocr_line' id='line_1_34' title="bbox 98 2251 1748 2324; baseline 0.001 -19"><span class='ocrx_word' id='word_1_332' title='bbox 98 2263 208 2306; x_wconf 85' lang='lat' dir='ltr'>crucem</span> <span class='ocrx_word' id='word_1_333' title='bbox 231 2251 257 2304; x_wconf 89' lang='lat' dir='ltr'>in</span> <span class='ocrx_word' id='word_1_334' title='bbox 269 2268 321 2321; x_wconf 90' lang='lat' dir='ltr'>qua</span> <span class='ocrx_word' id='word_1_335' title='bbox 338 2251 525 2324; x_wconf 79' lang='lat' dir='ltr'>crucifigatur,</span> <span class='ocrx_word' id='word_1_336' title='bbox 550 2253 597 2307; x_wconf 89' lang='lat' dir='ltr'>sed</span> <span class='ocrx_word' id='word_1_337' title='bbox 612 2252 706 2308; x_wconf 76' lang='lat' dir='ltr'>infelix</span> <span class='ocrx_word' id='word_1_338' title='bbox 721 2254 812 2308; x_wconf 86' lang='lat' dir='ltr'>anima</span> <span class='ocrx_word' id='word_1_339' title='bbox 833 2270 897 2310; x_wconf 88' lang='lat' dir='ltr'>mea</span> <span class='ocrx_word' id='word_1_340' title='bbox 950 2252 1053 2307; x_wconf 82' lang='lat' dir='ltr'>videris</span> <span class='ocrx_word' id='word_1_341' title='bbox 1068 2251 1227 2317; x_wconf 88' lang='lat' dir='ltr'>exclusisse,</span> <span class='ocrx_word' id='word_1_342' title='bbox 1245 2269 1285 2308; x_wconf 81' lang='lat' dir='ltr'>vae</span> <span class='ocrx_word' id='word_1_343' title='bbox 1296 2254 1423 2308; x_wconf 74' lang='lat' dir='ltr'>universe</span> <span class='ocrx_word' id='word_1_344' title='bbox 1439 2252 1550 2318; x_wconf 87' lang='lat' dir='ltr'>mundo,</span> <span class='ocrx_word' id='word_1_345' title='bbox 1566 2253 1628 2323; x_wconf 85' lang='lat' dir='ltr'>quia</span> <span class='ocrx_word' id='word_1_346' title='bbox 1642 2252 1748 2322; x_wconf 90' lang='lat' dir='ltr'>paucis·</span> 
     </span>
     <span class='ocr_line' id='line_1_35' title="bbox 97 2339 1749 2414; baseline 0.004 -24"><span class='ocrx_word' id='word_1_347' title='bbox 97 2350 183 2407; x_wconf 88' lang='lat' dir='ltr'>super</span> <span class='ocrx_word' id='word_1_348' title='bbox 198 2353 306 2393; x_wconf 81' lang='lat' dir='ltr'>omnem</span> <span class='ocrx_word' id='word_1_349' title='bbox 329 2340 418 2395; x_wconf 89' lang='lat' dir='ltr'>crucis</span> <span class='ocrx_word' id='word_1_350' title='bbox 435 2339 557 2395; x_wconf 79' lang='lat' dir='ltr'>dolerem</span> <span class='ocrx_word' id='word_1_351' title='bbox 582 2341 609 2394; x_wconf 90' lang='lat' dir='ltr'>in</span> <span class='ocrx_word' id='word_1_352' title='bbox 634 2341 724 2412; x_wconf 89' lang='lat' dir='ltr'>seipsa</span> <span class='ocrx_word' id='word_1_353' title='bbox 751 2342 893 2397; x_wconf 88' lang='lat' dir='ltr'>cruciatur.</span> <span class='ocrx_word' id='word_1_354' title='bbox 950 2341 1033 2395; x_wconf 88' lang='lat' dir='ltr'>simos</span> <span class='ocrx_word' id='word_1_355' title='bbox 1046 2340 1146 2396; x_wconf 86' lang='lat' dir='ltr'>videris</span> <span class='ocrx_word' id='word_1_356' title='bbox 1158 2341 1317 2397; x_wconf 89' lang='lat' dir='ltr'>inclusisse.</span> <span class='ocrx_word' id='word_1_357' title='bbox 1342 2343 1502 2397; x_wconf 86' lang='lat' dir='ltr'>l&#39;olentarte</span> <span class='ocrx_word' id='word_1_358' title='bbox 1511 2341 1703 2414; x_wconf 79' lang='lat' dir='ltr'>peccantibus,</span> <span class='ocrx_word' id='word_1_359' title='bbox 1712 2340 1749 2396; x_wconf 90' lang='lat' dir='ltr'>ait</span> 
     </span>
     <span class='ocr_line' id='line_1_36' title="bbox 97 2423 1747 2503; baseline 0.002 -21"><span class='ocrx_word' id='word_1_360' title='bbox 97 2423 300 2482; x_wconf 73' lang='lat' dir='ltr'>concrucifixus</span> <span class='ocrx_word' id='word_1_361' title='bbox 314 2435 403 2484; x_wconf 89' lang='lat' dir='ltr'>tamen</span> <span class='ocrx_word' id='word_1_362' title='bbox 415 2428 463 2484; x_wconf 91' lang='lat' dir='ltr'>tibi</span> <span class='ocrx_word' id='word_1_363' title='bbox 479 2445 549 2495; x_wconf 89' lang='lat' dir='ltr'>sum,</span> <span class='ocrx_word' id='word_1_364' title='bbox 570 2430 684 2486; x_wconf 88' lang='lat' dir='ltr'>Domine</span> <span class='ocrx_word' id='word_1_365' title='bbox 697 2433 772 2496; x_wconf 89' lang='lat' dir='ltr'>Jesu,</span> <span class='ocrx_word' id='word_1_366' title='bbox 798 2439 895 2486; x_wconf 90' lang='lat' dir='ltr'>utcun-</span> <span class='ocrx_word' id='word_1_367' title='bbox 950 2430 1106 2498; x_wconf 79' lang='lat' dir='ltr'>apostotus,</span> <span class='ocrx_word' id='word_1_368' title='bbox 1119 2430 1431 2503; x_wconf 82' lang='lat' dir='ltr'>jamrrenraliapuitar</span> <span class='ocrx_word' id='word_1_369' title='bbox 1449 2432 1630 2502; x_wconf 82' lang='lat' dir='ltr'>propeccatis</span> <span class='ocrx_word' id='word_1_370' title='bbox 1645 2430 1747 2486; x_wconf 82' lang='lat' dir='ltr'>bestia.</span> 
     </span>
     <span class='ocr_line' id='line_1_37' title="bbox 97 2513 1748 2591; baseline 0.003 -23"><span class='ocrx_word' id='word_1_371' title='bbox 97 2526 150 2587; x_wconf 81' lang='lat' dir='ltr'>que</span> <span class='ocrx_word' id='word_1_372' title='bbox 177 2513 203 2570; x_wconf 90' lang='lat' dir='ltr'>in</span> <span class='ocrx_word' id='word_1_373' title='bbox 226 2532 307 2573; x_wconf 89' lang='lat' dir='ltr'>cruce</span> <span class='ocrx_word' id='word_1_374' title='bbox 329 2515 516 2587; x_wconf 78' lang='lat' dir='ltr'>professionis,</span> <span class='ocrx_word' id='word_1_375' title='bbox 547 2534 628 2588; x_wconf 83' lang='lat' dir='ltr'>qnam</span> <span class='ocrx_word' id='word_1_376' title='bbox 658 2518 691 2572; x_wconf 93' lang='lat' dir='ltr'>de</span> <span class='ocrx_word' id='word_1_377' title='bbox 719 2536 830 2574; x_wconf 86' lang='lat' dir='ltr'>munere</span> <span class='ocrx_word' id='word_1_378' title='bbox 850 2529 895 2575; x_wconf 92' lang='lat' dir='ltr'>tuo</span> <span class='ocrx_word' id='word_1_379' title='bbox 950 2518 1748 2591; x_wconf 76' lang='lat' dir='ltr'>tettamqaissacenstepetnaoyst,stneettamtsera-</span> 
     </span>
     <span class='ocr_line' id='line_1_38' title="bbox 98 2602 1749 2678; baseline 0.003 -21"><span class='ocrx_word' id='word_1_380' title='bbox 98 2602 217 2674; x_wconf 88' lang='lat' dir='ltr'>quotidie</span> <span class='ocrx_word' id='word_1_381' title='bbox 231 2613 258 2660; x_wconf 88' lang='lat' dir='ltr'>et</span> <span class='ocrx_word' id='word_1_382' title='bbox 270 2606 371 2676; x_wconf 82' lang='lat' dir='ltr'>jugiter</span> <span class='ocrx_word' id='word_1_383' title='bbox 386 2605 433 2660; x_wconf 91' lang='lat' dir='ltr'>tibi</span> <span class='ocrx_word' id='word_1_384' title='bbox 448 2605 543 2672; x_wconf 77' lang='lat' dir='ltr'>elfere,</span> <span class='ocrx_word' id='word_1_385' title='bbox 565 2608 631 2678; x_wconf 85' lang='lat' dir='ltr'>quia</span> <span class='ocrx_word' id='word_1_386' title='bbox 646 2624 758 2663; x_wconf 81' lang='lat' dir='ltr'>ntunera</span> <span class='ocrx_word' id='word_1_387' title='bbox 773 2618 818 2663; x_wconf 91' lang='lat' dir='ltr'>tua</span> <span class='ocrx_word' id='word_1_388' title='bbox 833 2609 896 2665; x_wconf 87' lang='lat' dir='ltr'>data</span> <span class='ocrx_word' id='word_1_389' title='bbox 950 2609 1025 2665; x_wconf 70' lang='lat' dir='ltr'>tinae</span> <span class='ocrx_word' id='word_1_390' title='bbox 1036 2607 1139 2663; x_wconf 81' lang='lat' dir='ltr'>dactus</span> <span class='ocrx_word' id='word_1_391' title='bbox 1150 2609 1193 2663; x_wconf 84' lang='lat' dir='ltr'>act</span> <span class='ocrx_word' id='word_1_392' title='bbox 1204 2607 1292 2663; x_wconf 84' lang='lat' dir='ltr'>tribus</span> <span class='ocrx_word' id='word_1_393' title='bbox 1304 2607 1560 2664; x_wconf 79' lang='lat' dir='ltr'>testtbasmeritur.</span> <span class='ocrx_word' id='word_1_394' title='bbox 1571 2607 1749 2674; x_wconf 71' lang='lat' dir='ltr'>(leontoma-</span> 
     </span>
     <span class='ocr_line' id='line_1_39' title="bbox 99 2692 1749 2768; baseline 0.002 -21"><span class='ocrx_word' id='word_1_395' title='bbox 99 2699 159 2760; x_wconf 83' lang='lat' dir='ltr'>tua;</span> <span class='ocrx_word' id='word_1_396' title='bbox 175 2692 222 2748; x_wconf 92' lang='lat' dir='ltr'>sed</span> <span class='ocrx_word' id='word_1_397' title='bbox 237 2693 271 2749; x_wconf 91' lang='lat' dir='ltr'>de</span> <span class='ocrx_word' id='word_1_398' title='bbox 282 2710 350 2750; x_wconf 83' lang='lat' dir='ltr'>meae</span> <span class='ocrx_word' id='word_1_399' title='bbox 364 2696 452 2750; x_wconf 87' lang='lat' dir='ltr'>crucis</span> <span class='ocrx_word' id='word_1_400' title='bbox 467 2695 571 2750; x_wconf 88' lang='lat' dir='ltr'>deliciis</span> <span class='ocrx_word' id='word_1_401' title='bbox 585 2697 771 2765; x_wconf 85' lang='lat' dir='ltr'>contemplans</span> <span class='ocrx_word' id='word_1_402' title='bbox 786 2698 894 2768; x_wconf 86' lang='lat' dir='ltr'>passie—</span> <span class='ocrx_word' id='word_1_403' title='bbox 948 2698 991 2768; x_wconf 81' lang='lat' dir='ltr'>pis</span> <span class='ocrx_word' id='word_1_404' title='bbox 997 2697 1107 2768; x_wconf 86' lang='lat' dir='ltr'>palatis</span> <span class='ocrx_word' id='word_1_405' title='bbox 1116 2696 1255 2754; x_wconf 83' lang='lat' dir='ltr'>deteriore</span> <span class='ocrx_word' id='word_1_406' title='bbox 1265 2697 1370 2752; x_wconf 87' lang='lat' dir='ltr'>mereri</span> <span class='ocrx_word' id='word_1_407' title='bbox 1378 2696 1526 2768; x_wconf 81' lang='lat' dir='ltr'>supplicia.</span> <span class='ocrx_word' id='word_1_408' title='bbox 1534 2695 1582 2768; x_wconf 81' lang='lat' dir='ltr'>qai</span> <span class='ocrx_word' id='word_1_409' title='bbox 1590 2697 1692 2751; x_wconf 82' lang='lat' dir='ltr'>Filiam</span> <span class='ocrx_word' id='word_1_410' title='bbox 1700 2696 1749 2753; x_wconf 78' lang='lat' dir='ltr'>aa</span> 
     </span>
     <span class='ocr_line' id='line_1_40' title="bbox 98 2783 1750 2856; baseline 0.003 -21"><span class='ocrx_word' id='word_1_411' title='bbox 98 2796 162 2837; x_wconf 88' lang='lat' dir='ltr'>nem</span> <span class='ocrx_word' id='word_1_412' title='bbox 178 2790 231 2837; x_wconf 84' lang='lat' dir='ltr'>tuae</span> <span class='ocrx_word' id='word_1_413' title='bbox 246 2783 344 2847; x_wconf 87' lang='lat' dir='ltr'>crucis,</span> <span class='ocrx_word' id='word_1_414' title='bbox 370 2783 457 2838; x_wconf 86' lang='lat' dir='ltr'>clavis</span> <span class='ocrx_word' id='word_1_415' title='bbox 472 2784 574 2840; x_wconf 89' lang='lat' dir='ltr'>timeris</span> <span class='ocrx_word' id='word_1_416' title='bbox 589 2785 626 2838; x_wconf 89' lang='lat' dir='ltr'>tui</span> <span class='ocrx_word' id='word_1_417' title='bbox 642 2783 764 2841; x_wconf 82' lang='lat' dir='ltr'>confixus</span> <span class='ocrx_word' id='word_1_418' title='bbox 779 2787 895 2841; x_wconf 86' lang='lat' dir='ltr'>conlun-</span> <span class='ocrx_word' id='word_1_419' title='bbox 948 2785 1750 2856; x_wconf 78' lang='lat' dir='ltr'>conculcaverit,etsanpaiaemtestamentipetlatamda·</span> 
     </span>
     <span class='ocr_line' id='line_1_41' title="bbox 99 2868 1750 2945; baseline 0.002 -21"><span class='ocrx_word' id='word_1_420' title='bbox 99 2868 161 2936; x_wconf 90' lang='lat' dir='ltr'>dor,</span> <span class='ocrx_word' id='word_1_421' title='bbox 186 2876 213 2926; x_wconf 90' lang='lat' dir='ltr'>et</span> <span class='ocrx_word' id='word_1_422' title='bbox 237 2878 307 2926; x_wconf 89' lang='lat' dir='ltr'>tetus</span> <span class='ocrx_word' id='word_1_423' title='bbox 330 2873 510 2940; x_wconf 71' lang='lat' dir='ltr'>contabesco,</span> <span class='ocrx_word' id='word_1_424' title='bbox 541 2889 595 2928; x_wconf 91' lang='lat' dir='ltr'>non</span> <span class='ocrx_word' id='word_1_425' title='bbox 626 2889 661 2928; x_wconf 88' lang='lat' dir='ltr'>ex</span> <span class='ocrx_word' id='word_1_426' title='bbox 689 2874 782 2929; x_wconf 88' lang='lat' dir='ltr'>dolore</span> <span class='ocrx_word' id='word_1_427' title='bbox 806 2877 895 2931; x_wconf 88' lang='lat' dir='ltr'>crucis</span> <span class='ocrx_word' id='word_1_428' title='bbox 948 2873 1750 2945; x_wconf 63' lang='lat' dir='ltr'>peritiaquesanctificatuseet,etspiritaiprattoecon·</span> 
     </span>
     <span class='ocr_line' id='line_1_42' title="bbox 100 2960 1748 3034; baseline 0.002 -21"><span class='ocrx_word' id='word_1_429' title='bbox 100 2972 178 3027; x_wconf 76' lang='lat' dir='ltr'>meaa,</span> <span class='ocrx_word' id='word_1_430' title='bbox 202 2960 247 3030; x_wconf 87' lang='lat' dir='ltr'>qui</span> <span class='ocrx_word' id='word_1_431' title='bbox 262 2977 294 3014; x_wconf 86' lang='lat' dir='ltr'>ex</span> <span class='ocrx_word' id='word_1_432' title='bbox 309 2960 399 3033; x_wconf 82' lang='lat' dir='ltr'>gratia</span> <span class='ocrx_word' id='word_1_433' title='bbox 415 2969 460 3017; x_wconf 92' lang='lat' dir='ltr'>tua</span> <span class='ocrx_word' id='word_1_434' title='bbox 471 2961 529 3031; x_wconf 90' lang='lat' dir='ltr'>jam</span> <span class='ocrx_word' id='word_1_435' title='bbox 545 2961 610 3016; x_wconf 91' lang='lat' dir='ltr'>mibi</span> <span class='ocrx_word' id='word_1_436' title='bbox 624 2963 712 3016; x_wconf 89' lang='lat' dir='ltr'>nullus</span> <span class='ocrx_word' id='word_1_437' title='bbox 728 2971 777 3028; x_wconf 89' lang='lat' dir='ltr'>est,</span> <span class='ocrx_word' id='word_1_438' title='bbox 803 2965 851 3019; x_wconf 86' lang='lat' dir='ltr'>sed</span> <span class='ocrx_word' id='word_1_439' title='bbox 863 2982 894 3019; x_wconf 84' lang='lat' dir='ltr'>ex</span> <span class='ocrx_word' id='word_1_440' title='bbox 950 2962 1099 3018; x_wconf 83' lang='lat' dir='ltr'>tumeliam</span> <span class='ocrx_word' id='word_1_441' title='bbox 1109 2964 1210 3032; x_wconf 76' lang='lat' dir='ltr'>fecerit</span> <span class='ocrx_word' id='word_1_442' title='bbox 1219 2961 1233 3015; x_wconf 76' lang='lat'>‚⁹</span> <span class='ocrx_word' id='word_1_443' title='bbox 1244 2963 1353 3019; x_wconf 78' lang='lat' dir='ltr'>Seianas</span> <span class='ocrx_word' id='word_1_444' title='bbox 1363 2963 1496 3034; x_wconf 82' lang='lat' dir='ltr'>enimpai</span> <span class='ocrx_word' id='word_1_445' title='bbox 1506 2961 1582 3017; x_wconf 79' lang='lat' dir='ltr'>dixit</span> <span class='ocrx_word' id='word_1_446' title='bbox 1592 2961 1674 3017; x_wconf 82' lang='lat' dir='ltr'>:illiti</span> <span class='ocrx_word' id='word_1_447' title='bbox 1683 2962 1748 3018; x_wconf 81' lang='lat' dir='ltr'>ain-</span> 
     </span>
     <span class='ocr_line' id='line_1_43' title="bbox 98 3044 1749 3122; baseline 0.004 -22"><span class='ocrx_word' id='word_1_448' title='bbox 98 3044 194 3103; x_wconf 88' lang='lat' dir='ltr'>delore</span> <span class='ocrx_word' id='word_1_449' title='bbox 209 3048 310 3113; x_wconf 89' lang='lat' dir='ltr'>cordis,</span> <span class='ocrx_word' id='word_1_450' title='bbox 336 3064 389 3119; x_wconf 91' lang='lat' dir='ltr'>qno</span> <span class='ocrx_word' id='word_1_451' title='bbox 411 3050 557 3106; x_wconf 87' lang='lat' dir='ltr'>considere</span> <span class='ocrx_word' id='word_1_452' title='bbox 576 3066 645 3121; x_wconf 88' lang='lat' dir='ltr'>opus</span> <span class='ocrx_word' id='word_1_453' title='bbox 667 3059 740 3106; x_wconf 88' lang='lat' dir='ltr'>tuam</span> <span class='ocrx_word' id='word_1_454' title='bbox 764 3051 789 3105; x_wconf 92' lang='lat' dir='ltr'>in</span> <span class='ocrx_word' id='word_1_455' title='bbox 806 3052 894 3108; x_wconf 86' lang='lat' dir='ltr'>medio</span> <span class='ocrx_word' id='word_1_456' title='bbox 948 3051 1066 3117; x_wconf 83' lang='lat' dir='ltr'>dictam,</span> <span class='ocrx_word' id='word_1_457' title='bbox 1077 3067 1124 3122; x_wconf 84' lang='lat' dir='ltr'>epa</span> <span class='ocrx_word' id='word_1_458' title='bbox 1136 3051 1251 3106; x_wconf 83' lang='lat' dir='ltr'>reddam</span> <span class='ocrx_word' id='word_1_459' title='bbox 1262 3052 1352 3118; x_wconf 71' lang='lat' dir='ltr'>(liele.</span> <span class='ocrx_word' id='word_1_460' title='bbox 1370 3054 1409 3119; x_wconf 84' lang='lat' dir='ltr'>a).</span> <span class='ocrx_word' id='word_1_461' title='bbox 1423 3050 1501 3115; x_wconf 80' lang='lat' dir='ltr'>Vere,</span> <span class='ocrx_word' id='word_1_462' title='bbox 1515 3048 1640 3117; x_wconf 87' lang='lat' dir='ltr'>Domine,</span> <span class='ocrx_word' id='word_1_463' title='bbox 1654 3050 1749 3107; x_wconf 81' lang='lat' dir='ltr'>volua-</span> 
     </span>
     <span class='ocr_line' id='line_1_44' title="bbox 102 3098 1751 3210; baseline 0.002 -19"><span class='ocrx_word' id='word_1_464' title='bbox 102 3148 235 3192; x_wconf 86' lang='lat' dir='ltr'>aenorum</span> <span class='ocrx_word' id='word_1_465' title='bbox 258 3137 441 3201; x_wconf 64' lang='lat' dir='ltr'>vivificatum</span> <span class='ocrx_word' id='word_1_466' title='bbox 467 3139 494 3192; x_wconf 91' lang='lat' dir='ltr'>in</span> <span class='ocrx_word' id='word_1_467' title='bbox 519 3155 614 3194; x_wconf 88' lang='lat' dir='ltr'>omnes</span> <span class='ocrx_word' id='word_1_468' title='bbox 632 3156 718 3195; x_wconf 79' lang='lat' dir='ltr'>antttts</span> <span class='ocrx_word' id='word_1_469' title='bbox 737 3148 763 3196; x_wconf 91' lang='lat' dir='ltr'>et</span> <span class='ocrx_word' id='word_1_470' title='bbox 781 3149 842 3197; x_wconf 88' lang='lat' dir='ltr'>ante</span> <span class='ocrx_word' id='word_1_471' title='bbox 868 3098 935 3197; x_wconf 87' lang='lat' dir='ltr'>etC</span> <span class='ocrx_word' id='word_1_472' title='bbox 954 3139 1018 3194; x_wconf 86' lang='lat' dir='ltr'>terie</span> <span class='ocrx_word' id='word_1_473' title='bbox 1033 3144 1096 3208; x_wconf 90' lang='lat' dir='ltr'>post</span> <span class='ocrx_word' id='word_1_474' title='bbox 1104 3149 1241 3209; x_wconf 84' lang='lat' dir='ltr'>acceptam</span> <span class='ocrx_word' id='word_1_475' title='bbox 1258 3140 1377 3194; x_wconf 83' lang='lat' dir='ltr'>veritatis</span> <span class='ocrx_word' id='word_1_476' title='bbox 1391 3138 1512 3194; x_wconf 88' lang='lat' dir='ltr'>notitiem</span> <span class='ocrx_word' id='word_1_477' title='bbox 1526 3148 1553 3194; x_wconf 91' lang='lat' dir='ltr'>et</span> <span class='ocrx_word' id='word_1_478' title='bbox 1565 3137 1677 3193; x_wconf 92' lang='lat' dir='ltr'>multum</span> <span class='ocrx_word' id='word_1_479' title='bbox 1686 3152 1751 3210; x_wconf 85' lang='lat' dir='ltr'>pea-</span> 
     </span>
     <span class='ocr_line' id='line_1_45' title="bbox 101 3225 1750 3302; baseline 0.001 -22"><span class='ocrx_word' id='word_1_480' title='bbox 101 3231 173 3294; x_wconf 86' lang='lat' dir='ltr'>pest,</span> <span class='ocrx_word' id='word_1_481' title='bbox 208 3225 301 3281; x_wconf 82' lang='lat' dir='ltr'>effectu</span> <span class='ocrx_word' id='word_1_482' title='bbox 328 3227 520 3297; x_wconf 83' lang='lat' dir='ltr'>redemptionis</span> <span class='ocrx_word' id='word_1_483' title='bbox 545 3226 732 3293; x_wconf 81' lang='lat' dir='ltr'>clarificatum,</span> <span class='ocrx_word' id='word_1_484' title='bbox 766 3232 807 3285; x_wconf 89' lang='lat' dir='ltr'>eui</span> <span class='ocrx_word' id='word_1_485' title='bbox 832 3231 898 3286; x_wconf 91' lang='lat' dir='ltr'>nibil</span> <span class='ocrx_word' id='word_1_486' title='bbox 951 3228 1022 3296; x_wconf 86' lang='lat' dir='ltr'>cavi,</span> <span class='ocrx_word' id='word_1_487' title='bbox 1039 3237 1066 3282; x_wconf 88' lang='lat' dir='ltr'>et</span> <span class='ocrx_word' id='word_1_488' title='bbox 1079 3228 1184 3298; x_wconf 88' lang='lat' dir='ltr'>spiritui</span> <span class='ocrx_word' id='word_1_489' title='bbox 1200 3228 1493 3300; x_wconf 75' lang='lat' dir='ltr'>gratiaeceatumcliam</span> <span class='ocrx_word' id='word_1_490' title='bbox 1507 3226 1670 3299; x_wconf 89' lang='lat' dir='ltr'>leci;aquo</span> <span class='ocrx_word' id='word_1_491' title='bbox 1687 3243 1750 3302; x_wconf 80' lang='lat' dir='ltr'>gra·</span> 
     </span>
     <span class='ocr_line' id='line_1_46' title="bbox 100 3314 1750 3395; baseline 0.002 -27"><span class='ocrx_word' id='word_1_492' title='bbox 100 3314 274 3383; x_wconf 82' lang='lat' dir='ltr'>compensari</span> <span class='ocrx_word' id='word_1_493' title='bbox 289 3322 387 3386; x_wconf 83' lang='lat' dir='ltr'>petest,</span> <span class='ocrx_word' id='word_1_494' title='bbox 403 3318 446 3371; x_wconf 90' lang='lat' dir='ltr'>cui</span> <span class='ocrx_word' id='word_1_495' title='bbox 459 3315 533 3370; x_wconf 88' lang='lat' dir='ltr'>nulla</span> <span class='ocrx_word' id='word_1_496' title='bbox 543 3333 624 3381; x_wconf 90' lang='lat' dir='ltr'>mors,</span> <span class='ocrx_word' id='word_1_497' title='bbox 642 3317 775 3373; x_wconf 83' lang='lat' dir='ltr'>nullarita</span> <span class='ocrx_word' id='word_1_498' title='bbox 788 3335 898 3389; x_wconf 85' lang='lat' dir='ltr'>respon-</span> <span class='ocrx_word' id='word_1_499' title='bbox 952 3316 987 3371; x_wconf 87' lang='lat' dir='ltr'>tis</span> <span class='ocrx_word' id='word_1_500' title='bbox 1002 3317 1027 3370; x_wconf 91' lang='lat' dir='ltr'>ia</span> <span class='ocrx_word' id='word_1_501' title='bbox 1040 3316 1175 3387; x_wconf 89' lang='lat' dir='ltr'>baptismo</span> <span class='ocrx_word' id='word_1_502' title='bbox 1190 3325 1299 3388; x_wconf 82' lang='lat' dir='ltr'>accepta</span> <span class='ocrx_word' id='word_1_503' title='bbox 1315 3317 1475 3371; x_wconf 88' lang='lat' dir='ltr'>remissione</span> <span class='ocrx_word' id='word_1_504' title='bbox 1489 3324 1673 3395; x_wconf 87' lang='lat' dir='ltr'>peccaterum,</span> <span class='ocrx_word' id='word_1_505' title='bbox 1691 3323 1750 3387; x_wconf 90' lang='lat' dir='ltr'>pest</span> 
     </span>
     <span class='ocr_line' id='line_1_47' title="bbox 96 3398 1749 3476; baseline 0.003 -22"><span class='ocrx_word' id='word_1_506' title='bbox 96 3398 163 3456; x_wconf 90' lang='lat' dir='ltr'>dere</span> <span class='ocrx_word' id='word_1_507' title='bbox 179 3400 276 3457; x_wconf 86' lang='lat' dir='ltr'>sufficit</span> <span class='ocrx_word' id='word_1_508' title='bbox 291 3421 297 3456; x_wconf 77' lang='grc' dir='ltr'><strong><em>ε</em></strong></span> <span class='ocrx_word' id='word_1_509' title='bbox 314 3404 610 3476; x_wconf 87' lang='lat' dir='ltr'>quedtamenmundus</span> <span class='ocrx_word' id='word_1_510' title='bbox 625 3407 897 3476; x_wconf 83' lang='lat' dir='ltr'>peripsumredem-</span> <span class='ocrx_word' id='word_1_511' title='bbox 952 3414 1089 3476; x_wconf 88' lang='lat' dir='ltr'>acceptam</span> <span class='ocrx_word' id='word_1_512' title='bbox 1112 3404 1234 3462; x_wconf 90' lang='lat' dir='ltr'>notitiam</span> <span class='ocrx_word' id='word_1_513' title='bbox 1260 3407 1381 3460; x_wconf 88' lang='lat' dir='ltr'>veritatis</span> <span class='ocrx_word' id='word_1_514' title='bbox 1414 3421 1541 3462; x_wconf 81' lang='lat' dir='ltr'>reversus</span> <span class='ocrx_word' id='word_1_515' title='bbox 1564 3421 1623 3458; x_wconf 91' lang='lat' dir='ltr'>sum</span> <span class='ocrx_word' id='word_1_516' title='bbox 1646 3404 1681 3459; x_wconf 91' lang='lat' dir='ltr'>ad</span> <span class='ocrx_word' id='word_1_517' title='bbox 1706 3421 1749 3474; x_wconf 88' lang='lat' dir='ltr'>ea,</span> 
     </span>
     <span class='ocr_line' id='line_1_48' title="bbox 101 3490 1749 3565; baseline 0.002 -22"><span class='ocrx_word' id='word_1_518' title='bbox 101 3494 164 3559; x_wconf 90' lang='lat' dir='ltr'>plus</span> <span class='ocrx_word' id='word_1_519' title='bbox 178 3490 304 3562; x_wconf 85' lang='lat' dir='ltr'>despicit.</span> <span class='ocrx_word' id='word_1_520' title='bbox 332 3493 386 3548; x_wconf 87' lang='lat' dir='ltr'>Usu</span> <span class='ocrx_word' id='word_1_521' title='bbox 402 3494 475 3547; x_wconf 83' lang='lat' dir='ltr'>eninr</span> <span class='ocrx_word' id='word_1_522' title='bbox 493 3495 551 3564; x_wconf 88' lang='lat' dir='ltr'>ipso</span> <span class='ocrx_word' id='word_1_523' title='bbox 571 3494 629 3564; x_wconf 89' lang='lat' dir='ltr'>jam</span> <span class='ocrx_word' id='word_1_524' title='bbox 646 3496 794 3565; x_wconf 82' lang='lat' dir='ltr'>pronihilo</span> <span class='ocrx_word' id='word_1_525' title='bbox 810 3496 897 3552; x_wconf 88' lang='lat' dir='ltr'>habe·</span> <span class='ocrx_word' id='word_1_526' title='bbox 951 3494 1017 3549; x_wconf 90' lang='lat' dir='ltr'>sicut</span> <span class='ocrx_word' id='word_1_527' title='bbox 1041 3495 1118 3549; x_wconf 85' lang='lat' dir='ltr'>esais</span> <span class='ocrx_word' id='word_1_528' title='bbox 1137 3495 1173 3549; x_wconf 92' lang='lat' dir='ltr'>ad</span> <span class='ocrx_word' id='word_1_529' title='bbox 1194 3497 1336 3551; x_wconf 82' lang='lat' dir='ltr'>vomitum.</span> <span class='ocrx_word' id='word_1_530' title='bbox 1361 3493 1414 3549; x_wconf 88' lang='lat' dir='ltr'>Sed</span> <span class='ocrx_word' id='word_1_531' title='bbox 1434 3493 1555 3564; x_wconf 89' lang='lat' dir='ltr'>nunquid</span> <span class='ocrx_word' id='word_1_532' title='bbox 1574 3501 1610 3561; x_wconf 86' lang='lat' dir='ltr'>tc,</span> <span class='ocrx_word' id='word_1_533' title='bbox 1634 3492 1670 3547; x_wconf 89' lang='lat' dir='ltr'>iili</span> <span class='ocrx_word' id='word_1_534' title='bbox 1687 3493 1749 3562; x_wconf 85' lang='lat' dir='ltr'>Dei,</span> 
     </span>
     <span class='ocr_line' id='line_1_49' title="bbox 100 3578 1751 3656; baseline 0.004 -24"><span class='ocrx_word' id='word_1_535' title='bbox 100 3578 332 3635; x_wconf 86' lang='lat' dir='ltr'>muscrucilixum</span> <span class='ocrx_word' id='word_1_536' title='bbox 358 3589 382 3636; x_wconf 88' lang='lat' dir='ltr'>te</span> <span class='ocrx_word' id='word_1_537' title='bbox 405 3582 514 3644; x_wconf 87' lang='lat' dir='ltr'>ridere;</span> <span class='ocrx_word' id='word_1_538' title='bbox 540 3586 661 3653; x_wconf 79' lang='lat' dir='ltr'>copitare</span> <span class='ocrx_word' id='word_1_539' title='bbox 680 3593 898 3641; x_wconf 85' lang='lat' dir='ltr'>temortuumet</span> <span class='ocrx_word' id='word_1_540' title='bbox 952 3581 1133 3639; x_wconf 80' lang='lat' dir='ltr'>conculcarit</span> <span class='ocrx_word' id='word_1_541' title='bbox 1154 3583 1327 3648; x_wconf 86' lang='lat' dir='ltr'>Coneulcavi,</span> <span class='ocrx_word' id='word_1_542' title='bbox 1357 3583 1379 3636; x_wconf 91' lang='lat' dir='ltr'>si</span> <span class='ocrx_word' id='word_1_543' title='bbox 1410 3581 1518 3656; x_wconf 80' lang='lat' dir='ltr'>neg-vi,</span> <span class='ocrx_word' id='word_1_544' title='bbox 1549 3581 1671 3653; x_wconf 86' lang='lat' dir='ltr'>quamvis</span> <span class='ocrx_word' id='word_1_545' title='bbox 1698 3598 1751 3639; x_wconf 84' lang='lat' dir='ltr'>nee</span> 
     </span>
    </p>
   </div>
   <div class='ocr_carea' id='block_1_7' title="bbox 99 3666 898 4443">
    <p class='ocr_par' dir='ltr' id='par_1_7' title="bbox 99 3666 898 4443">
     <span class='ocr_line' id='line_1_50' title="bbox 100 3666 897 3741; baseline 0.011 -21"><span class='ocrx_word' id='word_1_546' title='bbox 100 3666 238 3736; x_wconf 88' lang='lat' dir='ltr'>sepultum</span> <span class='ocrx_word' id='word_1_547' title='bbox 264 3685 270 3722; x_wconf 93' lang='lat'>:</span> <span class='ocrx_word' id='word_1_548' title='bbox 295 3677 321 3724; x_wconf 90' lang='lat' dir='ltr'>et</span> <span class='ocrx_word' id='word_1_549' title='bbox 336 3669 408 3738; x_wconf 88' lang='lat' dir='ltr'>quod</span> <span class='ocrx_word' id='word_1_550' title='bbox 423 3671 541 3736; x_wconf 86' lang='lat' dir='ltr'>amplius</span> <span class='ocrx_word' id='word_1_551' title='bbox 556 3679 583 3726; x_wconf 87' lang='lat' dir='ltr'>et</span> <span class='ocrx_word' id='word_1_552' title='bbox 598 3673 790 3741; x_wconf 85' lang='lat' dir='ltr'>penetrabilius</span> <span class='ocrx_word' id='word_1_553' title='bbox 806 3683 847 3728; x_wconf 89' lang='lat' dir='ltr'>cst</span> <span class='ocrx_word' id='word_1_554' title='bbox 862 3673 897 3729; x_wconf 91' lang='lat' dir='ltr'>ad</span> 
     </span>
     <span class='ocr_line' id='line_1_51' title="bbox 100 3754 898 3832; baseline 0.009 -23"><span class='ocrx_word' id='word_1_555' title='bbox 100 3754 183 3809; x_wconf 87' lang='lat' dir='ltr'>cerda</span> <span class='ocrx_word' id='word_1_556' title='bbox 194 3757 425 3828; x_wconf 78' lang='lat' dir='ltr'>transpungenda,</span> <span class='ocrx_word' id='word_1_557' title='bbox 442 3775 541 3815; x_wconf 74' lang='lat' dir='ltr'>cesum</span> <span class='ocrx_word' id='word_1_558' title='bbox 558 3759 648 3830; x_wconf 83' lang='lat' dir='ltr'>alapis</span> <span class='ocrx_word' id='word_1_559' title='bbox 658 3769 684 3816; x_wconf 88' lang='lat' dir='ltr'>et</span> <span class='ocrx_word' id='word_1_560' title='bbox 700 3761 823 3832; x_wconf 80' lang='lat' dir='ltr'>flagellis,</span> <span class='ocrx_word' id='word_1_561' title='bbox 840 3763 898 3816; x_wconf 90' lang='lat' dir='ltr'>irri-</span> 
     </span>
     <span class='ocr_line' id='line_1_52' title="bbox 103 3846 897 3920; baseline 0.01 -23"><span class='ocrx_word' id='word_1_562' title='bbox 103 3856 173 3907; x_wconf 84' lang='lat' dir='ltr'>suro,</span> <span class='ocrx_word' id='word_1_563' title='bbox 189 3852 363 3914; x_wconf 88' lang='lat' dir='ltr'>consputum,</span> <span class='ocrx_word' id='word_1_564' title='bbox 394 3846 478 3902; x_wconf 75' lang='lat' dir='ltr'>cleris</span> <span class='ocrx_word' id='word_1_565' title='bbox 494 3857 518 3902; x_wconf 91' lang='lat' dir='ltr'>et</span> <span class='ocrx_word' id='word_1_566' title='bbox 534 3847 626 3905; x_wconf 90' lang='lat' dir='ltr'>lancea</span> <span class='ocrx_word' id='word_1_567' title='bbox 639 3851 788 3913; x_wconf 78' lang='lat' dir='ltr'>confixum,</span> <span class='ocrx_word' id='word_1_568' title='bbox 812 3851 897 3920; x_wconf 89' lang='lat' dir='ltr'>spinis</span> 
     </span>
     <span class='ocr_line' id='line_1_53' title="bbox 100 3935 898 4010; baseline 0.009 -23"><span class='ocrx_word' id='word_1_569' title='bbox 100 3941 269 3995; x_wconf 73' lang='lat' dir='ltr'>seronatum,</span> <span class='ocrx_word' id='word_1_570' title='bbox 286 3942 405 4003; x_wconf 89' lang='lat' dir='ltr'>potatum</span> <span class='ocrx_word' id='word_1_571' title='bbox 421 3935 482 3992; x_wconf 85' lang='lat' dir='ltr'>selle</span> <span class='ocrx_word' id='word_1_572' title='bbox 497 3937 538 3991; x_wconf 81' lang='lat' dir='ltr'>rel</span> <span class='ocrx_word' id='word_1_573' title='bbox 554 3947 644 4004; x_wconf 86' lang='lat' dir='ltr'>aceto,</span> <span class='ocrx_word' id='word_1_574' title='bbox 657 3939 702 4010; x_wconf 89' lang='lat' dir='ltr'>qui</span> <span class='ocrx_word' id='word_1_575' title='bbox 716 3938 742 3993; x_wconf 89' lang='lat' dir='ltr'>in</span> <span class='ocrx_word' id='word_1_576' title='bbox 759 3955 837 3994; x_wconf 90' lang='lat' dir='ltr'>cruce</span> <span class='ocrx_word' id='word_1_577' title='bbox 853 3947 898 3994; x_wconf 84' lang='lat' dir='ltr'>tua</span> 
     </span>
     <span class='ocr_line' id='line_1_54' title="bbox 102 4016 898 4078; baseline 0.011 -9"><span class='ocrx_word' id='word_1_578' title='bbox 102 4016 210 4070; x_wconf 86' lang='lat' dir='ltr'>nonnisi</span> <span class='ocrx_word' id='word_1_579' title='bbox 225 4016 336 4071; x_wconf 82' lang='lat' dir='ltr'>salutem</span> <span class='ocrx_word' id='word_1_580' title='bbox 352 4029 471 4074; x_wconf 89' lang='lat' dir='ltr'>nestram</span> <span class='ocrx_word' id='word_1_581' title='bbox 491 4020 613 4078; x_wconf 82' lang='lat' dir='ltr'>sitiebas.</span> <span class='ocrx_word' id='word_1_582' title='bbox 633 4023 670 4078; x_wconf 86' lang='lat' dir='ltr'>Te</span> <span class='ocrx_word' id='word_1_583' title='bbox 684 4021 811 4078; x_wconf 84' lang='lat' dir='ltr'>crucifixo</span> <span class='ocrx_word' id='word_1_584' title='bbox 827 4031 898 4078; x_wconf 90' lang='lat' dir='ltr'>terra</span> 
     </span>
     <span class='ocr_line' id='line_1_55' title="bbox 100 4104 897 4170; baseline 0.01 -13"><span class='ocrx_word' id='word_1_585' title='bbox 100 4104 218 4170; x_wconf 89' lang='lat' dir='ltr'>tremuit,</span> <span class='ocrx_word' id='word_1_586' title='bbox 234 4121 282 4159; x_wconf 90' lang='lat' dir='ltr'>nes</span> <span class='ocrx_word' id='word_1_587' title='bbox 297 4106 417 4162; x_wconf 86' lang='lat' dir='ltr'>ridemus</span> <span class='ocrx_word' id='word_1_588' title='bbox 434 4125 440 4163; x_wconf 93' lang='lat'><strong>:</strong></span> <span class='ocrx_word' id='word_1_589' title='bbox 457 4108 554 4165; x_wconf 84' lang='lat' dir='ltr'>coelum</span> <span class='ocrx_word' id='word_1_590' title='bbox 570 4127 630 4167; x_wconf 90' lang='lat' dir='ltr'>cum</span> <span class='ocrx_word' id='word_1_591' title='bbox 648 4111 825 4166; x_wconf 67' lang='lat' dir='ltr'>luminaribus</span> <span class='ocrx_word' id='word_1_592' title='bbox 839 4112 897 4165; x_wconf 92' lang='lat' dir='ltr'>suis</span> 
     </span>
     <span class='ocr_line' id='line_1_56' title="bbox 99 4190 894 4261; baseline 0.006 -13"><span class='ocrx_word' id='word_1_593' title='bbox 99 4190 273 4248; x_wconf 84' lang='lat' dir='ltr'>obscuratum</span> <span class='ocrx_word' id='word_1_594' title='bbox 296 4203 346 4261; x_wconf 90' lang='lat' dir='ltr'>est,</span> <span class='ocrx_word' id='word_1_595' title='bbox 372 4211 425 4251; x_wconf 92' lang='lat' dir='ltr'>nen</span> <span class='ocrx_word' id='word_1_596' title='bbox 441 4197 543 4252; x_wconf 86' lang='lat' dir='ltr'>clarere</span> <span class='ocrx_word' id='word_1_597' title='bbox 563 4198 589 4252; x_wconf 91' lang='lat' dir='ltr'>in</span> <span class='ocrx_word' id='word_1_598' title='bbox 611 4201 710 4255; x_wconf 85' lang='lat' dir='ltr'>saeeato</span> <span class='ocrx_word' id='word_1_599' title='bbox 730 4207 894 4255; x_wconf 71' lang='lat' dir='ltr'>asteismus:</span> 
     </span>
     <span class='ocr_line' id='line_1_57' title="bbox 99 4281 894 4352; baseline 0.008 -16"><span class='ocrx_word' id='word_1_600' title='bbox 99 4287 184 4352; x_wconf 79' lang='lat' dir='ltr'>petrea</span> <span class='ocrx_word' id='word_1_601' title='bbox 207 4281 302 4338; x_wconf 79' lang='lat' dir='ltr'>scissas</span> <span class='ocrx_word' id='word_1_602' title='bbox 324 4291 394 4347; x_wconf 87' lang='lat' dir='ltr'>sunt,</span> <span class='ocrx_word' id='word_1_603' title='bbox 418 4301 469 4341; x_wconf 91' lang='lat' dir='ltr'>nos</span> <span class='ocrx_word' id='word_1_604' title='bbox 490 4286 572 4341; x_wconf 89' lang='lat' dir='ltr'>corda</span> <span class='ocrx_word' id='word_1_605' title='bbox 597 4295 687 4342; x_wconf 83' lang='lat' dir='ltr'>nestm</span> <span class='ocrx_word' id='word_1_606' title='bbox 706 4287 894 4343; x_wconf 87' lang='lat' dir='ltr'>obduramus:</span> 
     </span>
     <span class='ocr_line' id='line_1_58' title="bbox 99 4373 894 4443; baseline 0.011 -19"><span class='ocrx_word' id='word_1_607' title='bbox 99 4380 272 4427; x_wconf 86' lang='lat' dir='ltr'>monumenta</span> <span class='ocrx_word' id='word_1_608' title='bbox 282 4380 372 4442; x_wconf 85' lang='lat' dir='ltr'>aperta</span> <span class='ocrx_word' id='word_1_609' title='bbox 385 4373 560 4429; x_wconf 88' lang='lat' dir='ltr'>reddidemnt</span> <span class='ocrx_word' id='word_1_610' title='bbox 574 4383 695 4430; x_wconf 88' lang='lat' dir='ltr'>mertuos</span> <span class='ocrx_word' id='word_1_611' title='bbox 705 4392 770 4430; x_wconf 91' lang='lat' dir='ltr'>suos</span> <span class='ocrx_word' id='word_1_612' title='bbox 785 4377 894 4443; x_wconf 82' lang='lat' dir='ltr'>tllattb.</span> 
     </span>
    </p>
   </div>
   <div class='ocr_carea' id='block_1_8' title="bbox 951 3669 1751 4450">
    <p class='ocr_par' dir='ltr' id='par_1_8' title="bbox 952 3669 1751 4184">
     <span class='ocr_line' id='line_1_59' title="bbox 952 3669 1749 3744; baseline 0.001 -17"><span class='ocrx_word' id='word_1_613' title='bbox 952 3670 1181 3727; x_wconf 85' lang='lat' dir='ltr'>arbitrerPetrnm</span> <span class='ocrx_word' id='word_1_614' title='bbox 1195 3673 1381 3735; x_wconf 84' lang='lat' dir='ltr'>conculcasse,</span> <span class='ocrx_word' id='word_1_615' title='bbox 1398 3687 1478 3740; x_wconf 84' lang='lat' dir='ltr'>quern</span> <span class='ocrx_word' id='word_1_616' title='bbox 1493 3669 1749 3744; x_wconf 74' lang='lat' dir='ltr'>contigitnegasse:</span> 
     </span>
     <span class='ocr_line' id='line_1_60' title="bbox 952 3758 1749 3831; baseline 0 -17"><span class='ocrx_word' id='word_1_617' title='bbox 952 3760 998 3830; x_wconf 86' lang='lat' dir='ltr'>qui</span> <span class='ocrx_word' id='word_1_618' title='bbox 1009 3758 1265 3814; x_wconf 87' lang='lat' dir='ltr'>tancardeatissime</span> <span class='ocrx_word' id='word_1_619' title='bbox 1281 3767 1306 3814; x_wconf 86' lang='lat' dir='ltr'>te</span> <span class='ocrx_word' id='word_1_620' title='bbox 1321 3759 1404 3831; x_wconf 72' lang='lat' dir='ltr'>dilige</span> <span class='ocrx_word' id='word_1_621' title='bbox 1411 3760 1465 3825; x_wconf 87' lang='lat' dir='ltr'>bat,</span> <span class='ocrx_word' id='word_1_622' title='bbox 1479 3758 1561 3814; x_wconf 86' lang='lat' dir='ltr'>etiam</span> <span class='ocrx_word' id='word_1_623' title='bbox 1576 3775 1636 3814; x_wconf 90' lang='lat' dir='ltr'>eum</span> <span class='ocrx_word' id='word_1_624' title='bbox 1652 3759 1749 3829; x_wconf 89' lang='lat' dir='ltr'>semel,</span> 
     </span>
     <span class='ocr_line' id='line_1_61' title="bbox 952 3846 1750 3921; baseline 0 -18"><span class='ocrx_word' id='word_1_625' title='bbox 952 3855 977 3903; x_wconf 90' lang='lat' dir='ltr'>et</span> <span class='ocrx_word' id='word_1_626' title='bbox 1001 3848 1109 3912; x_wconf 84' lang='lat' dir='ltr'>iterum,</span> <span class='ocrx_word' id='word_1_627' title='bbox 1137 3855 1163 3901; x_wconf 82' lang='lat' dir='ltr'>et</span> <span class='ocrx_word' id='word_1_628' title='bbox 1186 3846 1311 3903; x_wconf 80' lang='lat' dir='ltr'>tertiata</span> <span class='ocrx_word' id='word_1_629' title='bbox 1334 3849 1462 3921; x_wconf 75' lang='lat' dir='ltr'>negabat.</span> <span class='ocrx_word' id='word_1_630' title='bbox 1489 3849 1560 3902; x_wconf 91' lang='lat' dir='ltr'>Num</span> <span class='ocrx_word' id='word_1_631' title='bbox 1586 3847 1750 3919; x_wconf 77' lang='lat' dir='ltr'>sanguinem</span> 
     </span>
     <span class='ocr_line' id='line_1_62' title="bbox 952 3934 1750 4007; baseline -0.001 -16"><span class='ocrx_word' id='word_1_632' title='bbox 952 3936 1103 3991; x_wconf 87' lang='lat' dir='ltr'>testamenti</span> <span class='ocrx_word' id='word_1_633' title='bbox 1133 3935 1264 4007; x_wconf 89' lang='lat' dir='ltr'>pollutam</span> <span class='ocrx_word' id='word_1_634' title='bbox 1293 3934 1382 3990; x_wconf 76' lang='lat' dir='ltr'>duxi?</span> <span class='ocrx_word' id='word_1_635' title='bbox 1410 3935 1461 4004; x_wconf 87' lang='lat' dir='ltr'>Qui</span> <span class='ocrx_word' id='word_1_636' title='bbox 1488 3936 1540 3991; x_wconf 91' lang='lat' dir='ltr'>bec</span> <span class='ocrx_word' id='word_1_637' title='bbox 1565 3938 1656 4000; x_wconf 87' lang='lat' dir='ltr'>sentit,</span> <span class='ocrx_word' id='word_1_638' title='bbox 1679 3952 1750 3990; x_wconf 91' lang='lat' dir='ltr'>ana-</span> 
     </span>
     <span class='ocr_line' id='line_1_63' title="bbox 953 4023 1751 4093; baseline 0 -14"><span class='ocrx_word' id='word_1_639' title='bbox 953 4025 1043 4079; x_wconf 89' lang='lat' dir='ltr'>thema</span> <span class='ocrx_word' id='word_1_640' title='bbox 1057 4025 1101 4082; x_wconf 89' lang='lat' dir='ltr'>sit.</span> <span class='ocrx_word' id='word_1_641' title='bbox 1118 4024 1234 4079; x_wconf 67' lang='lat' dir='ltr'>Absitut</span> <span class='ocrx_word' id='word_1_642' title='bbox 1248 4039 1365 4093; x_wconf 84' lang='lat' dir='ltr'>unquam</span> <span class='ocrx_word' id='word_1_643' title='bbox 1380 4024 1433 4079; x_wconf 90' lang='lat' dir='ltr'>boo</span> <span class='ocrx_word' id='word_1_644' title='bbox 1443 4023 1558 4078; x_wconf 87' lang='lat' dir='ltr'>senserit</span> <span class='ocrx_word' id='word_1_645' title='bbox 1573 4039 1621 4078; x_wconf 91' lang='lat' dir='ltr'>cor</span> <span class='ocrx_word' id='word_1_646' title='bbox 1634 4024 1751 4079; x_wconf 75' lang='lat' dir='ltr'>meum?</span> 
     </span>
     <span class='ocr_line' id='line_1_64' title="bbox 952 4110 1748 4184; baseline 0 -17"><span class='ocrx_word' id='word_1_647' title='bbox 952 4112 1023 4167; x_wconf 87' lang='lat' dir='ltr'>absit</span> <span class='ocrx_word' id='word_1_648' title='bbox 1038 4123 1062 4167; x_wconf 94' lang='lat' dir='ltr'>ut</span> <span class='ocrx_word' id='word_1_649' title='bbox 1072 4128 1191 4184; x_wconf 84' lang='lat' dir='ltr'>unqtrem</span> <span class='ocrx_word' id='word_1_650' title='bbox 1204 4110 1587 4184; x_wconf 86' lang='lat' dir='ltr'>baecoenlessietranseatper</span> <span class='ocrx_word' id='word_1_651' title='bbox 1597 4127 1627 4167; x_wconf 89' lang='lat' dir='ltr'>es</span> <span class='ocrx_word' id='word_1_652' title='bbox 1641 4114 1748 4168; x_wconf 89' lang='lat' dir='ltr'>meuml</span> 
     </span>
    </p>

    <p class='ocr_par' dir='ltr' id='par_1_9' title="bbox 951 4198 1750 4450">
     <span class='ocr_line' id='line_1_65' title="bbox 986 4198 1750 4273; baseline 0.001 -18"><span class='ocrx_word' id='word_1_653' title='bbox 986 4201 1046 4256; x_wconf 87' lang='lat' dir='ltr'>Non</span> <span class='ocrx_word' id='word_1_654' title='bbox 1068 4202 1141 4273; x_wconf 89' lang='lat' dir='ltr'>quod</span> <span class='ocrx_word' id='word_1_655' title='bbox 1162 4202 1276 4258; x_wconf 87' lang='lat' dir='ltr'>Satanas</span> <span class='ocrx_word' id='word_1_656' title='bbox 1298 4199 1444 4273; x_wconf 87' lang='lat' dir='ltr'>aliquoties</span> <span class='ocrx_word' id='word_1_657' title='bbox 1469 4216 1523 4256; x_wconf 92' lang='lat' dir='ltr'>nen</span> <span class='ocrx_word' id='word_1_658' title='bbox 1543 4199 1685 4271; x_wconf 81' lang='lat' dir='ltr'>expetierit</span> <span class='ocrx_word' id='word_1_659' title='bbox 1714 4198 1750 4256; x_wconf 90' lang='lat' dir='ltr'>li·</span> 
     </span>
     <span class='ocr_line' id='line_1_66' title="bbox 951 4288 1749 4357; baseline 0.003 -15"><span class='ocrx_word' id='word_1_660' title='bbox 951 4288 1013 4343; x_wconf 88' lang='lat' dir='ltr'>dem</span> <span class='ocrx_word' id='word_1_661' title='bbox 1037 4306 1135 4357; x_wconf 87' lang='lat' dir='ltr'>meam,</span> <span class='ocrx_word' id='word_1_662' title='bbox 1160 4297 1188 4345; x_wconf 93' lang='lat' dir='ltr'>ut</span> <span class='ocrx_word' id='word_1_663' title='bbox 1207 4290 1340 4346; x_wconf 80' lang='lat' dir='ltr'>cribraret</span> <span class='ocrx_word' id='word_1_664' title='bbox 1358 4288 1432 4344; x_wconf 89' lang='lat' dir='ltr'>sicut</span> <span class='ocrx_word' id='word_1_665' title='bbox 1458 4290 1583 4354; x_wconf 83' lang='lat' dir='ltr'>triticum,</span> <span class='ocrx_word' id='word_1_666' title='bbox 1613 4289 1661 4346; x_wconf 87' lang='lat' dir='ltr'>sad</span> <span class='ocrx_word' id='word_1_667' title='bbox 1686 4305 1749 4345; x_wconf 85' lang='lat' dir='ltr'>ers·</span> 
     </span>
     <span class='ocr_line' id='line_1_67' title="bbox 952 4375 1749 4450; baseline 0.004 -19"><span class='ocrx_word' id='word_1_668' title='bbox 952 4377 989 4433; x_wconf 93' lang='lat' dir='ltr'>tio</span> <span class='ocrx_word' id='word_1_669' title='bbox 1005 4384 1049 4432; x_wconf 90' lang='lat' dir='ltr'>tua</span> <span class='ocrx_word' id='word_1_670' title='bbox 1064 4394 1148 4448; x_wconf 81' lang='lat' dir='ltr'>arsque</span> <span class='ocrx_word' id='word_1_671' title='bbox 1164 4379 1198 4433; x_wconf 89' lang='lat' dir='ltr'>ad</span> <span class='ocrx_word' id='word_1_672' title='bbox 1214 4394 1257 4433; x_wconf 90' lang='lat' dir='ltr'>me</span> <span class='ocrx_word' id='word_1_673' title='bbox 1272 4377 1393 4450; x_wconf 84' lang='lat' dir='ltr'>pertigit,</span> <span class='ocrx_word' id='word_1_674' title='bbox 1423 4387 1605 4448; x_wconf 83' lang='lat' dir='ltr'>utnusquam</span> <span class='ocrx_word' id='word_1_675' title='bbox 1621 4375 1749 4434; x_wconf 86' lang='lat' dir='ltr'>deficeret</span> 
     </span>
    </p>
   </div>
   <div class='ocr_carea' id='block_1_9' title="bbox 98 4452 1749 4537">
    <p class='ocr_par' dir='ltr' id='par_1_10' title="bbox 98 4452 1749 4537">
     <span class='ocr_line' id='line_1_68' title="bbox 98 4452 1749 4537; baseline 0.004 -24"><span class='ocrx_word' id='word_1_676' title='bbox 98 4459 199 4528; x_wconf 82' lang='lat' dir='ltr'>xxvii),</span> <span class='ocrx_word' id='word_1_677' title='bbox 216 4475 266 4515; x_wconf 90' lang='lat' dir='ltr'>nos</span> <span class='ocrx_word' id='word_1_678' title='bbox 281 4461 307 4514; x_wconf 92' lang='lat' dir='ltr'>in</span> <span class='ocrx_word' id='word_1_679' title='bbox 323 4461 415 4517; x_wconf 86' lang='lat' dir='ltr'>stratis</span> <span class='ocrx_word' id='word_1_680' title='bbox 430 4462 548 4518; x_wconf 82' lang='lat' dir='ltr'>lasciviae</span> <span class='ocrx_word' id='word_1_681' title='bbox 566 4462 732 4520; x_wconf 84' lang='lat' dir='ltr'>luxuriantes</span> <span class='ocrx_word' id='word_1_682' title='bbox 747 4452 965 4537; x_wconf 79' lang='lat' dir='ltr'>sepelimusDa</span> <span class='ocrx_word' id='word_1_683' title='bbox 988 4473 1013 4520; x_wconf 90' lang='lat' dir='ltr'>te</span> <span class='ocrx_word' id='word_1_684' title='bbox 1042 4466 1111 4520; x_wconf 88' lang='lat' dir='ltr'>lides</span> <span class='ocrx_word' id='word_1_685' title='bbox 1140 4481 1212 4521; x_wconf 90' lang='lat' dir='ltr'>mea.</span> <span class='ocrx_word' id='word_1_686' title='bbox 1242 4467 1334 4521; x_wconf 84' lang='lat' dir='ltr'>Virtus</span> <span class='ocrx_word' id='word_1_687' title='bbox 1363 4474 1404 4521; x_wconf 90' lang='lat' dir='ltr'>est</span> <span class='ocrx_word' id='word_1_688' title='bbox 1432 4467 1599 4523; x_wconf 81' lang='lat' dir='ltr'>voluntarius</span> <span class='ocrx_word' id='word_1_689' title='bbox 1622 4481 1749 4521; x_wconf 73' lang='lat' dir='ltr'>assereus</span> 
     </span>
    </p>
   </div>
   <div class='ocr_carea' id='block_1_10' title="bbox 42 4555 897 5154">
    <p class='ocr_par' dir='ltr' id='par_1_11' title="bbox 98 4555 302 4604">
     <span class='ocr_line' id='line_1_69' title="bbox 98 4555 302 4604; baseline 0.01 -2"><span class='ocrx_word' id='word_1_690' title='bbox 98 4555 302 4604; x_wconf 90' lang='lat' dir='ltr'>mortuestues.</span> 
     </span>
    </p>

    <p class='ocr_par' dir='ltr' id='par_1_12' title="bbox 42 4636 897 5154">
     <span class='ocr_line' id='line_1_70' title="bbox 133 4636 897 4710; baseline 0.01 -19"><span class='ocrx_word' id='word_1_691' title='bbox 133 4636 211 4703; x_wconf 84' lang='lat' dir='ltr'>Tres,</span> <span class='ocrx_word' id='word_1_692' title='bbox 227 4637 352 4706; x_wconf 89' lang='lat' dir='ltr'>Domine,</span> <span class='ocrx_word' id='word_1_693' title='bbox 370 4637 535 4709; x_wconf 87' lang='lat' dir='ltr'>intempore</span> <span class='ocrx_word' id='word_1_694' title='bbox 551 4640 686 4709; x_wconf 86' lang='lat' dir='ltr'>passionis</span> <span class='ocrx_word' id='word_1_695' title='bbox 699 4650 766 4710; x_wconf 89' lang='lat' dir='ltr'>tuae,</span> <span class='ocrx_word' id='word_1_696' title='bbox 786 4642 808 4696; x_wconf 92' lang='lat' dir='ltr'>si</span> <span class='ocrx_word' id='word_1_697' title='bbox 826 4643 897 4699; x_wconf 82' lang='lat' dir='ltr'>bene</span> 
     </span>
     <span class='ocr_line' id='line_1_71' title="bbox 100 4723 896 4804; baseline 0.009 -24"><span class='ocrx_word' id='word_1_698' title='bbox 100 4723 217 4791; x_wconf 84' lang='lat' dir='ltr'>adverti,</span> <span class='ocrx_word' id='word_1_699' title='bbox 244 4727 299 4782; x_wconf 87' lang='lat' dir='ltr'>Deo</span> <span class='ocrx_word' id='word_1_700' title='bbox 326 4728 399 4783; x_wconf 86' lang='lat' dir='ltr'>Patri</span> <span class='ocrx_word' id='word_1_701' title='bbox 428 4727 547 4783; x_wconf 90' lang='lat' dir='ltr'>obtulisti</span> <span class='ocrx_word' id='word_1_702' title='bbox 571 4731 721 4799; x_wconf 87' lang='lat' dir='ltr'>orationes,</span> <span class='ocrx_word' id='word_1_703' title='bbox 750 4730 896 4804; x_wconf 86' lang='lat' dir='ltr'>inquibus</span> 
     </span>
     <span class='ocr_line' id='line_1_72' title="bbox 100 4816 897 4890; baseline 0.011 -22"><span class='ocrx_word' id='word_1_704' title='bbox 100 4821 185 4870; x_wconf 87' lang='lat' dir='ltr'>toturn</span> <span class='ocrx_word' id='word_1_705' title='bbox 200 4822 306 4870; x_wconf 87' lang='lat' dir='ltr'>constat</span> <span class='ocrx_word' id='word_1_706' title='bbox 321 4831 380 4871; x_wconf 89' lang='lat' dir='ltr'>esse</span> <span class='ocrx_word' id='word_1_707' title='bbox 395 4816 539 4882; x_wconf 86' lang='lat' dir='ltr'>inclusum,</span> <span class='ocrx_word' id='word_1_708' title='bbox 569 4819 642 4890; x_wconf 90' lang='lat' dir='ltr'>quod</span> <span class='ocrx_word' id='word_1_709' title='bbox 658 4820 683 4874; x_wconf 91' lang='lat' dir='ltr'>in</span> <span class='ocrx_word' id='word_1_710' title='bbox 700 4819 758 4889; x_wconf 86' lang='lat' dir='ltr'>ipsa</span> <span class='ocrx_word' id='word_1_711' title='bbox 773 4821 897 4890; x_wconf 89' lang='lat' dir='ltr'>passione</span> 
     </span>
     <span class='ocr_line' id='line_1_73' title="bbox 42 4904 894 4979; baseline 0.009 -24"><span class='ocrx_word' id='word_1_712' title='bbox 42 4960 46 4967; x_wconf 66' lang='grc'><em>,</em></span> <span class='ocrx_word' id='word_1_713' title='bbox 100 4907 148 4959; x_wconf 82' lang='lat' dir='ltr'>tue</span> <span class='ocrx_word' id='word_1_714' title='bbox 162 4906 251 4974; x_wconf 89' lang='lat' dir='ltr'>pretio</span> <span class='ocrx_word' id='word_1_715' title='bbox 265 4904 404 4972; x_wconf 70' lang='lat' dir='ltr'>sanguinis</span> <span class='ocrx_word' id='word_1_716' title='bbox 421 4913 477 4960; x_wconf 88' lang='lat' dir='ltr'>eret</span> <span class='ocrx_word' id='word_1_717' title='bbox 491 4906 626 4977; x_wconf 83' lang='lat' dir='ltr'>egendum</span> <span class='ocrx_word' id='word_1_718' title='bbox 642 4924 691 4977; x_wconf 88' lang='lat' dir='ltr'>pre</span> <span class='ocrx_word' id='word_1_719' title='bbox 706 4915 741 4974; x_wconf 85' lang='lat' dir='ltr'>tc,</span> <span class='ocrx_word' id='word_1_720' title='bbox 761 4925 809 4979; x_wconf 93' lang='lat' dir='ltr'>pro</span> <span class='ocrx_word' id='word_1_721' title='bbox 824 4909 894 4963; x_wconf 90' lang='lat' dir='ltr'>ami-</span> 
     </span>
     <span class='ocr_line' id='line_1_74' title="bbox 100 4990 893 5065; baseline 0.008 -19"><span class='ocrx_word' id='word_1_722' title='bbox 100 4990 152 5056; x_wconf 88' lang='lat' dir='ltr'>cis,</span> <span class='ocrx_word' id='word_1_723' title='bbox 174 5007 223 5062; x_wconf 91' lang='lat' dir='ltr'>pre</span> <span class='ocrx_word' id='word_1_724' title='bbox 248 4991 372 5046; x_wconf 89' lang='lat' dir='ltr'>inimicis.</span> <span class='ocrx_word' id='word_1_725' title='bbox 398 4993 450 5047; x_wconf 90' lang='lat' dir='ltr'>Pro</span> <span class='ocrx_word' id='word_1_726' title='bbox 471 5001 496 5048; x_wconf 89' lang='lat' dir='ltr'>te</span> <span class='ocrx_word' id='word_1_727' title='bbox 517 4994 626 5065; x_wconf 88' lang='lat' dir='ltr'>quidem</span> <span class='ocrx_word' id='word_1_728' title='bbox 650 4997 821 5062; x_wconf 87' lang='lat' dir='ltr'>camerasti,</span> <span class='ocrx_word' id='word_1_729' title='bbox 840 5014 893 5054; x_wconf 90' lang='lat' dir='ltr'>nen</span> 
     </span>
     <span class='ocr_line' id='line_1_75' title="bbox 98 5078 894 5154; baseline 0.008 -20"><span class='ocrx_word' id='word_1_730' title='bbox 98 5078 248 5148; x_wconf 87' lang='lat' dir='ltr'>laborasti;</span> <span class='ocrx_word' id='word_1_731' title='bbox 283 5079 356 5152; x_wconf 87' lang='lat' dir='ltr'>quia,</span> <span class='ocrx_word' id='word_1_732' title='bbox 385 5080 456 5136; x_wconf 90' lang='lat' dir='ltr'>sicut</span> <span class='ocrx_word' id='word_1_733' title='bbox 482 5081 546 5138; x_wconf 87' lang='lat' dir='ltr'>dicit</span> <span class='ocrx_word' id='word_1_734' title='bbox 573 5084 731 5154; x_wconf 75' lang='lat' dir='ltr'>Apostolus,</span> <span class='ocrx_word' id='word_1_735' title='bbox 753 5086 894 5140; x_wconf 76' lang='lat' dir='ltr'>exauditas</span> 
     </span>
    </p>
   </div>
   <div class='ocr_carea' id='block_1_11' title="bbox 946 4554 1749 5162">
    <p class='ocr_par' dir='ltr' id='par_1_13' title="bbox 946 4554 1749 5162">
     <span class='ocr_line' id='line_1_76' title="bbox 953 4554 1749 4627; baseline -0.003 -17"><span class='ocrx_word' id='word_1_736' title='bbox 953 4554 1035 4610; x_wconf 89' lang='lat' dir='ltr'>animi</span> <span class='ocrx_word' id='word_1_737' title='bbox 1051 4555 1077 4608; x_wconf 92' lang='lat' dir='ltr'>in</span> <span class='ocrx_word' id='word_1_738' title='bbox 1098 4555 1208 4610; x_wconf 87' lang='lat' dir='ltr'>benum.</span> <span class='ocrx_word' id='word_1_739' title='bbox 1234 4555 1275 4609; x_wconf 86' lang='lat' dir='ltr'>Tu</span> <span class='ocrx_word' id='word_1_740' title='bbox 1296 4555 1351 4610; x_wconf 88' lang='lat' dir='ltr'>scis</span> <span class='ocrx_word' id='word_1_741' title='bbox 1374 4572 1454 4627; x_wconf 85' lang='lat' dir='ltr'>quam</span> <span class='ocrx_word' id='word_1_742' title='bbox 1471 4555 1650 4610; x_wconf 83' lang='lat' dir='ltr'>voluntarium</span> <span class='ocrx_word' id='word_1_743' title='bbox 1676 4569 1749 4609; x_wconf 89' lang='lat' dir='ltr'>sem·</span> 
     </span>
     <span class='ocr_line' id='line_1_77' title="bbox 952 4641 1748 4715; baseline 0.001 -19"><span class='ocrx_word' id='word_1_744' title='bbox 952 4660 1001 4715; x_wconf 90' lang='lat' dir='ltr'>per</span> <span class='ocrx_word' id='word_1_745' title='bbox 1020 4659 1082 4697; x_wconf 91' lang='lat' dir='ltr'>enm</span> <span class='ocrx_word' id='word_1_746' title='bbox 1104 4644 1183 4698; x_wconf 78' lang='lat' dir='ltr'>liebui</span> <span class='ocrx_word' id='word_1_747' title='bbox 1206 4643 1233 4696; x_wconf 93' lang='lat' dir='ltr'>in</span> <span class='ocrx_word' id='word_1_748' title='bbox 1258 4641 1339 4698; x_wconf 69' lang='lat' dir='ltr'>dalem</span> <span class='ocrx_word' id='word_1_749' title='bbox 1364 4652 1457 4712; x_wconf 89' lang='lat' dir='ltr'>tuam;</span> <span class='ocrx_word' id='word_1_750' title='bbox 1486 4651 1514 4698; x_wconf 92' lang='lat' dir='ltr'>tu</span> <span class='ocrx_word' id='word_1_751' title='bbox 1533 4659 1661 4699; x_wconf 88' lang='lat' dir='ltr'>conserva</span> <span class='ocrx_word' id='word_1_752' title='bbox 1685 4658 1748 4700; x_wconf 88' lang='lat' dir='ltr'>eum</span> 
     </span>
     <span class='ocr_line' id='line_1_78' title="bbox 950 4730 1747 4802; baseline -0.004 -15"><span class='ocrx_word' id='word_1_753' title='bbox 950 4731 1016 4787; x_wconf 89' lang='lat' dir='ltr'>mibi</span> <span class='ocrx_word' id='word_1_754' title='bbox 1032 4748 1117 4802; x_wconf 86' lang='lat' dir='ltr'>usque</span> <span class='ocrx_word' id='word_1_755' title='bbox 1130 4732 1158 4786; x_wconf 91' lang='lat' dir='ltr'>in</span> <span class='ocrx_word' id='word_1_756' title='bbox 1168 4731 1260 4787; x_wconf 91' lang='lat' dir='ltr'>linem.</span> <span class='ocrx_word' id='word_1_757' title='bbox 1274 4731 1424 4801; x_wconf 89' lang='lat' dir='ltr'>Semperin</span> <span class='ocrx_word' id='word_1_758' title='bbox 1434 4741 1460 4787; x_wconf 89' lang='lat' dir='ltr'>te</span> <span class='ocrx_word' id='word_1_759' title='bbox 1468 4730 1571 4788; x_wconf 86' lang='lat' dir='ltr'>credidi</span> <span class='ocrx_word' id='word_1_760' title='bbox 1583 4749 1590 4794; x_wconf 86' lang='lat'><strong>;</strong></span> <span class='ocrx_word' id='word_1_761' title='bbox 1607 4747 1747 4801; x_wconf 83' lang='lat' dir='ltr'>nunquam</span> 
     </span>
     <span class='ocr_line' id='line_1_79' title="bbox 949 4818 1743 4893; baseline -0.001 -17"><span class='ocrx_word' id='word_1_762' title='bbox 949 4828 976 4876; x_wconf 88' lang='lat' dir='ltr'>le</span> <span class='ocrx_word' id='word_1_763' title='bbox 991 4821 1112 4893; x_wconf 84' lang='lat' dir='ltr'>negavi;</span> <span class='ocrx_word' id='word_1_764' title='bbox 1142 4837 1249 4892; x_wconf 88' lang='lat' dir='ltr'>semper</span> <span class='ocrx_word' id='word_1_765' title='bbox 1263 4828 1288 4875; x_wconf 91' lang='lat' dir='ltr'>te</span> <span class='ocrx_word' id='word_1_766' title='bbox 1301 4819 1400 4887; x_wconf 86' lang='lat' dir='ltr'>amavi,</span> <span class='ocrx_word' id='word_1_767' title='bbox 1417 4820 1497 4875; x_wconf 89' lang='lat' dir='ltr'>etiam</span> <span class='ocrx_word' id='word_1_768' title='bbox 1512 4835 1572 4875; x_wconf 92' lang='lat' dir='ltr'>cum</span> <span class='ocrx_word' id='word_1_769' title='bbox 1590 4818 1616 4873; x_wconf 92' lang='lat' dir='ltr'>in</span> <span class='ocrx_word' id='word_1_770' title='bbox 1633 4830 1659 4874; x_wconf 87' lang='lat' dir='ltr'>te</span> <span class='ocrx_word' id='word_1_771' title='bbox 1674 4835 1743 4892; x_wconf 89' lang='lat' dir='ltr'>pec·</span> 
     </span>
     <span class='ocr_line' id='line_1_80' title="bbox 948 4906 1745 4981; baseline -0.004 -16"><span class='ocrx_word' id='word_1_772' title='bbox 948 4909 1017 4965; x_wconf 88' lang='lat' dir='ltr'>cavi.</span> <span class='ocrx_word' id='word_1_773' title='bbox 1036 4908 1150 4963; x_wconf 76' lang='lat' dir='ltr'>Paenitet</span> <span class='ocrx_word' id='word_1_774' title='bbox 1164 4925 1206 4964; x_wconf 89' lang='lat' dir='ltr'>me</span> <span class='ocrx_word' id='word_1_775' title='bbox 1218 4909 1321 4980; x_wconf 88' lang='lat' dir='ltr'>peceati</span> <span class='ocrx_word' id='word_1_776' title='bbox 1338 4907 1391 4963; x_wconf 82' lang='lat' dir='ltr'>mei</span> <span class='ocrx_word' id='word_1_777' title='bbox 1407 4908 1539 4981; x_wconf 83' lang='lat' dir='ltr'>usquead</span> <span class='ocrx_word' id='word_1_778' title='bbox 1556 4915 1679 4973; x_wconf 87' lang='lat' dir='ltr'>mortem,</span> <span class='ocrx_word' id='word_1_779' title='bbox 1696 4906 1745 4962; x_wconf 89' lang='lat' dir='ltr'>sed</span> 
     </span>
     <span class='ocr_line' id='line_1_81' title="bbox 947 4995 1745 5068; baseline -0.001 -16"><span class='ocrx_word' id='word_1_780' title='bbox 947 4998 1048 5054; x_wconf 87' lang='lat' dir='ltr'>ameris</span> <span class='ocrx_word' id='word_1_781' title='bbox 1062 4998 1099 5051; x_wconf 90' lang='lat' dir='ltr'>tui</span> <span class='ocrx_word' id='word_1_782' title='bbox 1115 5011 1170 5053; x_wconf 91' lang='lat' dir='ltr'>non</span> <span class='ocrx_word' id='word_1_783' title='bbox 1186 5013 1229 5051; x_wconf 90' lang='lat' dir='ltr'>me</span> <span class='ocrx_word' id='word_1_784' title='bbox 1241 4996 1362 5068; x_wconf 73' lang='lat' dir='ltr'>paenitet,</span> <span class='ocrx_word' id='word_1_785' title='bbox 1379 4996 1432 5051; x_wconf 90' lang='lat' dir='ltr'>nisi</span> <span class='ocrx_word' id='word_1_786' title='bbox 1443 4995 1507 5068; x_wconf 87' lang='lat' dir='ltr'>quia</span> <span class='ocrx_word' id='word_1_787' title='bbox 1517 4995 1597 5052; x_wconf 90' lang='lat' dir='ltr'>etiam</span> <span class='ocrx_word' id='word_1_788' title='bbox 1614 5005 1678 5052; x_wconf 88' lang='lat' dir='ltr'>tunc</span> <span class='ocrx_word' id='word_1_789' title='bbox 1688 5011 1745 5052; x_wconf 90' lang='lat' dir='ltr'>noa</span> 
     </span>
     <span class='ocr_line' id='line_1_82' title="bbox 946 5085 1741 5162; baseline -0.003 -21"><span class='ocrx_word' id='word_1_790' title='bbox 946 5085 984 5142; x_wconf 88' lang='lat' dir='ltr'>sie</span> <span class='ocrx_word' id='word_1_791' title='bbox 998 5094 1024 5142; x_wconf 88' lang='lat' dir='ltr'>te</span> <span class='ocrx_word' id='word_1_792' title='bbox 1040 5085 1139 5152; x_wconf 83' lang='lat' dir='ltr'>amari,</span> <span class='ocrx_word' id='word_1_793' title='bbox 1160 5085 1228 5142; x_wconf 90' lang='lat' dir='ltr'>sicut</span> <span class='ocrx_word' id='word_1_794' title='bbox 1242 5085 1340 5152; x_wconf 89' lang='lat' dir='ltr'>debui;</span> <span class='ocrx_word' id='word_1_795' title='bbox 1366 5085 1440 5156; x_wconf 87' lang='lat' dir='ltr'>quia,</span> <span class='ocrx_word' id='word_1_796' title='bbox 1465 5085 1488 5141; x_wconf 93' lang='lat' dir='ltr'>si</span> <span class='ocrx_word' id='word_1_797' title='bbox 1503 5088 1542 5141; x_wconf 91' lang='lat' dir='ltr'>sic</span> <span class='ocrx_word' id='word_1_798' title='bbox 1556 5093 1582 5140; x_wconf 86' lang='lat' dir='ltr'>te</span> <span class='ocrx_word' id='word_1_799' title='bbox 1594 5099 1741 5162; x_wconf 76' lang='lat' dir='ltr'>amassem,</span> 
     </span>
    </p>
   </div>
   <div class='ocr_carea' id='block_1_12' title="bbox 96 5285 1739 5557">
    <p class='ocr_par' dir='ltr' id='par_1_14' title="bbox 96 5285 1739 5557">
     <span class='ocr_line' id='line_1_83' title="bbox 134 5285 1737 5361; baseline 0.002 -19"><span class='ocrx_word' id='word_1_800' title='bbox 134 5287 190 5355; x_wconf 66' lang='lat' dir='ltr'>(it)</span> <span class='ocrx_word' id='word_1_801' title='bbox 201 5285 311 5341; x_wconf 85' lang='lat' dir='ltr'>Videtur</span> <span class='ocrx_word' id='word_1_802' title='bbox 324 5300 427 5358; x_wconf 74' lang='lat' dir='ltr'>negare</span> <span class='ocrx_word' id='word_1_803' title='bbox 441 5287 572 5343; x_wconf 87' lang='lat' dir='ltr'>Christum</span> <span class='ocrx_word' id='word_1_804' title='bbox 585 5304 679 5346; x_wconf 88' lang='lat' dir='ltr'>orasse</span> <span class='ocrx_word' id='word_1_805' title='bbox 696 5305 746 5360; x_wconf 92' lang='lat' dir='ltr'>pro</span> <span class='ocrx_word' id='word_1_806' title='bbox 762 5288 889 5345; x_wconf 82' lang='lat' dir='ltr'>velunta—</span> <span class='ocrx_word' id='word_1_807' title='bbox 943 5287 994 5344; x_wconf 89' lang='lat' dir='ltr'>bus</span> <span class='ocrx_word' id='word_1_808' title='bbox 1008 5289 1138 5345; x_wconf 84' lang='lat' dir='ltr'>oraverit.</span> <span class='ocrx_word' id='word_1_809' title='bbox 1159 5288 1281 5358; x_wconf 79' lang='lat' dir='ltr'>Denique</span> <span class='ocrx_word' id='word_1_810' title='bbox 1296 5303 1329 5344; x_wconf 91' lang='lat' dir='ltr'>eo</span> <span class='ocrx_word' id='word_1_811' title='bbox 1343 5300 1425 5344; x_wconf 90' lang='lat' dir='ltr'>sensu</span> <span class='ocrx_word' id='word_1_812' title='bbox 1439 5285 1617 5361; x_wconf 85' lang='lat' dir='ltr'>exponendus</span> <span class='ocrx_word' id='word_1_813' title='bbox 1629 5296 1669 5345; x_wconf 88' lang='lat' dir='ltr'>est</span> <span class='ocrx_word' id='word_1_814' title='bbox 1684 5306 1737 5345; x_wconf 88' lang='lat' dir='ltr'>su-</span> 
     </span>
     <span class='ocr_line' id='line_1_84' title="bbox 97 5357 1739 5432; baseline 0.001 -19"><span class='ocrx_word' id='word_1_815' title='bbox 97 5357 139 5414; x_wconf 90' lang='lat' dir='ltr'>rie</span> <span class='ocrx_word' id='word_1_816' title='bbox 153 5357 342 5428; x_wconf 77' lang='lat' dir='ltr'>peccantibus3</span> <span class='ocrx_word' id='word_1_817' title='bbox 370 5357 492 5413; x_wconf 77' lang='lat' dir='ltr'>fortassis</span> <span class='ocrx_word' id='word_1_818' title='bbox 513 5361 577 5427; x_wconf 90' lang='lat' dir='ltr'>quia</span> <span class='ocrx_word' id='word_1_819' title='bbox 591 5361 671 5415; x_wconf 85' lang='lat' dir='ltr'>etiam</span> <span class='ocrx_word' id='word_1_820' title='bbox 687 5376 751 5416; x_wconf 89' lang='lat' dir='ltr'>suos</span> <span class='ocrx_word' id='word_1_821' title='bbox 774 5360 889 5418; x_wconf 78' lang='lat' dir='ltr'>tnerle-</span> <span class='ocrx_word' id='word_1_822' title='bbox 943 5367 1010 5424; x_wconf 89' lang='lat' dir='ltr'>ctor,</span> <span class='ocrx_word' id='word_1_823' title='bbox 1037 5376 1092 5432; x_wconf 85' lang='lat' dir='ltr'>quo</span> <span class='ocrx_word' id='word_1_824' title='bbox 1106 5360 1308 5421; x_wconf 84' lang='lat' dir='ltr'>Paulustliebr.</span> <span class='ocrx_word' id='word_1_825' title='bbox 1326 5368 1365 5427; x_wconf 87' lang='lat' dir='ltr'>x).</span> <span class='ocrx_word' id='word_1_826' title='bbox 1395 5368 1456 5432; x_wconf 89' lang='lat' dir='ltr'>post</span> <span class='ocrx_word' id='word_1_827' title='bbox 1476 5360 1597 5415; x_wconf 87' lang='lat' dir='ltr'>notitiam</span> <span class='ocrx_word' id='word_1_828' title='bbox 1613 5360 1739 5417; x_wconf 84' lang='lat' dir='ltr'>raritatis</span> 
     </span>
     <span class='ocr_line' id='line_1_85' title="bbox 96 5426 1736 5557; baseline 0.003 -73"><span class='ocrx_word' id='word_1_829' title='bbox 96 5437 187 5484; x_wconf 84' lang='lat' dir='ltr'>oteres</span> <span class='ocrx_word' id='word_1_830' title='bbox 218 5430 252 5482; x_wconf 91' lang='lat' dir='ltr'>de</span> <span class='ocrx_word' id='word_1_831' title='bbox 279 5426 431 5498; x_wconf 69' lang='lat' dir='ltr'>ignorantie</span> <span class='ocrx_word' id='word_1_832' title='bbox 456 5431 606 5494; x_wconf 81' lang='lat' dir='ltr'>excussvit,</span> <span class='ocrx_word' id='word_1_833' title='bbox 639 5435 746 5500; x_wconf 80' lang='lat' dir='ltr'>quaudo</span> <span class='ocrx_word' id='word_1_834' title='bbox 774 5447 825 5557; x_wconf 79' lang='lat' dir='ltr'>pro</span> <span class='ocrx_word' id='word_1_835' title='bbox 850 5433 888 5489; x_wconf 90' lang='lat' dir='ltr'>eis</span> <span class='ocrx_word' id='word_1_836' title='bbox 941 5439 1080 5503; x_wconf 82' lang='lat' dir='ltr'>acceptam</span> <span class='ocrx_word' id='word_1_837' title='bbox 1103 5429 1277 5504; x_wconf 84' lang='lat' dir='ltr'>peccantibus</span> <span class='ocrx_word' id='word_1_838' title='bbox 1295 5430 1411 5487; x_wconf 86' lang='lat' dir='ltr'>bestiam</span> <span class='ocrx_word' id='word_1_839' title='bbox 1439 5447 1496 5488; x_wconf 89' lang='lat' dir='ltr'>nen</span> <span class='ocrx_word' id='word_1_840' title='bbox 1518 5431 1635 5504; x_wconf 83' lang='lat' dir='ltr'>relinqui</span> <span class='ocrx_word' id='word_1_841' title='bbox 1657 5447 1736 5489; x_wconf 84' lang='lat' dir='ltr'>asss-</span> 
     </span>
    </p>
   </div>
   <div class='ocr_carea' id='block_1_13' title="bbox 93 5496 885 5648">
    <p class='ocr_par' dir='ltr' id='par_1_15' title="bbox 93 5496 885 5648">
     <span class='ocr_line' id='line_1_86' title="bbox 95 5496 772 5624; baseline 0.003 -68"><span class='ocrx_word' id='word_1_842' title='bbox 95 5498 202 5565; x_wconf 84' lang='lat' dir='ltr'>erarit;</span> <span class='ocrx_word' id='word_1_843' title='bbox 219 5496 264 5554; x_wconf 88' lang='lat' dir='ltr'>vel</span> <span class='ocrx_word' id='word_1_844' title='bbox 280 5499 344 5624; x_wconf 56' lang='lat' dir='ltr'>puis</span> <span class='ocrx_word' id='word_1_845' title='bbox 355 5499 508 5570; x_wconf 83' lang='lat' dir='ltr'>specialiter</span> <span class='ocrx_word' id='word_1_846' title='bbox 519 5516 573 5557; x_wconf 89' lang='lat' dir='ltr'>aen</span> <span class='ocrx_word' id='word_1_847' title='bbox 587 5501 673 5558; x_wconf 84' lang='lat' dir='ltr'>erevit</span> <span class='ocrx_word' id='word_1_848' title='bbox 688 5517 739 5574; x_wconf 91' lang='lat' dir='ltr'>pre</span> <span class='ocrx_word' id='word_1_849' title='bbox 754 5502 772 5558; x_wconf 85' lang='lat' dir='ltr'>il</span> 
     </span>
     <span class='ocr_line' id='line_1_87' title="bbox 93 5568 885 5648; baseline 0.005 -21"><span class='ocrx_word' id='word_1_850' title='bbox 93 5582 147 5646; x_wconf 86' lang='lat' dir='ltr'>pre</span> <span class='ocrx_word' id='word_1_851' title='bbox 158 5568 289 5644; x_wconf 61' lang='lat' dir='ltr'>laceram</span> <span class='ocrx_word' id='word_1_852' title='bbox 300 5568 360 5639; x_wconf 85' lang='lat' dir='ltr'>bus,</span> <span class='ocrx_word' id='word_1_853' title='bbox 375 5584 437 5627; x_wconf 85' lang='lat' dir='ltr'>eum</span> <span class='ocrx_word' id='word_1_854' title='bbox 451 5578 542 5628; x_wconf 79' lang='lat' dir='ltr'>umen</span> <span class='ocrx_word' id='word_1_855' title='bbox 556 5571 721 5645; x_wconf 70' lang='lat' dir='ltr'>psaemlitsr</span> <span class='ocrx_word' id='word_1_856' title='bbox 733 5586 782 5648; x_wconf 81' lang='lat' dir='ltr'>pre</span> <span class='ocrx_word' id='word_1_857' title='bbox 791 5574 885 5631; x_wconf 89' lang='lat' dir='ltr'>emni-</span> 
     </span>
    </p>
   </div>
   <div class='ocr_carea' id='block_1_14' title="bbox 784 5502 1014 5559">
    <p class='ocr_par' dir='ltr' id='par_1_16' title="bbox 784 5502 1014 5559">
     <span class='ocr_line' id='line_1_88' title="bbox 784 5502 1014 5559; baseline 0.013 -3"><span class='ocrx_word' id='word_1_858' title='bbox 784 5505 808 5557; x_wconf 85' lang='lat' dir='ltr'>is</span> <span class='ocrx_word' id='word_1_859' title='bbox 819 5502 887 5559; x_wconf 90' lang='lat' dir='ltr'>sicut</span> <span class='ocrx_word' id='word_1_860' title='bbox 940 5516 1014 5559; x_wconf 87' lang='lat' dir='ltr'>reus.</span> 
     </span>
    </p>
   </div>
   <div class='ocr_carea' id='block_1_15' title="bbox 0 0 1868 6000">
    <p class='ocr_par' dir='ltr' id='par_1_17' title="bbox 0 0 1868 6000">
     <span class='ocr_line' id='line_1_89' title="bbox 0 0 1868 6000; baseline 0 0"><span class='ocrx_word' id='word_1_861' title='bbox 0 0 1868 6000; x_wconf 95' lang='lat' dir='ltr'> </span> 
     </span>
    </p>
   </div>
  </div>
 </body>
</html>
