3728 6000
54 228 108 285 ⁸53
498 225 689 286 expostulo
707 228 746 285 IN
763 226 875 286 EPIST.
895 228 946 285 llo
964 227 1049 287 nort.
1066 258 1104 273 -
1121 228 1186 287 ctu.
1206 230 1232 287 t.
1652 239 1705 295 bil

54 350 198 424 largientis
211 350 340 409 devotius
353 365 404 409 nos
424 355 453 408 et
466 352 599 408 humilius
621 352 781 421 excitamus,
794 354 853 409 sire
866 352 896 416 Α
910 360 951 407 εει
966 352 1085 409 universi
1113 353 1218 410 mundi.
1250 352 1372 411 Forsitan
1385 353 1441 426 iam
1455 354 1706 432 praevidebatrtpo·

54 456 119 498 cum
132 437 198 497 boni
212 440 304 513 operis
316 439 484 508 faculatem,
500 457 585 511 quam
600 442 684 515 gratis
703 441 855 512 accipimus
909 439 996 496 stolus
1009 441 1037 496 in
1050 442 1154 513 spiritu,
1170 443 1275 511 Romae,
1290 444 1338 499 ubi
1363 443 1444 500 sedes
1466 453 1522 499 erat
1540 446 1643 503 terreni
1656 449 1709 504 im·

53 529 83 586 in
97 525 205 595 ειῖεειε,
218 535 360 602 amanter
371 530 428 586 lieo
455 528 596 586 reddimus
618 531 647 585 in
671 528 777 598 effectu,
794 531 855 602 ipsa
907 528 985 600 perii,
1002 530 1121 586 loturam
1136 531 1196 587 iore
1205 534 1321 602 primam
1344 533 1437 589 sedem
1453 531 1598 589 Christiani
1613 551 1707 593 aecer-

53 615 147 692 gratia
170 616 319 674 etinmboc
345 626 480 690 operante
494 619 521 673 in
551 618 640 674 nobis.
661 620 713 675 Pro
730 619 854 690 proximo
909 616 993 681 dotii;
1010 619 1193 675 undereluta
1219 620 1295 676 lonte
1309 620 1489 691 derivaretur,
1505 622 1578 692 quod
1608 624 1636 679 iu
1650 633 1707 681 toto

54 721 124 764 vero
137 706 241 779 gratias
254 705 372 780 agimus,
388 723 450 764 cum
464 706 492 762 in
507 722 540 763 eo
555 723 635 778 quem
650 707 678 762 in
692 708 751 765 Deo
761 706 855 778 diligi·
909 705 1009 761 mundo
1024 705 1169 763 salubriter
1181 709 1374 778 prediceretur
1402 716 1429 765 et
1441 709 1611 766 crederetur.
1629 713 1707 770 Unde

53 811 128 863 mus,
142 795 260 869 gretiam
288 811 339 850 nos
366 795 492 867 accipere
519 795 700 869 gratulemur.
717 796 770 865 Qui
789 810 855 868 ergo
909 808 964 849 non
978 794 1067 849 solum
1083 795 1185 868 gratias
1198 796 1276 870 apin
1290 798 1339 854 sed
1354 805 1381 854 ει
1398 798 1433 855 de
1444 797 1534 857 futuro
1549 809 1617 870 orat,
1633 799 1709 859 sicut

53 890 153 957 pratus
167 899 280 954 semper
293 883 320 938 ia
332 883 373 938 his
383 899 476 940 coram
487 884 605 940 Domino
613 886 704 940 studet
711 900 854 955 apparere,
909 881 974 938 dicit
990 901 996 939 :

54 981 82 1029 et
96 972 126 1027 in
140 971 288 1042 semetipso
312 987 420 1042 semper
434 972 538 1043 potiora
564 971 636 1027 dona
649 971 772 1042 accipere
794 989 855 1027 me·
947 972 1033 1028 viras.
1053 975 1083 1029 9.
1100 1004 1137 1016 -
1164 974 1280 1031 «testie
1307 976 1381 1031 euim
1409 975 1476 1031 mihi
1505 985 1546 1033 est
1571 979 1707 1048 Deus,cui

55 1069 139 1131 ιειεε,
157 1066 185 1116 ει
210 1059 313 1133 dignus
327 1069 369 1116 est
392 1068 419 1116 et
433 1069 512 1132 aptus
527 1060 608 1116 etiam
633 1077 681 1131 pro
694 1061 756 1115 aliis
770 1060 856 1117 inter·
909 1059 999 1116 servio
1010 1061 1036 1115 in
1052 1060 1146 1133 spiritu
1157 1078 1219 1118 meo
1242 1063 1271 1118 in
1296 1064 1450 1137 Evangelio
1473 1064 1533 1121 Filii
1548 1067 1619 1137 ejus,
1635 1068 1709 1140 quod

55 1149 163 1206 venire.
179 1148 853 1222 rPrimumpergosit:«gratiassgoDeomeo.r
909 1147 967 1201 sino
981 1147 1179 1207 intermissione
1207 1151 1371 1208 memoriam
1392 1152 1474 1208 vestri
1502 1153 1574 1210 iccio
1599 1170 1709 1228 semper

56 1237 161 1310 Magne
187 1236 308 1293 hominis
333 1235 445 1305 fiducia,
459 1252 578 1310 magnus
607 1236 720 1294 affectus
747 1239 857 1311 pietatis
910 1233 937 1290 in
951 1235 1117 1292 orationibus
1143 1237 1221 1295 meis.
1240 1262 1251 1289 a
1267 1240 1325 1296 Nec
1349 1241 1450 1296 malum
1470 1241 1593 1314 iaciebat,
1605 1243 1708 1314 quiju·

56 1340 143 1382 suum
156 1325 251 1383 dicere
279 1325 431 1381 Dominum
453 1325 541 1381 ileum
555 1325 688 1382 omniurn.
709 1326 753 1383 Sic
767 1335 858 1383 tamen
908 1324 1013 1380 ratione
1028 1326 1099 1382 benc
1112 1328 1255 1384 utebatur:
1266 1344 1326 1400 quae
1341 1328 1394 1384 etsi
1420 1329 1492 1385 bona
1519 1346 1575 1388 non
1593 1340 1645 1402 εει,
1662 1331 1707 1388 di-

57 1420 112 1471 est.
128 1413 183 1484 Qui
198 1413 270 1470 euim
279 1412 353 1470 dulci
367 1421 394 1470 et
408 1413 454 1485 pio
464 1412 573 1483 affectu,
587 1422 614 1470 et
628 1431 726 1471 secura
741 1424 768 1472 ει
782 1431 856 1487 prae-
909 1423 991 1469 acute
1005 1415 1132 1482 Domino,
1146 1417 1202 1471 «sit
1216 1432 1306 1473 sermo
1332 1427 1428 1474 vester
1442 1428 1484 1474 εει
1502 1428 1553 1488 εει,
1569 1436 1624 1476 non
1633 1437 1705 1491 non;

56 1501 154 1558 fidenti
164 1500 379 1570 charitatedicit,
389 1502 858 1575 «Deusmeuspsecuruadicitquia
911 1502 984 1573 quod
997 1512 1085 1558 autern
1101 1505 1267 1575 ampliusest
1282 1521 1299 1561 a
1316 1506 1389 1562 malo
1404 1515 1446 1562 εει
1459 1507 1569 1577 (blattis.
1580 1509 1617 1578 v),
1630 1528 1641 1562 s
1657 1525 1709 1565 ne-

58 1605 141 1647 strum
156 1590 209 1646 sibi
233 1590 296 1647 iecit
307 1607 368 1646 eum
384 1589 463 1660 cujus
479 1591 539 1662 ipse
552 1599 604 1659 εει,
621 1600 646 1648 ει
659 1608 753 1649 secure
762 1608 857 1650 eorem
909 1590 1030 1647 cessarie
1045 1602 1135 1647 temen
1146 1601 1199 1662 εει,
1208 1602 1238 1648 ut
1251 1594 1327 1649 alteri
1342 1611 1391 1649 sua
1408 1595 1504 1650 deutur
1525 1596 1597 1666 quod
1608 1597 1710 1653 utiliter

55 1694 90 1736 eo
103 1678 149 1737 cui
159 1677 248 1748 offert,
263 1679 376 1751 deponit
390 1679 520 1751 quidquid
535 1678 625 1748 offert,
639 1682 684 1738 cui
711 1689 768 1736 turn
782 1697 858 1753 prae·
871 1708 899 1769 Β
910 1680 1046 1746 suadetur.
1063 1680 1125 1736 licet
1140 1682 1202 1735 sita
1217 1681 1289 1737 malo
1301 1682 1374 1753 ejus.
1390 1683 1433 1739 cui
1447 1683 1567 1753 juratur.
1587 1686 1711 1742 Fitcnim

55 1768 127 1824 senti
143 1784 255 1841 temper
269 1767 322 1824 sibi
332 1767 562 1840 praesentissimus
576 1775 721 1841 semperet
731 1771 789 1840 ipse
800 1777 853 1826 est.
911 1767 946 1822 ab
959 1766 1112 1824 infirmitate
1127 1768 1198 1839 ejus,
1217 1786 1279 1839 qum
1292 1772 1383 1844 utique
1408 1772 1480 1827 mula
1507 1782 1558 1842 εει,
1574 1775 1618 1829 cui
1633 1774 1712 1830 aliter

55 1856 121 1914 Non
136 1862 227 1928 potest
253 1856 305 1913 hoc
320 1856 424 1926 dicere,
435 1857 515 1927 cujus
541 1857 609 1913 deus
623 1866 718 1914 venter
736 1865 785 1927 εει,
801 1858 859 1916 εἰνε
911 1855 1067 1929 persuaderi
1078 1857 1120 1912 vel
1130 1873 1184 1913 non
1203 1866 1303 1929 potest,
1320 1860 1363 1914 vel
1377 1875 1431 1915 non
1447 1870 1584 1931 speratur.
1600 1862 1712 1919 Nullum

57 1943 134 2001 aliud
151 1944 226 2018 quid,
242 1944 315 2015 quod
331 1961 379 2018 pro
403 1947 461 2001 Deo
475 1952 558 2013 amat,
575 1946 617 2003 rel
633 1961 695 2003 curn
710 1947 788 2016 Deo;
804 1962 859 2003 uon
913 1945 1358 2016 eutemmejushocjuramentum
1373 1963 1434 2003 esse
1450 1949 1643 2004 estimandum
1658 1958 1710 2020 εει,

56 2046 150 2095 εειειε
178 2047 291 2111 propter
318 2039 415 2095 Deum.
432 2038 512 2096 Solus
541 2039 642 2112 quippe
670 2039 804 2097 amandus
820 2045 861 2096 eet
915 2033 1044 2104 quemad
1059 2050 1090 2089 ea
1119 2050 1181 2107 quae
1204 2034 1339 2104 dicuntur,
1355 2043 1454 2091 testem
1468 2037 1594 2093 invocare
1611 2039 1711 2094 Deum.

58 2128 135 2185 Deus
151 2143 158 2184 :
173 2143 227 2185 nec
241 2127 414 2200 aliquatenus
428 2126 600 2200 coinquinari
609 2128 710 2200 patitur
724 2128 861 2185 amoribus
917 2123 945 2177 ln
960 2137 1014 2192 quo
1029 2138 1202 2194 summopere
1226 2123 1378 2179 carendum
1403 2132 1442 2180 εει
1455 2126 1529 2180 omni
1550 2125 1662 2196 juranti,
1677 2143 1713 2184 nc

57 2216 157 2273 alienis
167 2231 244 2273 amor
258 2216 335 2288 ejus,
351 2217 398 2288 qui
419 2216 496 2272 aolus
511 2217 610 2274 sullrelt
629 2218 744 2273 amanti.
764 2217 860 2274 Domi·
915 2219 1010 2267 contre
1022 2219 1187 2282 praeceptum
1197 2211 1267 2285 legis
1284 2221 1409 2268 assumat
1419 2212 1563 2286 aliquando
1574 2214 1602 2269 in
1612 2230 1714 2272 vanum

57 2321 112 2362 nus
137 2305 222 2363 ειίεω
237 2304 311 2362 Deus
322 2305 443 2361 omnium
456 2305 574 2361 bominis
587 2305 659 2362 illius
673 2306 862 2378 proprieDeus
915 2314 1017 2355 nomen
1049 2299 1100 2354 Dei
1132 2299 1174 2354 sui
1205 2301 1306 2372 (Esod.
1335 2303 1424 2371 χιιι
1449 2301 1540 2358 Testis
1569 2319 1645 2376 ergo,
1662 2303 1712 2376 ait,

56 2400 100 2450 est
112 2393 159 2450 cui
170 2393 260 2464 placet
273 2394 302 2450 in
331 2394 490 2466 semetipso,
507 2402 534 2450 et
548 2405 663 2466 propter
685 2394 862 2467 semetipsum
917 2387 984 2443 mihi
997 2395 1039 2444 est
1053 2389 1142 2457 Deus,
1154 2388 1199 2445 cui
1210 2388 1300 2445 servio
1320 2389 1349 2444 iu
1363 2388 1459 2461 spiritu
1475 2405 1546 2447 meo.
1565 2415 1576 2442 r
1593 2392 1716 2449 Servitus

55 2482 141 2553 Deus,
148 2489 175 2539 et
188 2482 217 2538 in
230 2481 356 2539 omnibus
367 2481 478 2553 judiciis
499 2482 556 2538 suis
567 2481 619 2538 fixa
636 2482 664 2537 in
680 2482 732 2539 boc
748 2482 864 2539 statione
917 2476 976 2532 heo
990 2475 1077 2533 libert
1091 2483 1150 2547 esl;
1167 2475 1233 2547 quia
1246 2477 1350 2534 amoris
1364 2489 1390 2533 et
1415 2478 1521 2550 pietatis
1545 2488 1597 2538 εει.
1608 2480 1715 2550 Seruio,

59 2569 210 2628 voluntatis
221 2577 379 2644 perseverat
400 2571 507 2627 animus
525 2570 599 2642 ejus.
618 2571 748 2628 Placitum
763 2571 864 2628 etenim
918 2563 1013 2637 inquit,
1029 2565 1058 2620 iu
1073 2564 1171 2636 spiritu
1193 2580 1264 2632 meo,
1287 2566 1417 2640 quoniam
1431 2567 1525 2623 volens
1535 2567 1563 2624 id
1578 2584 1646 2643 ago;
1662 2585 1718 2627 non
1822 2640 1825 2645 Ι

58 2657 260 2731 animi,quieta
271 2659 398 2716 voluntas
413 2668 463 2716 est.
472 2659 553 2723 Quod
562 2660 673 2732 proprie
690 2660 865 2733 singulariter
919 2652 1037 2725 impulsu
1051 2653 1233 2723 timoris‚non
1250 2670 1299 2725 spe
1322 2655 1457 2712 mercedis
1476 2656 1525 2713 sed
1552 2657 1719 2716 conscientia

58 2747 88 2804 in
99 2747 218 2804 amando
227 2748 287 2804 Deo
296 2748 503 2819 intelligendum
513 2747 646 2817 est;citra
654 2765 745 2819 quem,
758 2756 784 2804 et
793 2747 865 2804 ultra
917 2742 1042 2813 justitiae,
1059 2750 1085 2799 ει
1099 2758 1191 2798 amors
1225 2744 1355 2800 veritatis.
1375 2768 1386 2794 a
1404 2746 1434 2800 ln
1450 2745 1627 2819 Evangelio»
1644 2747 1717 2804 enim

61 2851 157 2908 quem,
164 2840 193 2892 ct
202 2844 278 2892 extra
289 2836 458 2907 quem,nihii
468 2835 539 2908 quod
547 2844 659 2908 propter
667 2852 728 2891 eum
740 2844 766 2892 ct
774 2837 800 2891 in
808 2837 865 2909 ipso
920 2830 968 2897 ait,
986 2852 997 2880 r
1014 2829 1061 2885 filii
1076 2831 1148 2901 ejus.
1166 2851 1175 2884 r
1193 2832 1224 2887 Et
1240 2831 1303 2905 quid
1317 2841 1425 2904 poterat
1438 2850 1501 2891 εεεε
1520 2835 1636 2907 gratius,
1653 2833 1719 2908 quid

59 2931 230 2981 nonnmetur
240 2923 386 2980 amandum
397 2933 448 2980 est.
459 2923 513 2993 Qui
529 2926 602 2981 enirn
616 2924 671 2980 labi
682 2940 742 2980 cum
755 2924 866 2983 labente
919 2934 1000 2975 servo
1013 2916 1086 2974 fideli
1098 2927 1236 2992 assumpto
1251 2919 1278 2975 in
1294 2922 1345 2978 hoc
1366 2921 1424 2978 vasi
1440 2922 1581 2979 electionis
1595 2922 1718 2981 delecta-

56 3027 114 3068 non
124 3013 192 3081 vult,
203 3012 231 3068 in
246 3012 337 3068 stabili
351 3010 417 3087 ligat
431 3029 557 3085 pressum
580 3027 695 3069 neeesse
715 3021 765 3070 est.
776 3012 867 3070 Sedet
920 3006 1000 3061 bilius
1014 3022 1047 3063 nc
1058 3007 1206 3076 jucundius
1218 3024 1301 3080 quam
1328 3009 1433 3068 servire
1447 3011 1505 3067 Deo
1519 3011 1547 3066 in
1567 3011 1719 3085 Evangelio

59 3099 162 3158 beatus
177 3104 270 3167 bomo,
287 3101 363 3170 cujus
386 3110 428 3156 est
443 3099 580 3157 Dominus
595 3100 671 3156 Deus
691 3101 760 3170 eius,
776 3099 806 3156 iit
821 3102 866 3159 vi·
919 3095 980 3152 Filii
994 3097 1051 3164 ejus
1064 3098 1078 3151 i
1091 3096 1241 3169 Sequitur:

58 3186 153 3246 cissim
171 3188 253 3245 homo
267 3189 328 3255 liei.
340 3205 413 3257 cum,
423 3189 491 3246 sicut
503 3189 650 3260 Apostolus
660 3189 795 3247 serviebat
808 3191 866 3246 Deo
954 3184 1038 3239 Vens.
1055 3187 1100 3239 lo.
1113 3207 1172 3233 -ι
1185 3183 1267 3253 Quod
1274 3184 1333 3243 aine
1341 3185 1544 3244 intermissione
1555 3190 1718 3248 memoriam

59 3275 90 3334 in
106 3278 259 3352 Evangelio
274 3277 333 3333 Filii
346 3278 407 3349 ejus
420 3278 449 3333 in
463 3277 558 3350 spiritu
571 3294 630 3347 suo,
647 3278 687 3336 sic
706 3277 821 3350 quilibet
836 3278 865 3334 in
918 3273 1000 3328 vestri
1016 3272 1084 3328 lecio
1099 3272 1127 3327 in
1141 3274 1310 3330 cretionibus
1321 3276 1401 3330 meis.
1413 3299 1425 3326 ι
1438 3276 1606 3345 Memoriam,
1616 3279 1716 3351 inquit,

58 3366 159 3437 spiritu
172 3381 234 3434 suo,
250 3365 284 3422 de
312 3366 414 3438 Spiritu
439 3375 533 3423 sancto
547 3366 635 3444 servit
647 3367 676 3422 iu
704 3369 788 3422 rebus
802 3366 864 3424 Dei.
917 3361 1001 3416 vestri
1030 3359 1101 3417 lacio
1113 3360 1143 3415 in
1157 3361 1326 3418 orationibus
1340 3362 1409 3419 meis
1423 3380 1531 3436 semper
1546 3373 1572 3421 ει
1596 3366 1656 3422 sine
1672 3367 1718 3423 in·

58 3454 119 3519 ilos
132 3461 175 3512 εει
184 3454 259 3528 quod
267 3453 296 3510 in
310 3454 421 3512 Cantica
436 3455 601 3511 cantieorum
620 3455 686 3511 dicit
708 3454 816 3526 Sponsa
830 3454 865 3512 de
917 3448 1087 3506 termissioue
1098 3464 1105 3521 ;
1118 3450 1170 3504 boc
1180 3457 1231 3517 εει,
1248 3451 1276 3505 in
1292 3451 1544 3523 orationibusmeis,
1561 3470 1629 3526 quas
1645 3455 1717 3513 tucio

62 3541 171 3615 sponso
187 3560 195 3600 :
213 3567 224 3592 a
242 3542 363 3599 Dilectus
379 3559 458 3600 meus
469 3543 545 3611 milui,
560 3552 587 3599 et
599 3559 652 3617 epo
663 3542 703 3598 illi
715 3561 723 3609 ;
734 3545 760 3598 in
773 3543 864 3602 medio
916 3553 1028 3609 semper
1042 3542 1069 3593 et
1084 3537 1142 3594 sine
1169 3538 1380 3596 intermissione.
1396 3541 1504 3596 Certum
1515 3541 1588 3597 enim
1602 3551 1644 3600 est
1670 3544 1716 3616 ip·

60 3631 180 3689 obem
188 3631 860 3704 meorumcommorabitur(Cancri—«Gratias»
916 3625 1224 3699 sumimplevissequod
1245 3627 1386 3699 discipulis
1399 3629 1575 3701 precipiebat
1596 3632 1715 3691 dicens:

59 3736 139 3794 crgo,
155 3721 228 3789 ait,·
245 3736 302 3793 ago
316 3722 373 3778 Deo
389 3737 461 3790 meo,
475 3737 525 3793 por
549 3723 640 3778 lesum
657 3721 862 3793 Christum‚pro
918 3715 1011 3771 -sine
1025 3714 1225 3772 intermissione
1240 3724 1315 3773 orate
1330 3717 1356 3788 (l
1372 3719 1464 3775 Thess.
1481 3719 1520 3790 v).
1550 3718 1716 3794 Obsecrans,

58 3809 190 3866 omnibns
203 3808 291 3865 vobis.
311 3809 467 3867 »Siceuim
484 3809 628 3882 Apostolus
651 3826 776 3865 summus
791 3827 863 3882 prae·
915 3803 939 3859 si
950 3805 1086 3876 quomodo
1108 3804 1218 3861 taudem
1242 3806 1389 3878 aliquando
1411 3823 1574 3880 prosperum
1595 3809 1646 3866 iter
1659 3812 1713 3867 ha-

58 3897 170 3955 dicator
192 3898 299 3971 gratiae,
313 3898 348 3954 ad
373 3899 520 3955 Dominum
544 3899 630 3954 Deum
646 3899 735 3954 cordis
757 3900 797 3954 sui
814 3916 862 3956 re·
914 3892 995 3948 beam
1008 3894 1036 3948 in
1051 3891 1188 3949 voluntate
1201 3893 1252 3949 Dei
1280 3894 1407 3950 veniendi
1421 3896 1457 3950 ad
1472 3912 1533 3952 uos.
1552 3920 1563 3946 r
1581 3898 1715 3956 Conside-

57 3985 197 4044 deundum
208 4003 317 4059 semper
331 4003 393 4044 esse
426 3987 563 4045 sentiebat
590 3987 624 4043 de
648 3988 781 4059 omnibus,
799 4003 862 4044 curn
913 3981 1027 4036 randum
1043 3982 1117 4053 quod
1132 3982 1167 4037 ad
1194 3998 1263 4053 opus
1278 3983 1421 4057 Evangelii
1444 3984 1626 4055 proficiscens,
1641 4004 1713 4060 opus

57 4076 209 4149 gratiarum
238 4076 357 4144 actions,
373 4092 423 4133 nec
451 4075 501 4131 uisi
526 4092 574 4148 per
589 4074 746 4132 Pontificem
766 4076 860 4131 lesum
914 4077 1047 4141 sanctum,
1059 4078 1198 4141 exspectat
1210 4070 1298 4127 donec
1326 4072 1560 4130 obsecrationibus
1576 4075 1712 4148 imploret,

56 4171 85 4221 et
98 4164 278 4220 liedittorem
293 4165 343 4221 Dei
358 4173 384 4220 ει
398 4165 552 4228 hominum
563 4172 593 4219 ut
607 4179 656 4236 per
671 4180 752 4235 quern
770 4178 786 4221 a
803 4165 860 4221 Deo
913 4175 968 4214 non
982 4159 1068 4214 solum
1085 4174 1257 4230 prosperum,
1273 4160 1325 4215 iter
1336 4160 1387 4216 sibi
1397 4160 1457 4217 lieri
1467 4182 1473 4227 ;
1483 4163 1530 4219 sed
1551 4173 1578 4220 ει
1605 4165 1634 4219 iu
1659 4182 1712 4222 vo·

60 4253 225 4311 deierantur
240 4253 318 4309 nobis
346 4253 496 4328 gratiarum
520 4252 693 4319 donationes,
707 4269 756 4324 per
770 4253 860 4325 ipsum
914 4248 1016 4304 luntcte
1028 4248 1077 4303 Dei
1088 4264 1258 4319 prosperum,
1274 4249 1337 4320 quia
1364 4266 1472 4321 semper
1486 4251 1538 4307 iter
1556 4252 1712 4310 itinerantis

55 4342 83 4399 ei
114 4342 220 4415 simper
246 4343 398 4400 referantur
411 4345 530 4416 ipsarum
546 4343 696 4416 gratiarum
719 4342 854 4399 actiones.
914 4337 941 4392 in
956 4339 1094 4393 voluntate
1114 4337 1165 4392 Dei
1186 4346 1371 4409 prosperatur.
1387 4340 1461 4396 Tunc
1471 4350 1559 4396 autem
1576 4342 1605 4395 in
1628 4343 1711 4399 volun

55 4432 112 4489 Ubi
126 4432 208 4488 etiem
235 4432 435 4489 observandum
463 4431 527 4504 quic
549 4430 583 4486 ad
598 4430 721 4486 diversos
734 4413 897 4488 scribensD
912 4435 965 4482 tate
980 4426 1030 4482 Dei
1057 4424 1170 4492 itineris,
1187 4427 1353 4497 prosperitus
1377 4436 1426 4495 est,
1451 4445 1511 4483 cum
1541 4428 1639 4484 similis
1667 4437 1710 4486 est

53 4519 215 4594 tpoamlns,
230 4520 258 4576 iu
272 4520 333 4577 aliis
346 4521 449 4595 gratius
470 4520 527 4592 agit
535 4536 584 4593 pro
601 4517 728 4575 omnibus
738 4534 745 4588 ;
757 4519 783 4574 iu
794 4519 855 4575 aliis
911 4531 995 4573 causa
1010 4532 1099 4570 causae
1113 4531 1192 4586 quam
1207 4515 1297 4570 subdit
1310 4515 1414 4571 dicens.

55 4609 166 4683 gratiss
180 4609 306 4682 apinsed
317 4624 372 4665 non
383 4624 433 4681 pro
454 4607 596 4677 omnibus;
607 4607 634 4662 in
649 4607 709 4662 eliis
721 4622 773 4664 nec
786 4623 855 4680 gra·
944 4605 1031 4660 Vens.
1048 4605 1078 4659 ll
1095 4610 1122 4660 et
1138 4606 1243 4662 lic-a
1262 4605 1394 4661 Desidere
1411 4605 1483 4661 enim
1498 4605 1664 4676 ridereros;
1676 4613 1707 4666 ut

53 4698 104 4754 tias
116 4696 189 4772 epit.
203 4695 256 4754 Ubi
279 4713 332 4769 pro
356 4696 484 4753 omnibus
511 4696 614 4769 pretias
628 4696 696 4769 cpit,
712 4695 804 4768 cuipas
827 4695 856 4751 in
907 4693 1009 4766 aliquid
1025 4692 1162 4764 impertiar
1172 4692 1250 4748 vobis
1263 4693 1359 4765 gratiae
1388 4693 1546 4764 spiritualis,
1558 4698 1592 4752 ad
1607 4696 1709 4754 confir·

54 4786 96 4844 eis
110 4787 204 4841 nullus
229 4785 273 4842 vel
287 4786 387 4858 probra
413 4793 565 4858 exaggerat
581 4784 646 4840 :ubi
673 4785 776 4856 gratias
787 4784 854 4857 agit,
908 4782 1024 4839 mundos
1039 4797 1097 4850 ros,
1113 4781 1139 4835 id
1150 4781 1276 4836 estsimul
1287 4780 1425 4837 consolari
1444 4782 1569 4852 invehis,
1583 4802 1632 4857 per
1644 4803 1703 4846 earn

53 4874 104 4931 sed
118 4889 175 4930 non
189 4888 239 4946 pro
255 4872 390 4946 omnibus,
404 4873 472 4930 sieut
484 4874 517 4929 ad
532 4871 689 4928 Corinthios
706 4880 733 4927 ει
747 4872 856 4927 Colles·
909 4885 969 4943 quae
988 4870 1107 4925 invicem
1134 4877 1185 4938 εει,
1200 4867 1282 4924 fidem
1305 4877 1422 4926 vestram
1455 4876 1538 4944 etque
1566 4890 1667 4931 meam.
1686 4897 1698 4929 s

53 4985 163 5041 senses,
175 4969 263 5026 innuit
283 4969 367 5026 ineis
382 4970 483 5039 aliquid
506 4985 567 5025 esse
581 4967 855 5039 reprehendendum:
908 4965 1000 5021 Primo
1022 4963 1155 5036 siquidem
1171 4965 1294 5020 omnium
1315 4964 1382 5021 scire
1407 4965 1540 5023 debemus
1556 4984 1625 5041 opus
1640 4988 1702 5030 csse

52 5069 102 5127 nbi
116 5083 185 5127 vero
208 5069 321 5124 omnino
349 5068 510 5140 supersedet
537 5067 640 5139 pretias
654 5081 747 5139 agere,
769 5082 855 5139 grave
908 5060 1094 5135 apostolicum,
1119 5060 1216 5118 iratres
1242 5061 1408 5133 desiderare,
1422 5065 1481 5119 sire
1508 5066 1629 5133 visitare,
1656 5069 1707 5126 sed

53 5166 161 5239 sliquid
174 5165 203 5221 in
217 5165 259 5222 eis
273 5181 338 5222 esse
350 5167 473 5235 denotat,
490 5163 563 5235 quod
585 5165 737 5235 gratiarum
756 5162 856 5218 actioni
908 5177 964 5216 non
985 5159 1022 5214 ob
1049 5157 1131 5225 eliud,
1144 5159 1197 5214 nisi
1209 5220 1213 5225 ,
1224 5168 1252 5216 ει
1267 5161 1368 5232 aliquid
1390 5162 1487 5233 gratiae
1500 5165 1645 5235 spiritualis
1660 5167 1706 5223 vel

50 5264 163 5336 judicet
175 5279 239 5320 esse
252 5263 458 5320 eontrarium«
475 5261 545 5332 Quis
560 5260 627 5317 fides
642 5269 733 5318 restra
746 5275 856 5315 annun·
909 5259 948 5314 eis
962 5257 1303 5328 impertiamur,vclabeis
1323 5257 1500 5329 accipiamus.
1511 5260 1587 5316 Alias
1603 5270 1704 5334 autem,

53 5360 138 5418 tiator
151 5359 181 5417 in
195 5361 326 5418 aniverso
353 5360 467 5417 mundo.
489 5361 570 5431 rlpsa
582 5366 633 5431 est,
650 5358 746 5431 inquit,
764 5365 856 5413 vestra
908 5355 1048 5428 probabile
1071 5370 1125 5410 nou
1153 5363 1202 5422 est,
1218 5356 1332 5413 circuire
1348 5353 1465 5412 iratres.
1489 5358 1587 5416 Gratia
1604 5372 1705 5436 autem,

53 5456 203 5531 fidesque
228 5459 352 5516 omnium
362 5458 390 5516 in
404 5459 533 5517 universo
548 5458 649 5514 mundo
668 5455 807 5513 Catholice
816 5462 858 5512 est
909 5453 962 5509 alia
993 5452 1150 5524 spiritualis,
1161 5452 1214 5508 alia
1227 5468 1292 5509 uon.
1310 5453 1392 5511 Verbi
1423 5456 1513 5528 pratia
1544 5458 1704 5530 spiritualis,

54 5554 303 5635 mammetem
318 5563 343 5616 et
358 5556 515 5632 exemplum
527 5564 622 5616 resne
636 5553 700 5615 ficei
723 5552 857 5612 institutio
909 5549 1054 5625 supinitate
1070 5569 1078 5621 ;
1107 5564 1162 5607 non
1184 5550 1344 5626 spiritualis,
1373 5553 1497 5628 nuptie:
1523 5570 1586 5613 cum
1612 5559 1707 5616 tanam

200 5681 322 5746 Panna.
340 5680 482 5743 (tl-m.
1531 5678 1566 5736 tt
