3728 6000
125 245 177 301 eti
621 239 809 300 Guttttttttt
829 239 972 298 neutris
991 241 1020 298 S.
1041 240 1260 299 Tflaonotttct
1723 241 1775 299 did

126 366 287 425 currendam
321 363 394 422 viam
422 365 632 438 dispensationis
661 367 790 423 bumana
819 364 1296 438 clausisApactaeuaresolrends
1311 364 1349 420 illi
1366 365 1496 436 pemittit,
1513 365 1560 437 qui
1575 366 1774 436 eaminstltuit,

124 464 229 512 natura
250 455 343 524 ianuis
356 456 504 526 processit.
520 455 603 520 Quod
625 457 649 510 si
673 471 774 525 corpus
791 453 857 510 illud
877 453 924 508 in·
979 465 1005 512 et
1023 458 1209 521 ordinatum
1234 455 1317 510 debet
1338 455 1422 511 videri
1444 471 1535 511 errare
1558 457 1600 511 rel
1617 456 1726 513 deviare
1739 457 1775 512 ab

124 553 197 601 trare
225 548 252 600 ει
273 544 350 599 exire
369 561 419 614 per
447 545 539 600 clauso
566 547 688 616 potuisse
718 544 801 599 virtus
824 550 920 598 aucto·
976 545 1070 601 ordine
1090 561 1150 615 suo,
1167 544 1286 599 maxime
1310 543 1336 598 in
1359 544 1528 613 illanatura,
1545 562 1604 616 quaa
1629 547 1655 599 in
1677 546 1775 602 virtute

123 633 161 687 ris
175 640 203 690 et
223 633 310 702 pietas
333 632 396 688 fidei
425 632 487 689 iecit
503 650 562 690 esse
590 632 720 690 credibile
737 648 744 700 ;
761 632 812 688 alie
840 633 921 687 etiam
975 650 1102 705 persona
1125 635 1270 703 conjuncta
1290 640 1332 687 est
1357 633 1397 687 illi
1422 634 1519 703 l'erbo,
1536 650 1585 705 per
1606 635 1679 704 quod
1702 635 1776 691 lecta

127 738 188 794 quae
214 730 313 792 praeter
336 731 459 777 naturam
487 739 632 794 corporum
660 729 731 791 sunt,
750 737 829 790 posse
857 736 921 776 cor·
976 724 1119 779 estomnis
1134 724 1206 778 sacta
1230 730 1337 790 natura,
1354 729 1380 777 et
1393 730 1488 792 practer
1503 723 1573 792 quod
1599 739 1654 777 non
1684 732 1776 794 posset

127 827 180 882 pus
194 810 261 867 illud
275 811 318 866 rel
341 812 473 881 potuisse,
489 828 541 866 non
566 812 645 867 vitleo
661 811 723 882 quid
748 809 836 865 lacere
855 825 921 881 pos·
975 811 1066 881 aliquo
1086 812 1169 867 modo
1194 827 1265 877 csse,
1288 810 1351 876 nisi,
1368 811 1439 866 sicut
1462 810 1528 866 dicit
1547 811 1728 885 evangelista,
1745 813 1773 867 in

125 901 160 956 sit
187 898 358 956 incredibile.
374 900 443 954 Nam
470 907 496 955 ct
517 900 627 971 spiritus
652 908 754 966 noster,
775 899 802 953 in
818 900 921 970 quoad
975 898 1034 970 ipso
1049 899 1102 955 vita
1117 903 1189 955 esset
1204 901 1296 970 (loon.
1312 900 1342 968 ι).
1364 899 1393 955 Si
1408 907 1498 954 tamen
1522 901 1678 972 cogitemus
1699 899 1773 955 illam

124 988 271 1061 imaginem
296 989 345 1043 Dei
360 989 461 1044 conditi
478 1005 581 1055 sumus,
597 1005 660 1044 cum
681 987 832 1044 secundum
849 988 920 1042 ima·
975 1004 1097 1059 personae
1110 990 1255 1053 unitatem,
1273 1005 1326 1057 qua
1352 988 1442 1044 «licet
1463 989 1535 1044 Deus
1556 989 1589 1043 sit
1614 997 1641 1044 et
1665 989 1770 1057 homo;

121 1080 216 1151 ginem
245 1077 305 1147 ejus
328 1077 373 1149 qui
397 1078 500 1133 creavit
528 1094 590 1134 eum
617 1080 644 1132 in
673 1093 760 1148 regno
789 1076 920 1132 machinae
974 1093 1030 1133 non
1052 1077 1110 1132 duo
1130 1085 1222 1132 tamen
1237 1077 1285 1132 sed
1310 1093 1380 1132 unus
1403 1082 1445 1132 est
1473 1078 1594 1134 Cltristus
1611 1078 1678 1148 (id),
1697 1099 1708 1126 t
1726 1093 1772 1133 se-

119 1166 285 1236 corporalis,
312 1166 353 1220 cui
382 1172 491 1236 praeest,
523 1165 566 1221 sic
593 1164 796 1235 quodammodo
816 1181 846 1218 se
869 1166 920 1219 lia·
975 1165 1194 1238 eundumquum
1210 1166 1268 1238 ipse
1286 1165 1442 1222 Dominus:
1467 1167 1592 1234 «Neruo,
1609 1165 1706 1237 iuquit,
1722 1180 1772 1220 as-

118 1253 192 1321 beat,
223 1253 360 1324 quomodo
391 1255 500 1310 Creator
527 1254 554 1308 in
583 1269 669 1326 reguo
701 1261 824 1310 creature
852 1269 918 1321 suae,
974 1254 1067 1311 cendit
1089 1257 1119 1310 in
1133 1255 1244 1321 coelum,
1260 1255 1311 1309 nisi
1326 1255 1371 1326 qui
1387 1256 1525 1310 descendit
1539 1255 1572 1310 de
1591 1254 1671 1321 coelo,
1688 1254 1773 1310 Filius

118 1351 147 1399 ut
170 1341 243 1398 sicut
263 1342 309 1397 ille
331 1342 432 1414 ubique
451 1344 572 1399 locorum
596 1350 647 1411 est,
662 1346 689 1398 et
718 1347 788 1397 totus
817 1343 921 1414 est‚sic
974 1343 1104 1413 hominis,
1133 1345 1179 1416 qui
1209 1352 1249 1400 est
1276 1344 1304 1399 in
1327 1343 1397 1400 coelo
1425 1345 1516 1415 (loce.
1547 1346 1613 1415 nt);
1641 1368 1652 1393 i
1683 1351 1710 1400 et
1738 1343 1774 1398 de

118 1432 170 1488 iste
186 1432 214 1486 in
228 1439 286 1487 toto
301 1447 415 1502 corpore
428 1447 477 1488 auo
494 1433 537 1498 sit,
557 1439 584 1487 et
598 1431 701 1501 ubique
712 1435 783 1487 totus
798 1432 841 1497 sit,
858 1431 921 1487 lieet
975 1447 1027 1503 qua
1041 1432 1195 1503 Apostolus.
1213 1455 1224 1480 t
1243 1432 1281 1500 si,
1298 1433 1395 1504 inquit,
1413 1433 1618 1505 cognovissent,
1635 1448 1772 1504 nunquam

50 1564 53 1569 .
119 1521 189 1576 ratio
204 1521 322 1575 humana
334 1537 387 1575 non
400 1522 616 1590 comprehendat
627 1522 736 1577 modurn
747 1537 801 1592 quo
816 1521 842 1575 id
853 1520 918 1576 liat:
973 1520 1117 1576 Dominum
1139 1521 1234 1593 gloriae
1256 1520 1458 1577 crucifixissent
1482 1522 1509 1593 (I
1530 1523 1590 1578 Cor.
1615 1538 1634 1576 tt
1651 1536 1657 1576 :
1675 1544 1687 1570 t
1712 1536 1773 1577 cum

122 1624 170 1666 eur
193 1608 303 1665 dilticile
329 1610 464 1666 videbitur
487 1619 610 1667 naturam
630 1611 717 1664 (earnis
742 1610 779 1663 illi
808 1625 919 1666 summae
973 1611 1055 1665 homo
1069 1611 1199 1678 Clrristus,
1216 1620 1347 1682 quantum
1372 1611 1398 1664 in
1412 1627 1468 1666 suae
1482 1611 1649 1682 proprietate
1668 1617 1774 1666 uaturoe

122 1706 228 1754 natura
255 1699 295 1755 sic
317 1699 428 1765 unitam,
445 1707 473 1754 ut
496 1700 554 1769 ejus
575 1700 644 1754 iacta
665 1700 720 1753 sint
743 1698 843 1765 omnia,
859 1714 919 1767 quae
933 1723 960 1784 Β
973 1698 1117 1753 Dominum
1133 1698 1226 1771 glorias
1245 1698 1368 1771 cruciligi
1391 1699 1520 1770 possibile
1544 1699 1628 1754 fuerit
1644 1714 1651 1767 ;
1680 1699 1710 1766 si,
1729 1699 1773 1754 in·

122 1787 196 1843 illius
210 1795 281 1853 sunt,
298 1789 420 1843 maxime
440 1793 502 1860 post
517 1788 722 1843 resurrectionis
737 1786 919 1859 glorificatio·
974 1805 1067 1859 quam,
1083 1790 1154 1844 benc
1170 1805 1293 1859 personae
1314 1789 1465 1862 cogitemus
1481 1789 1608 1844 unitatem
1623 1789 1771 1845 secundum

122 1876 229 1932 nemin
249 1876 343 1931 divina
367 1878 491 1946 potentia
512 1884 646 1947 posse,ut
672 1876 700 1930 iu
723 1876 920 1932 dirersislocis
974 1878 1211 1949 perticipationem
1235 1879 1361 1933 hnmanae
1384 1894 1444 1933 curu
1473 1877 1532 1933 Deo
1558 1886 1672 1944 natura,
1689 1882 1717 1933 ει
1745 1876 1774 1932 in

121 1965 166 2035 sit,
182 1980 236 2020 non
251 1965 359 2022 diverso
374 1974 495 2036 tempore
509 1968 523 2020 ‘t
544 1967 624 2032 Nam,
640 1973 668 2021 ut
692 1965 729 2020 ait
753 1965 918 2035 Apostolus,
974 1965 1053 2034 eoelo,
1069 1973 1095 2020 et
1111 1966 1137 2020 in
1153 1973 1239 2033 terra,
1255 1973 1282 2021 et
1303 1967 1413 2038 ubique,
1430 1969 1513 2021 etiam
1528 1975 1591 2021 ante
1608 1972 1774 2036 conceptura

123 2078 136 2104 r
150 2053 201 2112 etsi
211 2054 359 2110 crucifixus
369 2064 410 2110 est
420 2072 455 2110 ex
465 2053 620 2110 infirmitate
632 2073 639 2118 ;
656 2055 722 2111 sitit
734 2077 745 2102 t
757 2062 848 2109 tamen
863 2070 919 2109 aex
975 2052 1097 2126 Virginis
1112 2062 1138 2110 ει
1153 2053 1239 2110 tuisse
1254 2063 1280 2110 et
1302 2071 1364 2110 esse
1378 2055 1531 2110 credendus
1543 2059 1584 2109 est
1598 2056 1680 2110 homo
1693 2054 1773 2110 Cbri-

120 2144 219 2200 virtute
235 2144 285 2199 Dei
299 2144 337 2214 (ll
346 2144 406 2201 Cer.
426 2146 495 2213 xiii).
514 2168 525 2193 t
546 2144 619 2200 Licet
643 2144 714 2200 enim
740 2143 874 2215 dignioris
889 2147 919 2198 et
973 2150 1049 2211 stus;
1071 2143 1300 2214 quemadmodum
1315 2144 1464 2199 secuudum
1484 2144 1719 2216 perticipationem
1735 2143 1776 2198 di·

120 2232 271 2289 subtilioris
285 2241 390 2289 naturae
406 2234 532 2305 spiritum
547 2233 708 2288 rationalem
729 2241 834 2287 constet
849 2247 916 2301 esse,
973 2232 1046 2287 sinte
1073 2248 1134 2286 eum
1150 2233 1259 2286 homine
1284 2240 1387 2287 naturae
1403 2233 1497 2303 procul
1516 2232 1599 2286 dubio
1622 2231 1696 2286 Deus
1711 2246 1774 2287 cre·

121 2337 204 2395 quam
227 2321 480 2394 quolibetcorpns;
509 2322 575 2377 illud
602 2330 693 2377 tamen
719 2336 820 2391 corpus
847 2321 917 2391 qnod
972 2319 1079 2374 dendus
1106 2329 1148 2375 εει
1176 2329 1202 2375 ει
1229 2318 1381 2376 crucifixus.
1420 2320 1572 2376 Secundum
1602 2321 1671 2374 hane
1699 2321 1771 2376 enim

121 2426 316 2482 superomnes
334 2411 418 2467 coelos
440 2411 467 2465 in
496 2426 541 2479 eo,
567 2412 613 2482 qui
641 2426 722 2482 supra
748 2408 839 2464 omnia
868 2419 917 2477 est,
972 2409 1106 2463 unitatem
1132 2425 1186 2464 uno
1204 2419 1342 2464 momento
1363 2409 1487 2464 Christus
1510 2409 1642 2464 Dominus
1663 2424 1726 2463 cum
1744 2409 1774 2462 in

121 2501 220 2556 memit
233 2500 356 2569 exaltari,
373 2500 493 2572 dignius,
511 2508 538 2555 et
558 2498 698 2555 adomnia
714 2498 917 2570 quaet'oluerit,
974 2496 1103 2568 sepulcro
1119 2498 1234 2569 quierit,
1254 2507 1279 2553 et
1303 2499 1329 2552 in
1352 2499 1423 2553 roelo
1442 2498 1509 2552 etin
1531 2507 1616 2564 terra,
1633 2506 1658 2552 et
1672 2496 1772 2568 ubique

122 2589 250 2644 subtilius
272 2593 299 2645 et
320 2588 458 2645 efficacius
472 2597 537 2661 puto
559 2605 632 2659 esse,
649 2604 730 2658 quam
754 2589 809 2642 sint
824 2588 917 2660 aliqui,
974 2585 1024 2642 luit
1040 2586 1088 2641 sed
1107 2587 1254 2641 secundum
1270 2587 1440 2641 divinitatem
1464 2586 1570 2655 solam;
1591 2585 1686 2640 eodem
1698 2592 1771 2640 tem-

121 2694 176 2733 non
205 2677 294 2733 solum
320 2678 464 2733 interiores
490 2678 611 2750 spiritus,
638 2678 689 2733 sed
713 2677 795 2732 etiam
823 2693 919 2733 omnes
973 2675 1046 2747 poris
1070 2684 1207 2731 momento
1232 2677 1259 2730 iu
1284 2677 1408 2747 sepulcro
1432 2676 1544 2746 quierit,
1569 2674 1616 2728 sed
1639 2674 1666 2728 in
1689 2689 1770 2730 carne

121 2766 171 2834 illi,
187 2766 232 2839 qui
249 2767 383 2822 coelorum
398 2769 510 2822 nomine
526 2771 685 2821 meruerunt
699 2766 919 2837 appellariNum
973 2763 1032 2818 sola
1048 2783 1055 2831 ;
1071 2765 1167 2819 eodem
1184 2771 1306 2835 tempere
1320 2770 1381 2818 erut
1395 2764 1421 2818 in
1437 2763 1547 2818 inferno
1560 2777 1625 2817 suos
1640 2762 1769 2830 liberans,

121 2855 243 2928 quamuis
261 2857 342 2911 etiam
364 2856 517 2927 corporalis
531 2855 592 2925 ejus
614 2855 740 2919 elevatio,
758 2871 809 2926 que
834 2870 920 2926 super
973 2852 1022 2907 sed
1045 2853 1072 2906 in
1096 2852 1185 2908 anima
1208 2854 1287 2919 sola3
1310 2853 1406 2908 eodeni
1435 2861 1559 2922 tempore
1587 2852 1615 2905 in
1641 2851 1711 2907 eoelo
1736 2852 1771 2907 ad

120 2944 205 2999 coelos
218 2944 326 3001 elevata
341 2953 382 3001 est
396 2944 442 2998 ille
463 2954 566 3008 nature,
583 2944 678 3014 procul
702 2942 787 2999 dubio
807 2943 840 2997 sit
856 2959 919 2997 cre·
973 2940 1118 2996 dexteram
1135 2941 1220 2996 Patris
1236 2941 1358 3009 sedebat,
1375 2941 1466 2997 sedin
1485 2941 1591 2996 Deitate
1605 2941 1664 2994 sola
1680 2957 1686 2994 :
1703 2948 1730 2995 et
1749 2941 1771 2995 si

120 3029 228 3098 dende;
244 3039 337 3088 tamen
353 3033 495 3101 exaltatio,
507 3049 559 3105 que
574 3033 691 3088 exaltata
702 3032 823 3088 creditur
838 3047 920 3102 super
972 3029 1006 3084 de
1031 3030 1150 3101 quolibet
1173 3032 1271 3085 horum
1287 3031 1466 3102 requiramus,
1494 3030 1613 3085 Christus
1635 3029 1771 3084 Dominus

120 3121 205 3177 coelos
232 3122 371 3190 cielemm,
396 3122 435 3178 sic
459 3122 598 3177 uerissime
621 3120 799 3194 intelligenda
823 3128 864 3176 est
888 3129 916 3174 ut
933 3077 1052 3188 Opiane
1067 3119 1278 3190 respondendus
1289 3127 1331 3174 est
1346 3118 1459 3187 lecisse;
1476 3119 1524 3174 sed
1539 3118 1692 3173 secundum
1706 3133 1770 3188 pre·

119 3209 265 3280 dignitate,
280 3220 306 3266 et
322 3211 418 3285 gloria,
435 3219 461 3267 et
474 3218 607 3282 potestate
624 3211 812 3281 superomnia
828 3210 915 3264 ciale·
969 3206 1115 3277 prietatem
1130 3209 1263 3280 cujusque
1279 3209 1448 3265 substantiae.

118 3298 168 3353 etia
183 3299 307 3355 credatur
321 3299 481 3370 glorificata.
502 3299 632 3355 Consedit
647 3299 728 3365 enim,
745 3307 774 3353 ut
796 3301 915 3368 ilposto-
1006 3295 1059 3351 Sed
1084 3297 1118 3351 de
1145 3299 1194 3352 bac
1215 3298 1337 3367 corporis
1352 3300 1409 3366 ejus
1432 3297 1577 3368 praesentia
1604 3313 1658 3354 non
1687 3297 1772 3354 modo

117 3386 160 3442 lus
175 3387 224 3453 ait,
244 3410 255 3436 a
273 3389 306 3444 ad
322 3389 464 3444 dexteram
480 3388 630 3458 mejestatis
644 3389 671 3443 in
687 3388 823 3442 excelsis:
840 3392 915 3442 tento
969 3386 1067 3457 agitur.
1080 3386 1233 3441 Secundum
1255 3402 1319 3442 vero
1335 3387 1418 3456 illam,
1431 3387 1465 3441 de
1482 3402 1535 3456 qua
1550 3403 1635 3459 agere
1646 3401 1772 3457 coepera·

117 3476 216 3532 melior
232 3478 338 3547 angelis
352 3477 474 3538 effectus.
490 3487 591 3547 quanto
606 3476 774 3533 differentius
787 3493 845 3549 prae
860 3476 915 3531 illis
970 3488 1033 3528 mus
1048 3476 1126 3536 adest
1140 3491 1193 3530 uno
1218 3484 1340 3544 tempore
1358 3476 1383 3530 in
1409 3475 1523 3530 diversis
1546 3476 1614 3531 locis
1635 3476 1770 3531 Dominus

116 3581 215 3621 nomen
231 3566 399 3622 haereditavit
415 3566 506 3637 (llebr.
518 3564 649 3635 rtaQuae
663 3567 788 3635 proiecto
803 3565 915 3621 dextera
969 3565 997 3620 iu
1023 3580 1138 3634 corpore
1159 3580 1220 3630 suo,
1242 3564 1511 3635 incomprehensibili
1539 3572 1566 3620 et
1594 3565 1769 3620 inenarrabili

116 3669 170 3709 nou
186 3654 258 3708 aliud
275 3654 448 3727 intelligenda
468 3663 518 3717 est,
536 3670 617 3726 quam
634 3671 666 3710 ea
680 3671 742 3726 quse
767 3654 810 3708 illa
826 3655 915 3720 maje-
970 3654 1060 3715 modo,
1077 3661 1150 3710 certa
1167 3661 1254 3708 tamen
1269 3651 1496 3723 fide‚ubicunque
1511 3654 1597 3727 exigit
1612 3670 1655 3708 res
1670 3654 1768 3708 salutis

116 3744 174 3792 stes
197 3738 278 3793 babet
292 3739 406 3809 potiora.
431 3740 487 3793 Nec
503 3746 592 3793 tamen
614 3747 739 3792 naturam
761 3737 834 3793 illam
850 3754 913 3794 eor·
969 3741 1169 3811 humanae.Qui
1186 3742 1316 3797 tamenin
1340 3742 1557 3797 manifestatione
1577 3743 1622 3796 illa
1647 3742 1768 3813 eorporis

116 3822 191 3894 poris
207 3823 342 3878 Dominioi
355 3822 529 3895 ubiqueesse
543 3823 625 3886 dic03
641 3825 766 3893 quianee
780 3838 849 3894 opus
860 3832 911 3891 est,
967 3831 1020 3897 eui,
1036 3831 1064 3885 iu
1088 3846 1142 3903 qua
1162 3839 1225 3902 post
1245 3831 1473 3887 resurrectionem
1492 3847 1568 3885 suem
1593 3832 1716 3887 escendit
1738 3833 1768 3885 in

117 3910 171 3965 nisi
187 3910 232 3965 nbi
250 3910 315 3978 vult,
332 3919 358 3965 et
372 3911 417 3965 ubi
431 3918 504 3966 certo
517 3909 581 3966 fidei
601 3915 771 3967 sacramento
783 3912 834 3967 hoc
849 3927 915 3982 ope·
967 3920 1066 3976 eoetum
1094 3920 1121 3973 in
1148 3920 1309 3988 jubilatione
1334 3920 1489 3990 apostolice
1512 3919 1765 3991 congratulationis,

116 4005 203 4061 ratur.
211 3998 245 4053 ed
261 3998 333 4070 quod
348 4007 485 4069 assumpta
496 4008 536 4055 est
547 4006 575 4054 el
588 3997 913 4073 glorificale,mysletium
967 4017 994 4064 et
1008 4024 1075 4064 voce
1091 4009 1293 4080 tubeangelicae
1308 4008 1521 4075 testificationis,
1531 4024 1585 4064 uno
1600 4008 1691 4081 aliquo
1708 4009 1768 4064 loco

116 4086 220 4144 seilicet
235 4087 392 4142 salvationis
407 4089 541 4153 humanae,
554 4088 715 4143 Ambrosius
731 4090 804 4159 (ml
823 4109 834 4135 ι
851 4089 913 4143 Non
967 4098 1126 4162 continetur,
1157 4099 1312 4170 quicunque
1340 4097 1384 4152 illu
1408 4099 1484 4154 lopus
1513 4099 1547 4152 sit
1575 4113 1655 4170 quem
1683 4112 1766 4152 nemo

117 4176 188 4233 enim
212 4175 359 4231 secundum
376 4185 499 4231 naturam
514 4177 662 4232 divinitatis
676 4177 912 4248 interpretandum
969 4187 1032 4240 vetit
1057 4186 1248 4257 investigando
1272 4202 1408 4260 quaerere,
1422 4187 1469 4259 qui
1494 4203 1548 4241 nou
1571 4186 1626 4241 vult
1647 4202 1765 4255 errare;

116 4272 166 4333 est,
187 4265 259 4338 quod
275 4269 377 4335 praeter
390 4272 515 4321 naturam
529 4266 605 4320 ittam
620 4273 671 4321 est.
686 4266 756 4320 Nam
770 4274 796 4321 et
810 4266 834 4319 si
849 4282 912 4320 cre-
967 4274 1072 4329 tuturus
1087 4273 1124 4328 itii
1140 4274 1272 4344 usquead
1288 4282 1408 4346 tempora
1426 4275 1604 4330 restitutionis
1620 4275 1764 4336 omnium

117 4353 215 4410 damus
229 4369 246 4410 a
260 4354 366 4411 Christo
381 4370 489 4410 carnem
508 4365 673 4426 susceptam,
692 4370 745 4410 non
767 4364 855 4410 tamen
867 4353 911 4409 di·
967 4370 994 4419 ei
1012 4371 1076 4419 runc
1090 4363 1200 4417 demum
1225 4372 1364 4433 venturus,
1379 4363 1608 4435 quemadmodum
1627 4363 1702 4418 visus
1723 4365 1766 4418 est

116 4459 274 4499 scernamus
289 4453 410 4499 naturam
426 4445 506 4500 Verbi
528 4452 555 4499 et
578 4444 676 4509 earnis,
692 4444 771 4499 nobis
794 4444 910 4499 dicitur:
925 4438 951 4498 l)
965 4452 1115 4509 ascendere
1130 4453 1159 4506 in
1175 4452 1288 4509 emtum,

117 4533 145 4589 Si
166 4541 240 4589 reete
259 4530 367 4599 offeras,
394 4541 421 4588 et
445 4548 498 4588 nen
519 4540 592 4588 reete
614 4533 731 4599 dividas,
748 4533 876 4604 peccasti.
896 4558 906 4582 i

116 4622 190 4679 Deus
203 4624 277 4678 enim
301 4622 376 4677 solus
391 4622 549 4678 necessario
574 4622 674 4691 ubique
697 4630 758 4690 est;
775 4623 837 4693 quia
852 4639 914 4678 cum

115 4712 207 4768 omnia
219 4712 247 4766 in
263 4713 324 4781 ipso
339 4720 470 4778 constent,
495 4710 559 4765 niltit
574 4719 668 4783 posset
689 4727 761 4775 esse,
778 4712 823 4767 ubi
839 4712 913 4767 illum

115 4800 289 4871 contingeret
313 4801 409 4856 deesse
425 4818 431 4854 :
449 4800 565 4869 ideoque
579 4801 735 4856 substantiae
749 4802 806 4872 ejus
821 4808 847 4855 et
862 4818 914 4873 po-

113 4895 208 4952 tentia
221 4898 393 4967 praesentiam
408 4898 513 4969 ubique
531 4898 638 4967 adesse,
654 4899 809 4955 inevitabile
828 4899 915 4970 exigit

114 4993 306 5049 necessarium.
324 4993 371 5049 Sic
386 5009 453 5065 ergo
467 5003 575 5050 constat
588 4996 616 5050 in
637 4995 751 5051 diversis
776 4997 844 5052 locis
861 5013 914 5053 uno

1283 4622 1398 4681 CAPUT
1426 4625 1461 4679 11.

1019 4749 1157 4817 Quemade
1171 4751 1331 4805 necessarie
1346 4749 1426 4806 nobis
1441 4751 1478 4804 sit
1492 4747 1573 4805 mode
1588 4749 1712 4821 corperis

1223 4821 1337 4878 Deretini
1348 4821 1514 4894 ptuuserttt'e.

1005 4942 1079 4998 Sicut
1103 4942 1176 4999 enirn
1195 4942 1280 5014 exigit
1303 4944 1450 4998 necessitas
1469 4939 1562 4996 salutis
1586 4940 1724 5006 humauae,
1738 4946 1768 4992 nt

969 5031 1042 5087 adsit
1058 5032 1102 5086 ubi
1126 5048 1195 5101 opus
1209 5037 1270 5100 est;
1297 5033 1337 5088 sie
1356 5032 1438 5086 etiem
1466 5029 1562 5102 exigit,
1577 5035 1607 5084 ut
1633 5027 1673 5084 sie
1696 5026 1768 5083 adsit

113 5090 193 5148 hore
208 5100 348 5147 momento
363 5108 423 5148 esse
436 5109 516 5164 pesse
530 5109 630 5165 corpus
646 5094 747 5149 Christi
759 5113 767 5162 ς
791 5094 839 5150 sed
852 5095 914 5169 lege

114 5187 254 5244 creatricis
269 5191 383 5254 naturae,
400 5203 454 5243 uon
471 5197 580 5244 creutae.

149 5286 216 5340 Cum
236 5293 326 5340 autem
352 5292 458 5341 naturas
471 5293 572 5342 creatae
595 5294 692 5342 natura
716 5286 761 5356 sit,
777 5285 915 5343 creatricis

113 5392 218 5442 naturae
227 5384 337 5457 legibus
345 5385 374 5442 iu
381 5385 510 5444 omnibus
520 5386 652 5456 obedire;
667 5387 689 5442 si
697 5387 758 5445 haee
769 5386 915 5458 aliquando

149 5562 208 5634 (ιῖ)
230 5561 288 5619 bib.
305 5579 312 5616 t
328 5560 452 5629 luceru„
468 5579 530 5635 cap.
549 5566 575 5618 l.

968 5135 1068 5190 eorpus
1088 5121 1156 5190 ejus,
1174 5119 1243 5176 sicut
1256 5136 1324 5191 opus
1344 5127 1393 5177 est.
1407 5120 1467 5173 tem
1489 5118 1560 5173 enim
1587 5132 1641 5172 non
1656 5123 1700 5172 est
1713 5131 1767 5171 ne-

969 5210 1093 5265 cessaria
1114 5208 1193 5263 nobis
1213 5209 1259 5263 illa
1285 5212 1347 5279 ejus
1375 5207 1518 5263 manifesta
1546 5204 1768 5276 praesentisque

968 5314 1029 5355 eum
1045 5299 1201 5354 hominibus
1216 5304 1393 5353 conversatus
1414 5303 1455 5353 est
1480 5295 1613 5363 Christus,
1628 5309 1691 5350 cum
1714 5309 1769 5347 na·

967 5395 1028 5444 tura
1043 5392 1137 5443 nostre
1150 5387 1211 5457 ejus
1227 5393 1316 5442 morte
1330 5384 1489 5441 redimenda
1505 5383 1566 5450 luit,
1576 5382 1604 5438 in
1619 5396 1673 5453 qua
1688 5380 1765 5437 solus

1005 5566 1060 5637 (ιι)
1074 5565 1204 5631 Albanas,
1220 5563 1247 5618 in
1262 5561 1386 5635 symbol.
