3728 6000
62 276 115 334 869

486 279 489 291 “
507 274 695 333 EXl'OSlTlO
714 275 752 330 lN
771 272 880 330 EPIST.
904 275 948 330 ab
966 272 1171 332 lton-cta.
1193 274 1254 330 Vll.

1654 275 1707 328 6Ἱο

63 399 175 472 qrraudo
202 415 295 455 sumus
320 399 520 470 praedestinati;
536 399 598 471 quia
621 400 711 455 aversi
735 414 856 464 eramus,
871 401 900 462 Α
915 399 988 470 pium
1004 397 1038 453 ad
1053 398 1125 468 quod
1142 399 1313 464 recurrimus,
1335 399 1450 454 sormam
1466 413 1546 470 quam
1562 397 1711 469 sequimur,

62 487 860 562 quandosumusvocati;quiapeccatoreseramrrs,quando

62 595 156 634 sumus
167 576 316 650 justificati.
335 579 385 634 Pro
400 578 432 632 iis
446 579 576 634 omuibus
591 594 706 651 agamus
720 579 777 633 Deo
792 592 859 650 gra-

60 669 125 729 tias,
143 683 179 722 uc
200 668 287 722 simus
300 667 410 738 ingrati.
430 690 440 716 ι
457 666 591 736 Quoniam
616 685 650 722 ex
671 668 742 737 ipso,
759 671 787 720 ιι
811 681 860 738 per

61 755 164 827 ipsum,
178 765 203 810 et
219 756 246 810 in
264 756 323 826 ipso
339 763 402 810 suut
423 757 525 823 omnia,
549 757 601 827 ipsi
616 756 705 827 gloria
719 755 746 809 iu
761 756 860 810 saecula

60 844 240 901 saeculomm.
259 848 360 901 Amen.
381 868 393 893 υ
411 845 518 917 Religet
533 861 583 900 uos
595 845 692 917 religio
707 845 754 899 uui
768 844 861 898 omui-

59 933 165 1005 poteuti
179 933 244 988 Deo.
262 933 330 1002 Quia
345 935 416 989 iuter
430 949 547 989 mentem
566 942 696 992 uestram.
714 948 766 1004 qua
781 934 859 987 illum

58 1021 240 1095 intelligimus
256 1024 369 1087 Patrem,
395 1032 421 1078 et
437 1023 587 1083 veritatem,
608 1023 635 1076 id
651 1030 692 1077 est
715 1023 800 1076 lucem
816 1022 860 1075 in·

57 1111 201 1174 teriorem,
218 1127 267 1182 per
287 1128 368 1182 qrram
392 1128 456 1167 eum
472 1112 657 1180 intelligimus,
682 1113 754 1167 unlla
775 1112 860 1167 inter-

56 1201 146 1272 positu
162 1210 285 1256 creatura
300 1208 353 1256 est.
372 1200 464 1269 Qtrure
483 1202 570 1272 ipsam
586 1217 694 1272 urie-tue
719 1202 859 1256 venialem

58 1290 134 1343 nulle
150 1305 184 1343 ex
200 1298 278 1360 parte
291 1290 451 1345 dissimilem
468 1291 494 1344 in
509 1291 567 1361 ipso
582 1300 607 1345 et
622 1308 683 1346 eum
699 1292 758 1360 ipso
773 1307 858 1345 reue-

60 1393 164 1444 remur,
191 1395 252 1449 quae
277 1378 366 1432 lorma
388 1388 428 1433 est
442 1380 560 1434 omnium
581 1397 641 1451 quus
663 1380 698 1433 ab
717 1396 769 1435 uuo
790 1380 859 1434 lacta

58 1476 134 1531 suut,
150 1475 177 1521 ιι
190 1465 224 1520 ad
239 1483 322 1521 noum
338 1468 466 1523 nituntur.
484 1469 560 1523 Unde
583 1476 696 1539 apparet
710 1470 859 1539 spirituali-

60 1554 116 1609 bus
130 1555 238 1623 animis,
251 1573 299 1628 per
311 1558 380 1612 huuc
391 1557 502 1612 lormam
515 1557 587 1613 laeta
603 1574 666 1613 esse
681 1558 781 1624 omnia,
799 1575 860 1631 qum

60 1643 120 1698 sole
135 1645 241 1715 implet,
256 1645 328 1716 qued
346 1653 476 1714 appetunt
491 1646 590 1700 omnia.
608 1645 675 1714 Quae
691 1654 780 1701 tanuen
796 1663 859 1701 om-

914 486 1028 558 gratium
1043 503 1096 557 qua
1110 488 1328 553 reconciliamur,
1345 504 1428 543 uutrm
1443 502 1498 558 quo
1513 495 1625 541 auclore
1643 500 1712 540 con-

918 575 966 629 diti
980 592 1081 642 sumus,
1098 584 1124 630 ιι
1142 577 1345 631 similitudinum
1360 578 1432 646 ejus,
1450 592 1500 647 per
1514 591 1594 646 utiam
1607 574 1641 629 cd
1652 573 1710 627 uui·

915 671 996 718 tatem
1018 664 1208 729 reformamur,
1231 673 1258 719 et
1272 680 1366 734 pacem
1392 681 1445 734 qua
1460 663 1558 719 unitati
1586 663 1711 717 adlicere-

914 768 984 806 mus.
1001 753 1064 807 llaec
1078 760 1120 807 est
1135 769 1189 823 res,
1214 770 1267 824 qua
1282 755 1339 808 sela
1356 754 1406 807 lrni
1429 753 1572 816 debemus,
1593 751 1711 805 Triuitus

915 848 1018 906 sancta,
1037 840 1060 894 si
1081 849 1169 896 tamen
1186 859 1238 907 res,
1260 850 1287 896 et
1301 858 1354 897 non
1370 858 1458 896 rerum
1475 841 1595 895 omnium
1617 854 1709 904 cause,

917 929 939 983 si
961 937 1050 983 tamen
1071 939 1097 983 et
1117 945 1208 986 causa.
1229 931 1289 985 Non
1314 930 1385 985 euim
1411 930 1489 985 facile
1509 945 1618 990 nomen,
1639 928 1710 998 qued

916 1023 995 1072 ιιιιιι
1019 1019 1186 1074 exrellumiae
1215 1019 1367 1085 coureuiat,
1393 1017 1508 1073 inveniri
1534 1023 1632 1088 petest,
1658 1017 1712 1071 nisi

915 1107 986 1178 quod
1003 1108 1099 1161 melius
1115 1107 1152 1161 ita
1172 1108 1268 1161 dicitur
1278 1107 1394 1162 Trinitas
1409 1107 1468 1161 ltaec
1484 1123 1554 1161 uuus
1575 1106 1656 1170 Deus,
1678 1121 1711 1160 cx

915 1197 1076 1266 quoumuiu,
1088 1212 1135 1265 per
1147 1212 1227 1267 quem
1239 1197 1340 1261 omnia,
1350 1197 1376 1248 iu
1390 1211 1443 1266 quo
1454 1194 1556 1249 omnia.
1571 1194 1608 1247 ltu
1622 1195 1708 1261 Pater,

914 1292 940 1338 et
966 1285 1058 1352 Filius,
1080 1293 1105 1338 ιι
1121 1285 1236 1354 Spiritus
1262 1293 1383 1349 sanctus,
1399 1294 1425 1338 et
1449 1283 1573 1356 singulus
1593 1283 1711 1354 quisque

915 1373 1010 1428 berum
1026 1376 1107 1440 llous,
1124 1382 1148 1428 et
1161 1373 1239 1427 simul
1255 1388 1350 1427 omues
1360 1389 1429 1427 unus
1445 1374 1517 1427 Deus
1529 1390 1536 1435 ;
1549 1379 1575 1426 et
1585 1371 1709 1444 singulus

914 1461 1028 1533 quisque
1043 1462 1139 1515 ltorum
1153 1462 1233 1529 plena
1246 1462 1394 1515 substantia
1409 1471 1435 1515 et
1450 1461 1529 1514 simul
1546 1476 1644 1515 omnes
1655 1475 1709 1515 una

913 1551 1072 1605 substantia.
1091 1552 1173 1604 Pater
1185 1561 1274 1604 tamen
1290 1566 1340 1606 nce
1358 1551 1442 1604 Filius
1456 1556 1509 1614 est,
1527 1563 1576 1603 uec
1592 1548 1710 1619 Spiritus

914 1648 1037 1704 sanctus;
1051 1639 1143 1707 Filius,
1155 1655 1205 1694 nec
1222 1640 1299 1694 Pater
1309 1647 1359 1703 est,
1385 1654 1434 1693 uec
1447 1637 1563 1707 Spiritus
1579 1644 1707 1699 sauctus:

59 1732 108 1787 nia
127 1749 215 1802 neque
238 1732 361 1789 fierenta
380 1735 456 1789 Putre
484 1750 536 1804 per
564 1735 668 1802 Filium,
693 1751 782 1806 neque
802 1735 1030 1820 suisBSpiritus
1048 1744 1160 1791 sanctus
1180 1750 1229 1790 ure
1251 1737 1327 1790 Pater
1341 1744 1390 1798 est,
1418 1751 1469 1790 uec
1493 1734 1584 1789 Filius.
1606 1733 1708 1788 Eadem

59 1828 162 1884 finibus
181 1831 256 1886 salva
270 1838 371 1901 esseut,
386 1832 437 1885 uisi
454 1833 526 1886 Deus
541 1848 645 1887 summe
665 1841 747 1895 esset,
764 1834 809 1905 qui
832 1841 859 1887 et

57 1927 128 1981 nulli
143 1936 252 1992 natura,
265 1945 326 2000 quae
336 1929 370 1982 sb
386 1929 444 2000 ipso
456 1929 526 1984 boue
535 1947 596 1984 esse
606 1939 726 2001 possent,
740 1931 855 2000 inridit,

56 2034 86 2079 et
101 2025 128 2079 iu
143 2024 218 2081 bono
235 2025 295 2096 ipso
311 2027 362 2082 aliu
386 2037 515 2099 quantum
531 2028 640 2093 relleut,
657 2028 710 2082 alia
726 2039 857 2099 errantum

58 2130 184 2192 possent,
208 2131 407 2190 elmanensem,
432 2123 515 2180 dedit.
536 2125 624 2194 Quare
648 2127 735 2195 ipsum
755 2128 856 2181 donum

57 2219 112 2275 Dei
128 2235 189 2275 cum
207 2218 285 2275 l’utre
300 2228 326 2275 et
342 2220 409 2277 Filio
434 2238 512 2291 seque
534 2225 756 2280 incommutabile
767 2226 857 2281 colere

58 2326 88 2372 et
103 2323 193 2371 tenere
208 2332 258 2371 uos
272 2319 410 2383 convenit,
423 2319 723 2390 uniusquesubsteutiae
737 2322 856 2377 Trinita-

58 2423 116 2470 tem
131 2430 214 2469 uuum
226 2415 313 2470 Deum
327 2430 344 2470 a
359 2432 528 2488 quesumus,
544 2435 688 2490 perquem
707 2438 812 2482 sumus,
829 2422 857 2477 iu

56 2528 116 2585 quo
130 2527 241 2582 sumus3
258 2530 274 2568 a
289 2529 342 2587 quo
357 2515 543 2584 discessimus,
563 2515 606 2571 cui
621 2516 771 2573 dissimiles
791 2519 856 2573 sacti

912 1834 1001 1889 tribus
1015 1833 1161 1899 aeteruitcs,
1174 1833 1268 1887 eadem
1285 1833 1550 1894 incommutabilitas,
1568 1832 1706 1900 majestas,

914 1938 1047 2002 potestas.
1067 1932 1097 1984 ln
1119 1931 1197 1985 Petne
1208 1932 1304 1994 unitas,
1322 1930 1348 1983 iu
1365 1929 1432 1984 Filio
1444 1929 1594 2001 aequalitas,
1607 1929 1635 1983 in
1648 1928 1708 1999 Spi-

912 2028 963 2082 ritu
979 2037 1072 2081 sancto
1106 2028 1213 2081 unitatis
1227 2027 1597 2097 mrpuulitatisqueconnexio.
1615 2027 1707 2081 Ettria

913 2129 970 2181 hnc
985 2142 1066 2180 uuum
1087 2125 1178 2180 omniu
1195 2133 1305 2196 propter
1322 2125 1438 2187 Putrem,
1455 2125 1572 2196 aeqtralia
1596 2131 1708 2195 propter

915 2224 1023 2290 Filium,
1047 2239 1169 2278 connexa
1191 2222 1376 2293 perspiritum
1402 2231 1533 2276 sanctum.
1556 2222 1616 2276 Non
1638 2236 1707 2292 ergo

912 2320 1024 2376 confuse
1034 2321 1221 2390 accipiendum
1238 2328 1285 2385 est,
1303 2342 1314 2365 u
1332 2335 1366 2373 ex
1381 2334 1434 2390 quo
1449 2319 1550 2386 omnia,
1563 2334 1612 2388 per
1626 2333 1707 2390 quem

912 2421 1016 2484 omma,
1038 2418 1064 2471 iu
1085 2433 1139 2487 quo
1154 2417 1260 2472 omnia:
1277 2440 1288 2464 ο
1305 2432 1356 2471 ιιι
1370 2416 1421 2469 diis
1436 2415 1539 2482 multis,
1555 2414 1604 2471 sed
1621 2439 1632 2462 ι
1654 2413 1709 2484 ipsi

911 2513 997 2586 gloria
1011 2512 1039 2568 iu
1053 2513 1153 2569 saeeula
1165 2512 1338 2569 saeculorum.
1356 2513 1456 2566 amaru.
1478 2533 1489 2559 ι

56 2627 196 2678 semesa
217 2629 271 2684 quo
295 2614 387 2685 perire
401 2630 454 2669 non
477 2615 603 2685 permissi
628 2633 736 2671 sumus:
750 2616 857 2687 priuci-

54 2740 1707 2769 w

620 2879 801 2981 LlBllll
836 2880 1159 2985 SEPTIMUS.

359 3229 471 3287 CAPUT
489 3231 551 3286 ΧΗ.
870 3236 894 3300 C
909 3233 992 3305 igilur
1006 3250 1070 3290 vera
1086 3235 1312 3306 sacrillciaopcra
1327 3234 1379 3290 siut
1394 3232 1597 3300 misericordie,
1608 3235 1704 3290 sivein

96 3314 188 3372 Vsns.
199 3317 313 3385 l,2.-«
330 3315 448 3373 Obsecro
460 3319 550 3393 itaque
560 3335 617 3388 ros,
631 3320 734 3392 iratres,
746 3338 796 3393 per
804 3322 856 3377 mi·
909 3324 1056 3394 nosipsos,
1073 3339 1146 3388 nam,
1166 3325 1325 3390 «Miserere,
1347 3347 1358 3371 n
1376 3323 1472 3394 iuquit,
1498 3346 1509 3371 ι
1532 3323 1630 3378 auimre
1652 3330 1704 3378 tuae

56 3403 238 3460 sericordiam
256 3405 316 3474 Dei,
334 3407 484 3462 exhibeatis
512 3412 858 3480 corporascstralrosliam
911 3411 1021 3482 placens
1043 3413 1100 3467 Deo
1121 3415 1297 3476 (Ecclesium
1317 3435 1328 3461 ι
1351 3411 1410 3467 sire
1430 3412 1457 3465 in
1472 3411 1622 3481 proximos,
1645 3425 1707 3483 quae

57 3493 207 3561 maculem,
219 3501 351 3560 sanctam,
363 3497 419 3553 Deo
433 3498 593 3568 placentem,
608 3499 857 3555 rationabileobse·
910 3500 1060 3555 releruutur
1080 3502 1113 3555 ad
1131 3503 1329 3571 lluum‘10pera
1344 3515 1412 3556 rero
1436 3500 1629 3554 misericordiae
1650 3514 1707 3555 nou

59 3581 155 3654 quium
175 3590 306 3639 vestrum.
325 3606 336 3631 u
356 3586 454 3640 ilerum
471 3586 632 3643 sacrificium
646 3597 686 3644 est
699 3605 779 3644 omne
787 3605 857 3659 opus
910 3587 946 3643 ob
961 3587 1033 3643 aliud
1057 3587 1129 3655 ficut,
1144 3590 1195 3643 nisi
1210 3597 1269 3644 uta
1294 3589 1406 3643 miseria
1430 3588 1589 3653 liberemur,
1610 3603 1642 3644 ac
1656 3604 1707 3658 per

56 3670 162 3725 bouum
178 3671 252 3741 qued
273 3673 371 3743 agitur,
387 3686 413 3728 ut
425 3684 517 3730 sanctu
533 3677 661 3731 societate
673 3678 857 3731 iutraereamus
910 3677 963 3732 boc
977 3686 1005 3731 ut
1025 3678 1095 3733 beati
1115 3678 1300 3749 simus;quod
1316 3693 1370 3732 uon
1387 3677 1415 3731 lit
1439 3677 1491 3731 uisi
1511 3677 1583 3733 bono
1599 3676 1656 3745 illo,
1672 3676 1707 3733 dc

57 3759 127 3824 Dec,
139 3757 253 3813 relatum
269 3761 414 3817 scilicetad
427 3763 502 3817 illum
514 3762 594 3819 finem
609 3765 672 3820 boui
685 3781 738 3834 quo
749 3766 857 3821 veraci-
911 3766 1136 3836 quodiotumest:
1151 3790 1161 3814 ι
1174 3767 1237 3820 llilri
1248 3774 1338 3821 nutem
1347 3765 1708 3821 adhaerereDeobouumest

58 3854 101 3903 ter
111 3847 256 3904 beatissse
268 3850 411 3919 possimus.
424 3853 500 3908 Uude
511 3859 538 3908 et
552 3853 611 3924 ipsa
625 3853 823 3920 misericordia,
835 3854 858 3908 si
911 3855 998 3926 (Psol.
1008 3858 1091 3919 cxxii)
1103 3872 1133 3919 ς»
1152 3855 1275 3925 prolecto
1290 3853 1415 3920 efficitur,
1429 3861 1457 3908 ut
1466 3863 1520 3909 tota
1530 3853 1706 3926 congregatio

59 3951 116 3990 uou
131 3940 245 4007 propler
256 3937 342 3993 Deum
368 3939 404 4006 fit,
427 3957 480 3996 neu
496 3950 536 3996 est
553 3941 726 3998 sacrificium.
744 3941 857 3999 Sacrifi—
912 3943 1079 4013 societasque
1091 3952 1255 4013 sauctorum,
1268 3942 1425 3998 universale
1435 3942 1594 4000 sacrificium
1607 3942 1707 3998 offera-

60 4024 135 4080 cium
147 4026 222 4080 enim
241 4043 284 4081 res
297 4026 390 4083 diviua
404 4038 456 4085 est.
476 4030 552 4086 Unde
571 4033 578 4083 i
583 4048 631 4101 pse
641 4033 722 4085 homo
738 4032 787 4088 Dei
803 4048 858 4086 no·
911 4034 1019 4087 turDeo
1034 4032 1262 4102 persacerdotem
1273 4047 1414 4104 maguum,
1425 4031 1470 4104 qui
1481 4032 1560 4086 etiam
1572 4032 1704 4103 semetip-

59 4113 135 4168 miue
154 4123 330 4171 consecratus
345 4124 371 4171 et
385 4118 443 4175 Deo
463 4130 553 4188 votus,
570 4120 597 4174 iu
613 4128 741 4191 quantum
757 4122 858 4176 mundo
911 4137 970 4174 sum
986 4121 1080 4175 obtulit
1095 4121 1123 4175 in
1138 4121 1264 4191 passione
1285 4136 1334 4192 pro
1357 4119 1448 4187 uobis,
1470 4126 1498 4175 ut
1522 4119 1588 4175 tanti
1611 4120 1707 4191 capitis

59 4202 190 4272 moritur,
205 4212 234 4259 ut
247 4204 304 4261 Deo
321 4204 401 4271 vivut,
415 4206 580 4262 sucrificium
597 4217 647 4264 cst.
664 4209 857 4280 Corpusetiam
911 4224 1011 4280 corpus
1022 4224 1155 4275 essemus,
1166 4207 1314 4265 secuudum
1326 4207 1439 4263 formam
1450 4209 1522 4263 servi
1535 4222 1542 4276 ;
1553 4210 1624 4262 banc
1633 4209 1706 4264 euim

58 4299 196 4359 nostrum,
208 4307 270 4348 curn
281 4293 347 4349 illud
357 4296 720 4368 tenrporautiaccstigamus,
731 4299 860 4368 quemad·
912 4296 1020 4362 obtulit,
1037 4297 1065 4350 iu
1080 4297 1130 4353 hac
1146 4297 1256 4352 oblatus
1268 4305 1318 4364 est,
1334 4297 1395 4366 quia
1407 4297 1433 4351 iu
1446 4297 1497 4352 bac
1513 4297 1647 4350 mediator
1657 4304 1706 4361 ost,

58 4379 174 4437 modum
183 4380 324 4450 debemus,
336 4390 363 4438 et
377 4393 487 4455 propter
500 4386 585 4440 Deum
600 4385 626 4441 id
638 4386 763 4454 lecimus,
775 4387 858 4442 sacri·
913 4387 939 4441 in
952 4385 1146 4451 bucsacerdos,
1161 4386 1188 4439 in
1200 4387 1250 4440 hac
1260 4383 1435 4440 sacrificium.
1449 4406 1460 4432 ι
1475 4385 1508 4440 Ut
1519 4383 1638 4455 probetis
1646 4398 1707 4453 quc

59 4470 153 4526 licium
170 4478 219 4539 est,
239 4472 274 4527 ad
294 4473 367 4544 quod
386 4475 430 4529 luc
445 4490 497 4529 uos
512 4475 657 4544 Apostolus
673 4477 806 4531 hortatur.
828 4476 860 4530 Si
913 4475 946 4529 sit
959 4474 1084 4529 voluntas
1095 4474 1143 4528 Dei
1156 4474 1236 4538 boua,
1250 4473 1430 4543 beneplacens
1439 4479 1466 4527 et
1476 4473 1606 4542 perlecta.
1620 4494 1632 4519 ι
1645 4471 1707 4527 Tri·

59 4575 130 4632 ergo
144 4575 246 4632 corpus
263 4577 316 4632 quo
326 4562 457 4618 iuleriore
472 4569 598 4633 tauquam
616 4563 726 4632 lamule,
742 4565 786 4621 rol
796 4572 857 4618 tun·
873 4599 898 4659 D
914 4563 963 4618 bus
978 4563 1066 4618 modis
1079 4561 1243 4617 voluntatem
1255 4561 1304 4614 llei
1319 4576 1456 4614 meremur
1469 4575 1650 4632 cognoscere,
1663 4574 1709 4615 ra·

59 4664 144 4718 quam
171 4648 353 4706 instrumento
375 4651 458 4706 utitur
476 4651 576 4719 anima,
601 4668 664 4707 curn
687 4653 745 4721 ejus
767 4661 858 4708 rectus
913 4652 999 4708 cando
1013 4651 1124 4716 scilicet,
1140 4660 1167 4704 et
1181 4649 1296 4705 vivendo
1308 4649 1435 4719 quoniam
1451 4649 1509 4719 ipse
1525 4657 1567 4703 est
1579 4650 1663 4714 Deus,
1680 4653 1709 4705 ιι

60 4744 89 4793 ιι
111 4738 201 4794 bonus
224 4755 289 4795 usus
303 4740 419 4796 refertur
442 4741 476 4796 ad
501 4741 597 4808 Deum,
622 4740 785 4797 sacrificium
806 4748 857 4806 est,
913 4738 1067 4795 firmissime
1086 4738 1223 4795 credendo
1237 4737 1298 4809 quis
1312 4752 1393 4792 omne
1411 4736 1526 4792 verbum
1541 4736 1591 4792 Dei
1606 4752 1703 4792 rernm

60 4833 164 4898 quanto
180 4828 268 4901 magis
283 4828 343 4900 ipsa
362 4829 463 4893 anima,
488 4845 548 4885 cum
569 4845 598 4884 se
613 4829 699 4884 relert
711 4831 746 4884 ad
761 4831 857 4896 Derim,
913 4837 954 4884 est
968 4828 1030 4897 (uisi
1045 4829 1120 4883 enim
1132 4825 1300 4883 credideritis
1320 4841 1372 4881 nou
1389 4824 1566 4897 intelligetis),
1583 4832 1609 4879 et
1619 4824 1710 4896 ipsum

59 4923 91 4970 ut
105 4915 208 4971 amoris
221 4915 283 4986 ejus
295 4918 359 4989 igne
378 4933 508 4973 succensa
522 4917 639 4972 sormam
654 4918 857 4989 concupisceu-
912 4917 1025 4973 verbum
1047 4916 1150 4988 lleique
1169 4915 1335 4971 voluntalem
1355 4930 1403 4985 pro
1423 4913 1526 4969 viribus
1550 4912 1703 4983 implendo.

59 4999 111 5059 tire
125 5003 267 5061 saecularis
285 5006 398 5073 amittat,
414 5006 494 5078 eiquo
508 5014 634 5076 tauquam
644 5006 860 5062 incommutabili
913 5006 960 5060 Est
974 5012 1062 5059 autem
1079 5005 1202 5060 voluutas
1215 5003 1264 5059 Dei
1279 5002 1333 5058 aliu
1346 5003 1428 5069 bona,
1444 5002 1498 5055 alia
1512 5001 1705 5071 beneplacens,

60 5094 160 5150 formae
173 5093 280 5148 subdita
291 5093 460 5162 reformetur,
477 5094 539 5150 hinc
553 5096 577 5150 ei
592 5095 713 5166 placens,
730 5094 806 5165 quod
825 5111 860 5151 ex
913 5093 965 5149 alia
977 5093 1108 5163 perlecta.
1126 5092 1258 5148 Voluntas
1274 5094 1322 5146 Dei
1338 5093 1410 5146 bona
1423 5098 1474 5159 est,
1500 5107 1561 5146 cum
1576 5091 1706 5161 impletur

60 5181 261 5253 pulchritudine
280 5183 339 5252 ejus
360 5183 505 5254 acceperit,
529 5182 557 5237 lit
580 5182 855 5252 saor·ilicium·?Quod
914 5181 989 5252 quod
1008 5181 1127 5237 dieitur:
1146 5179 1391 5236 «Misericordiam
1414 5180 1477 5234 role
1492 5185 1518 5234 et
1533 5194 1586 5233 nou
1606 5177 1711 5233 sacriti-

61 5273 125 5343 ipse
140 5271 286 5343 Apostolus
296 5273 660 5344 cousequenteradjuogens,
679 5295 690 5322 ιι
704 5281 728 5328 ιι
739 5272 831 5336 nolite,
846 5294 858 5320 ι
914 5269 1061 5341 cium(Ose.
1073 5271 1123 5339 vr),
1137 5292 1148 5316 ι
1160 5268 1264 5324 scilicet
1271 5284 1334 5322 cum
1343 5267 1371 5321 in
1380 5266 1508 5338 operibus
1516 5266 1710 5322 misericordiae

59 5367 158 5441 inquit,
177 5391 189 5418 ι
209 5367 374 5425 conformari
389 5369 452 5424 buic
474 5369 582 5436 saeculo,
607 5369 654 5424 sed
674 5368 862 5425 reformamini
916 5366 1013 5422 hilares
1029 5381 1079 5421 uos
1096 5364 1256 5420 exhibemus
1270 5373 1296 5419 et
1318 5372 1461 5434 promptos
1476 5364 1505 5417 iu
1526 5362 1713 5434 corporalibus

62 5465 92 5520 iu
106 5465 229 5523 novinae
242 5481 341 5522 seusus
357 5467 452 5532 vestri,
469 5474 497 5520 ut
511 5466 633 5536 probetis
644 5483 704 5538 quae
715 5467 750 5521 sit
764 5466 862 5522 roluu·
918 5464 1065 5532 exercitiis,
1093 5464 1137 5529 iis,
1164 5478 1225 5535 quae
1253 5461 1287 5517 ad
1312 5463 1397 5517 Deum
1429 5470 1491 5516 sunt
1504 5478 1511 5524 ;
1523 5461 1715 5532 beneplacens,

61 5569 106 5619 ιιι
128 5562 278 5632 lloibeuc,
301 5570 329 5619 et
348 5562 542 5635 beneplacens,
564 5572 592 5620 et
610 5564 742 5638 perlecta.
761 5587 773 5613 ι
792 5564 859 5621 Cum
917 5563 1008 5621 cordis
1033 5559 1326 5632 munditia3parlecte‚
1351 5574 1414 5617 cum
1435 5565 1463 5615 ιι
1485 5565 1548 5616 actu
1569 5568 1596 5614 et
1614 5555 1714 5614 affectu
