3728 6000
140 200 192 259 aas
623 148 835 250 *omnesaue
852 191 998 248 narsus
1017 185 1049 248 a.
1070 186 1289 249 rnaononrcr
1705 196 1713 203 ·
1740 192 1791 252 sss

138 326 222 401 igitur
234 324 296 382 haec
315 322 407 399 gratia
427 320 579 379 communis
598 320 724 377 omnibus
737 319 805 391 (to).
821 320 902 385 Nam,
918 319 939 373 si
953 323 977 383 Α
996 318 1150 375 communia
1160 326 1224 374 sunt
1238 320 1369 377 etelectis
1384 324 1411 376 et
1421 317 1555 390 reprobis.
1577 318 1748 390 obloqueris,
1765 328 1793 375 ct

141 423 223 481 esset,
235 431 330 471 omnes
340 413 523 479 salvarentur,
548 409 619 482 quod
648 410 759 464 minime
783 408 937 464 concedes:
993 407 1156 479 sophisticus
1185 425 1223 475 es,
1252 424 1307 464 non
1336 408 1376 464 sic
1390 409 1540 481 agebamus
1562 406 1597 464 de
1615 409 1715 482 gratia.
1736 408 1792 465 Sed

139 503 259 574 alioquin
274 502 324 559 Dei
341 501 496 572 dispositio,
512 498 728 568 praedestinatio,
744 496 806 552 fidei
820 496 939 567 etipsius
993 496 1186 552 vehementior
1210 495 1325 553 efficitur
1349 497 1375 552 in
1400 497 1584 570 sequentibus.
1609 498 1679 553 Nam
1706 497 1791 555 dicit:

137 591 290 649 dilectionis
306 589 458 660 inspiratio,
475 588 621 654 falleretur,
639 586 686 641 Dei
706 586 806 640 donum
823 584 939 639 frustra·
996 605 1007 635 ι
1027 586 1092 641 Cum
1117 585 1199 657 igitur
1222 586 1355 641 Dominus
1380 596 1434 641 tam
1445 586 1539 641 electis
1567 601 1649 658 quam
1670 587 1793 657 reprobis

138 691 232 739 retur:
247 680 320 754 quod
336 680 370 734 do
386 678 445 733 Deo
458 677 568 743 sentire,
585 675 747 747 sacrilegum
767 682 821 732 est.
845 674 872 729 Si
888 690 939 728 au·
993 674 1126 729 rationem
1142 675 1250 743 tribuat,
1267 675 1374 731 etaiam
1391 675 1524 742 ostendat,
1555 692 1608 748 qua
1626 677 1792 747 pervenien-

139 780 193 828 tem
209 768 295 842 (quod
310 767 422 822 minime
437 765 543 832 credol,
555 763 735 835 respondebis
751 780 758 817 :
775 763 824 818 Est
836 781 843 829 ;
853 762 941 833 arguit
993 763 1057 818 dum
1069 764 1103 818 sit
1113 763 1146 818 ad
1163 763 1358 821 beatitudinem
1375 767 1423 819 :et
1435 765 1469 820 ad
1486 764 1555 820 banc
1574 763 1791 836 percipiendum,

140 869 166 916 te
192 859 272 923 ratio,
302 855 438 913 catholica
462 853 629 925 praedicatio,
656 851 802 907 auctoritas
818 851 939 918 Petrum,
994 868 1075 922 qiiam
1091 851 1220 908 omnibus
1231 852 1319 918 offert,
1339 852 1484 925 preceptis
1511 861 1538 908 et
1561 854 1793 910 exhortationibus

139 948 252 1005 effectus
268 960 372 1001 rerum.
391 944 457 998 liaec
484 942 556 997 enim
571 941 660 1014 gratia
687 954 825 1011 nunquam
854 939 940 992 inanis
992 940 1047 995 suis
1058 956 1108 995 nos
1120 941 1223 1013 jugiter
1237 941 1332 997 inritet
1347 960 1354 1006 ;
1371 941 1417 997 alii
1432 958 1514 1014 super
1524 943 1583 998 baec
1596 959 1657 997 eum
1669 941 1790 1009 audiunt,

138 1053 200 1095 esse
218 1042 317 1108 potest,
330 1049 391 1106 quae
401 1032 436 1087 de
450 1030 531 1087 corde
541 1030 650 1102 lapideo
664 1044 848 1085 corcarneum
865 1026 938 1094 facit,
993 1037 1020 1085 et
1034 1030 1178 1101 praeceptis
1194 1030 1392 1100 obtemperant,
1419 1030 1490 1087 bene
1514 1030 1639 1098 virendo,
1657 1041 1685 1087 ut
1700 1031 1792 1088 oblata

140 1126 175 1183 do
199 1123 311 1180 animali
338 1120 489 1194 spirituale,
505 1119 539 1175 de
554 1134 627 1175 caeco
642 1117 831 1184 illuminatum,
855 1116 890 1170 de
898 1116 939 1169 in·
993 1118 1145 1190 percipiant
1158 1118 1269 1188 premia
1286 1135 1294 1187 ;
1309 1119 1354 1174 alii
1382 1127 1567 1186 contemnunt,
1591 1127 1618 1175 et
1634 1120 1660 1174 in
1687 1136 1789 1176 suase.

140 1214 223 1270 hrmo
238 1227 346 1268 sanum.
359 1210 486 1265 Perhanc
503 1207 621 1279 Spiritus
637 1213 748 1262 sauctus
763 1220 816 1260 nou
831 1219 938 1269 omnes,
993 1214 1135 1263 manentes
1145 1205 1266 1279 ignaria,
1281 1206 1445 1264 obedientiae
1461 1208 1581 1264 laborem
1604 1206 1756 1283 refugiunt.
1777 1230 1789 1260 s

141 1302 191 1359 sed
221 1317 288 1374 quas
316 1299 382 1365 vult,
411 1298 516 1352 animas
529 1296 661 1351 inarrhat.
677 1295 753 1350 Hanc
766 1293 852 1349 solam
866 1309 939 1364 prae-
992 1295 1085 1361 Miror,
1107 1295 1133 1349 si
1161 1296 1292 1368 vigilabat
1319 1297 1364 1367 qui
1393 1296 1459 1352 talia
1496 1297 1639 1365 scribebat,
1661 1308 1715 1353 tam
1738 1297 1791 1353 sibi

141 1392 246 1449 dicator
259 1388 389 1462 egregius
402 1386 518 1459 gratiam
529 1384 650 1456 appellat
664 1401 671 1442 ;
687 1385 756 1438 hanc
770 1382 798 1437 in
813 1381 940 1453 Epistolis
993 1384 1155 1439 dissentiens
1181 1387 1215 1440 de
1229 1402 1259 1439 re
1274 1384 1370 1440 eadem
1386 1402 1456 1457 pene
1479 1386 1539 1443 locu
1555 1386 1662 1442 eodem.
1679 1386 1720 1441 En
1735 1402 1790 1459 quo

143 1479 212 1545 sois,
224 1484 254 1535 et
269 1478 387 1533 maxime
398 1477 425 1530 in
441 1491 473 1530 ea
486 1490 547 1546 quae
562 1481 603 1528 est
617 1474 651 1526 ad
679 1472 825 1541 Romanos,
840 1470 938 1525 defen·
993 1472 1098 1527 salidus
1110 1472 1293 1539 concionator,
1309 1481 1335 1528 et
1343 1474 1448 1530 divinae
1457 1476 1554 1547 gratiae
1563 1473 1701 1540 defensor,
1713 1475 1791 1530 citius

141 1569 180 1625 dit
193 1576 221 1625 ct
234 1566 374 1640 praedicat.
391 1566 443 1620 Per
452 1566 524 1619 hanc
534 1564 567 1617 do
582 1561 742 1631 blasphemo
769 1568 795 1615 et
811 1574 937 1630 persecu·
993 1577 1072 1633 quam
1087 1562 1244 1633 sperabam,
1262 1562 1380 1629 evanuit,
1395 1572 1422 1618 et
1436 1571 1590 1635 contempto
1599 1563 1792 1633 disputationis

143 1667 201 1715 tore
216 1665 244 1713 et
265 1656 407 1726 injurioso,
428 1651 572 1724 benignus,
590 1649 671 1714 mitis,
700 1647 850 1719 discipulus
870 1644 937 1702 effe·
956 1650 1093 1737 Bordine
1107 1650 1237 1722 legitimo,
1250 1650 1325 1705 tritas
1341 1650 1482 1707 familiaris
1496 1668 1552 1708 suae
1579 1652 1691 1708 semitas
1714 1653 1793 1709 dese·

141 1755 199 1803 ctus
212 1755 263 1813 est,
279 1743 313 1799 de
327 1743 391 1813 lupo
406 1756 505 1811 agnus,
528 1739 562 1793 de
578 1737 660 1794 Saulo
675 1737 790 1793 Paulus.
801 1737 853 1791 Per
872 1738 940 1791 hanc
997 1738 1061 1794 ruit.
1077 1739 1282 1811 Ponitnamque
1297 1748 1354 1794 rete
1365 1740 1511 1806 mendacii,
1528 1740 1591 1795 dum
1609 1741 1705 1795 usserit
1719 1740 1793 1812 quod

139 1841 220 1893 ¹fletis
250 1839 327 1889 vocat
353 1829 485 1901 quosdam
507 1828 608 1884 electos
635 1835 698 1881 ante
720 1823 940 1882 constitutionem
996 1828 1030 1882 ad
1044 1827 1252 1899 percipiendam
1267 1827 1471 1900 beatitudiuem,
1492 1845 1571 1899 qaam
1584 1828 1734 1885 secundum
1762 1845 1793 1886 se

143 1922 248 1988 mundi,
263 1936 378 1993 quoram
390 1925 482 1975 certus
497 1924 537 1971 est
551 1930 691 1980 uumerus,
709 1914 755 1984 qui
778 1913 872 1985 perire
886 1928 941 1968 aon
995 1914 1072 1972 offert
1085 1917 1211 1971 omnibus
1225 1917 1310 1983 Deus,
1327 1918 1471 1990 praeceptis
1496 1925 1523 1974 et
1546 1916 1793 1979 exlrortationibus,

140 2019 264 2086 possunt,
293 2008 366 2079 quod
389 2021 442 2062 non
466 2022 500 2062 ex
513 2005 588 2076 ipsis,
604 2005 652 2059 sed
669 2020 703 2059 ex
720 2005 777 2058 Deo
796 2010 837 2057 est
852 2016 859 2071 ;
877 2002 942 2073 quia
995 2021 1090 2062 omnes
1104 2004 1209 2062 invitet,

141 2101 278 2174 praescivit
300 2096 375 2162 illos,
405 2103 432 2151 et
453 2093 661 2166 praedestinavit
688 2090 843 2148 conformes
883 2088 941 2144 lieri
1031 2094 1152 2149 Transeo
1167 2093 1201 2149 de
1214 2095 1308 2166 pueris
1322 2111 1417 2151 recens
1430 2094 1511 2162 natis,
1535 2102 1588 2150 tam
1609 2095 1643 2151 de
1667 2095 1794 2168 gentibus

142 2187 271 2262 imaginis
280 2185 340 2241 Filii
355 2184 407 2251 sui,
426 2191 453 2239 ut
465 2183 499 2237 sit
516 2183 575 2253 ipse
588 2180 784 2253 primogenitus
808 2179 834 2233 in
850 2176 942 2232 multis
995 2182 1794 2256 quamderristianisparentibusprocreatis‚noubaptiza-

141 2276 285 2333 fratribus.
296 2273 418 2329 Alteram
433 2287 488 2327 non
508 2271 583 2325 norit
610 2270 719 2336 Paulus,
748 2269 782 2322 de
806 2266 859 2322 alia
887 2281 942 2321 non
996 2271 1040 2336 tia,
1055 2279 1081 2326 et
1097 2280 1185 2328 morte
1199 2272 1347 2343 praeventis
1360 2290 1367 2335 ;
1378 2281 1486 2327 transeo
1497 2272 1531 2328 de
1547 2272 1794 2345 pluribusinptmr.

31 2376 38 2391 '
141 2366 263 2437 disputat
285 2362 465 2435 Augustinus.
493 2360 567 2415 Licet
591 2375 623 2413 ex
642 2358 715 2413 dono
731 2357 780 2412 Dei
795 2357 839 2421 sit,
870 2354 941 2426 qarod
995 2358 1047 2414 bus
1056 2359 1122 2414 locis
1138 2377 1208 2416 rrunc
1218 2361 1390 2432 degentibus,
1400 2361 1443 2431 qui
1458 2360 1680 2433 praedicationem
1692 2361 1793 2417 Christi

142 2469 246 2519 sumus,
275 2450 348 2522 quod
375 2449 501 2514 vivimus,
523 2448 578 2502 imo
608 2445 738 2518 quidquid
757 2445 784 2499 in
811 2443 890 2501 nobis
915 2452 941 2499 et
994 2463 1049 2502 non
1064 2447 1217 2514 audierunt,
1233 2450 1296 2504 sine
1311 2465 1365 2520 qua
1380 2465 1460 2504 nemo
1475 2456 1562 2520 potest
1585 2450 1730 2520 pervenire
1758 2451 1792 2506 ad

140 2544 171 2600 in
200 2541 277 2599 omni
293 2546 419 2595 ereatura
431 2545 482 2593 est.
499 2535 578 2606 Quod
600 2536 672 2591 enim
700 2534 789 2590 omnis
814 2542 942 2590 creatura
995 2552 1087 2594 reram
1098 2536 1301 2593 beatitudinem.
1314 2538 1485 2610 Respondeat
1493 2537 1516 2592 si
1526 2543 1615 2609 potest
1625 2538 1793 2610 degentibus

141 2639 194 2701 est,
210 2638 236 2686 et
246 2626 377 2700 quidquid
392 2626 456 2682 boni
466 2625 494 2680 in
508 2640 539 2680 ea
554 2628 607 2693 est,
625 2640 659 2679 ex
682 2624 755 2678 douo
769 2622 829 2688 Dei,
850 2621 878 2676 id
902 2629 941 2676 est
994 2624 1143 2680 innumeris
1158 2626 1531 2682 anteSalratorisadventnm
1556 2643 1626 2698 pene
1654 2633 1710 2683 toto
1725 2627 1792 2683 orbe

141 2738 175 2778 ex
190 2719 311 2775 bonitate
326 2715 387 2785 ejus
399 2722 452 2771 est.
473 2714 527 2770 Sed
537 2713 601 2783 quio
617 2711 807 2784 Pelagianistee
824 2711 941 2766 lraeretici
994 2714 1077 2770 cultui
1092 2713 1253 2770 idololatriae
1268 2714 1366 2770 deditis
1383 2725 1483 2771 :notus
1504 2716 1576 2771 euim
1602 2723 1703 2770 tantum
1733 2724 1793 2771 erat

142 2814 345 2881 oppugnatores
359 2804 458 2859 divinae
473 2803 567 2874 gratias
591 2800 625 2856 ad
654 2803 712 2857 haec
738 2799 941 2872 confugiebant,
994 2802 1022 2857 in
1043 2802 1137 2859 Judaea
1166 2802 1341 2874 Deus(f'saf.
1357 2806 1449 2875 cxxv).
1466 2804 1528 2871 Cur,
1552 2804 1619 2858 sicut
1647 2803 1744 2877 legitur
1764 2804 1791 2859 in

141 2906 169 2955 ct
183 2894 350 2970 quodmodo
364 2907 448 2964 supra
462 2890 536 2946 dicto
550 2906 641 2945 rorum
671 2896 723 2953 est,
740 2889 813 2944 dona
835 2896 939 2943 naturae
995 2891 1068 2946 Actis
1083 2892 1277 2960 apostolorum,
1295 2894 1418 2963 permisit
1439 2893 1500 2948 illas
1515 2894 1585 2948 Dens
1609 2893 1714 2966 ingredi
1735 2892 1793 2949 rias

142 2984 318 3058 licigratiam
343 2981 485 3047 uocabant,
515 2978 597 3047 bene,
627 2977 772 3044 subtiliter,
801 2977 902 3031 utiliter
926 2992 941 3030 a
971 2980 1239 3061 ¹suas(1let.xrr);
1256 2981 1460 3052 quasidiceret,
1476 2982 1792 3049 riaseurum,nonvias

142 3072 283 3133 catholicis
304 3069 495 3127 tractatoribus
524 3067 682 3122 distinctum
708 3075 747 3120 est
773 3064 842 3121 inter
869 3065 941 3121 dona
957 3041 1182 3124 hmandarorum
1203 3069 1264 3135 bei,
1280 3086 1313 3125 ne
1335 3069 1511 3140 pervenirent
1539 3069 1573 3125 ad
1599 3070 1791 3138 salntem,nisi

143 3170 248 3221 naturae
257 3169 284 3217 et
293 3160 364 3216 dona
379 3159 477 3232 gratiae
492 3175 500 3222 ;
516 3157 579 3227 quia
592 3157 666 3211 doun
676 3155 940 3210 naturaeeommunia
994 3157 1109 3225 occulto,
1133 3157 1181 3214 sed
1195 3174 1333 3228 nonquam
1359 3158 1463 3228 iniusto
1475 3158 1578 3228 judicio
1592 3159 1607 3214 i
1620 3159 1714 3231 quaerit
1732 3158 1791 3228 jam

142 3260 206 3309 sunt
217 3256 245 3308 et
259 3249 355 3306 electis
369 3255 396 3304 et
405 3245 546 3319 reprobis:
562 3246 634 3301 dona
646 3259 712 3301 vero
727 3244 825 3315 gratias
852 3243 939 3299 omni·
994 3261 1066 3302 nunc
1077 3247 1141 3318 quia
1156 3246 1196 3302 sic
1208 3247 1299 3318 placet
1313 3248 1348 3314 ei,
1365 3246 1412 3319 qui
1431 3246 1609 3319 philosophiae
1632 3247 1722 3318 abyssi
1733 3264 1789 3320 pu-

141 3339 309 3407 buselectis,
324 3336 449 3409 reprobis
462 3334 555 3391 nullis.
571 3334 670 3405 Sicque
697 3333 814 3405 gratiam
847 3331 938 3389 eccle·
993 3343 1053 3392 teos
1069 3335 1201 3403 exhausit,
1223 3343 1251 3391 et
1265 3336 1350 3391 modo
1374 3351 1429 3392 non
1456 3336 1589 3391 audiens:
1604 3360 1615 3385 a
1633 3336 1736 3392 altiora
1763 3344 1791 3394 te

140 3431 258 3489 siastiear
273 3424 476 3485 consuetudinis
490 3440 539 3478 usu
554 3429 718 3479 rocaverunt
739 3421 810 3476 illius
829 3421 939 3477 electio-
993 3440 1027 3479 ne
1059 3423 1210 3494 quaesieris,
1233 3432 1260 3479 et
1292 3426 1395 3492 majora
1429 3432 1453 3480 te
1484 3441 1518 3480 ue
1538 3432 1674 3482 scrutatus
1705 3424 1792 3482 fueris

140 3519 185 3577 nis
206 3516 341 3585 effectum,
365 3530 414 3587 per
427 3529 488 3584 quae
503 3511 549 3569 ille
575 3513 621 3584 qui
647 3511 730 3567 babet
758 3509 938 3567 renhlabrum
993 3512 1088 3583 (Ecati.
1102 3514 1152 3584 ιιι),
1168 3512 1357 3569 inscrutabilia
1368 3513 1416 3569 Dei
1422 3512 1525 3583 judicia
1541 3515 1702 3572 temerarius
1712 3515 1792 3572 iure·

140 3609 169 3664 in
184 3622 267 3662 manu
281 3620 341 3670 sua,
355 3611 382 3658 et
396 3609 494 3674 purgat
507 3616 600 3656 aream
615 3616 702 3666 suam,
726 3607 836 3669 separat
849 3613 937 3671 grana
992 3600 1107 3672 stigstor
1121 3617 1181 3657 cum
1193 3601 1344 3673 Porphyrio
1355 3600 1520 3674 philosopho
1532 3620 1539 3668 ;
1551 3605 1656 3675 qtraerit,
1666 3604 1790 3675 inquam,

140 3695 268 3767 speleis,
285 3701 313 3748 et
326 3707 358 3748 ca
374 3691 455 3745 mittit
468 3690 495 3743 in
520 3690 647 3744 horreum
670 3704 759 3742 suum.
782 3690 816 3742 Αι
843 3688 937 3742 Petrus
991 3705 1056 3746 cum
1074 3689 1185 3746 Juliano
1199 3690 1464 3763 Angustoaposteta
1486 3692 1543 3764 eqni
1558 3691 1585 3747 in
1614 3692 1790 3765 expeditione

134 3783 217 3840 -brevi
227 3788 314 3837 mutat
324 3780 417 3835 vultus
431 3793 503 3841 suos,
520 3785 547 3832 et
561 3776 597 3832 ad
611 3776 690 3831 solita
709 3775 826 3843 rediens,
856 3776 935 3831 uobis
990 3778 1248 3851 contraliraugelia
1275 3779 1374 3835 Christi
1400 3779 1486 3836 libros
1515 3780 1623 3853 scripsit
1643 3780 1728 3851 octo‚l
1742 3797 1792 3837 cur

140 3871 253 3930 efficitur
280 3868 398 3925 alienus.
423 3865 654 3936 adjuratenunc,
680 3879 785 3934 quaeso,
814 3862 933 3931 fratres;
989 3867 1064 3923 Deus
1078 3867 1304 3936 Christianorum,
1319 3868 1365 3940 qui
1379 3869 1530 3924 secundum
1546 3885 1592 3924 eos
1606 3869 1698 3924 mundi
1727 3868 1791 3925 Sal-

133 3960 220 4018 ·fortis
232 3967 282 4025 est,
297 3956 405 4013 rincula
418 3953 559 4025 dirumpit,
584 3952 743 4024 magisterio
762 3951 857 4025 fulget,
873 3969 934 4008 eum
990 3963 1067 4013 rator
1089 3964 1156 4021 erat,
1185 3957 1213 4010 in
1232 3955 1389 4012 novissimis
1409 3957 1575 4028 temporibus
1603 3965 1680 4013 ortus
1701 3966 1750 4025 est,
1762 3965 1791 4014 et

138 4050 258 4108 munere
271 4061 326 4102 nou
342 4059 465 4116 possum.
480 4043 552 4098 Dicit
566 4042 646 4097 nullis
672 4041 846 4113 interpositis,
863 4043 936 4114 quod
989 4043 1232 4101 innumerabilibus
1258 4044 1316 4114 jam
1331 4044 1464 4100 damnatis
1489 4045 1516 4100 in
1530 4045 1638 4103 inferno
1647 4054 1700 4102 tarn
1712 4045 1790 4104 tarde

132 4137 208 4195 -mihi
236 4134 332 4206 magni
352 4131 475 4188 miraculi
503 4146 547 4187 res
571 4139 621 4187 est.
638 4131 751 4202 «Ergo,
780 4130 876 4200 iuquit,
909 4137 936 4186 et
989 4132 1102 4189 salutem
1121 4140 1248 4205 operatus
1262 4141 1311 4188 est.
1337 4133 1613 4205 AudiataPropheta
1630 4154 1636 4190 :
1656 4135 1791 4192 «iudicia

138 4224 360 4300 ipsamliberum
382 4220 524 4276 arbitrium
548 4219 612 4292 quia
641 4221 742 4276 bonum
768 4227 819 4286 est,
835 4218 935 4275 diriuae
989 4221 1369 4295 Deiabyaeusmultaffmi.
1385 4224 1484 4293 xxxv).
1503 4223 1622 4278 „Audiat
1646 4224 1681 4279 ab
1709 4228 1788 4295 Apo-

138 4315 234 4388 gratiae
260 4320 302 4369 est
328 4310 430 4366 donum
454 4317 511 4390 :et
535 4308 595 4381 ipsa
623 4308 703 4376 ratio,
731 4308 758 4363 in
781 4324 835 4378 qua
844 4309 934 4380 ipsum
988 4309 1077 4366 stolo:
1097 4309 1144 4367 «0
1160 4310 1275 4367 altitudo
1287 4311 1444 4367 divitiarum
1455 4310 1598 4383 sapientiae
1625 4321 1652 4368 et
1668 4311 1789 4370 scientiae

138 4402 272 4460 consistit.
291 4422 303 4450 a
322 4400 420 4456 Verum
435 4405 486 4468 est,
502 4397 640 4454 sedaliter
662 4397 734 4470 agis.
762 4397 833 4452 Nam
852 4406 879 4452 at
905 4397 975 4477 li-,D
990 4397 1049 4465 Dei,
1069 4415 1148 4469 quam
1164 4399 1348 4456 inscrutabilia
1365 4399 1540 4470 suntJudicia
1567 4400 1637 4471 ejus,
1653 4408 1681 4456 et
1707 4400 1787 4457 inre-

130 4493 235 4550 ἑιιιιιιιιι
262 4488 417 4556 arbitrium,
447 4494 475 4543 at
501 4486 568 4542 ratio
591 4486 620 4541 in
642 4501 697 4560 qua
719 4485 786 4541 illud
799 4486 935 4554 consistit,
992 4488 1191 4563 stigabilesriae
1201 4487 1406 4560 eiust-(hom.
1419 4489 1471 4561 11.)
1480 4487 1551 4559 Quid
1562 4489 1789 4563 ergorestat,nisi

173 4682 231 4753 (ιο)
245 4680 311 4736 flac
323 4676 457 4735 sententia
471 4691 524 4733 nou
544 4682 586 4732 est
608 4675 733 4742 tenenda,
750 4689 801 4733 nec
816 4675 938 4733 Abretar-
991 4688 1081 4739 autem
1091 4679 1200 4736 illomm
1214 4679 1297 4736 rerba
1307 4678 1373 4735 alibi
1387 4680 1498 4744 adduxi,
1521 4681 1648 4738 hocloco
1676 4698 1731 4740 non
1746 4692 1789 4739 ost

138 4754 190 4811 dos
200 4752 353 4824 oppositam
375 4765 494 4820 sequens
509 4753 583 4803 recte
597 4747 623 4802 in
635 4747 688 4804 boc
712 4748 841 4821 arguitur.
857 4749 937 4805 Ratio
991 4767 1104 4808 necesse
1120 4767 1151 4806 ea
1163 4751 1278 4808 referre.
1289 4751 1354 4807 ldeo
1370 4767 1420 4807 nec
1434 4750 1597 4807 Guillelmus
1623 4755 1694 4811 hanc
1720 4771 1785 4811 sen-

160 4840 259 4895 uoque,
276 4838 355 4893 quam
380 4827 474 4877 auctor
488 4817 576 4883 offert,
599 4818 724 4874 inefficax
741 4827 783 4875 est
799 4829 826 4875 et
841 4819 935 4875 fallax.
989 4823 1098 4879 tentiam
1118 4821 1253 4877 abaelardi
1267 4822 1378 4888 notarit,
1394 4839 1474 4894 quern
1489 4834 1578 4879 tamen
1594 4825 1786 4897 Pelagianismi

138 4842 212 4951 §am
226 4910 258 4949 ex
274 4909 307 4949 eo
320 4892 394 4964 quod
409 4906 463 4946 uon
474 4891 601 4945 omnibus
614 4890 739 4961 reprobis
763 4891 860 4946 collata
875 4898 938 4945 sunt
989 4894 1137 4961 damnarit,
1153 4893 1225 4964 quod
1240 4894 1379 4949 hominem
1401 4895 1466 4948 solis
1481 4894 1584 4949 viribus
1611 4902 1718 4952 naturae
1732 4897 1786 4953 bo-

139 4967 230 5022 omnia
245 4966 318 5020 dona
334 4979 394 5034 quae
416 4962 503 5042 gratia
525 4965 635 5041 nomine
661 4960 792 5041 appellari
812 4970 934 5032 possunt,
990 4980 1058 5019 num
1069 4980 1152 5034 posse
1169 4980 1251 5046 agere
1265 4966 1389 5021 senserit.
1408 4966 1533 5021 Notanda
1546 4969 1625 5021 etiarn
1657 4969 1699 5024 hic
1713 4966 1786 5024 fraus

140 5038 214 5093 male
228 5034 311 5090 infert
326 5050 379 5088 non
393 5032 520 5087 omnibus
544 5038 656 5100 graham
671 5038 731 5085 (tarr
759 5031 934 5099 seuofferri3
990 5033 1138 5103 Abalardi,
1175 5054 1201 5089 ut
1215 5052 1276 5091 cum
1293 5036 1444 5107 Petagtanis
1457 5038 1571 5108 gratiam
1587 5037 1637 5092 Dei
1648 5038 1674 5092 iu
1690 5039 1787 5108 legeet

139 5107 260 5167 sicenim
276 5105 356 5161 etiam
382 5102 494 5158 inferret
521 5102 631 5182 nullum·
650 5102 752 5155 habere
776 5102 825 5156 Dei
852 5101 933 5167 dona,
989 5106 1017 5160 ia
1034 5105 1120 5161 libero
1135 5121 1165 5161 ar
1185 5106 1246 5161 itn'o
1256 5108 1445 5162 constituebat.
1475 5109 1598 5179 Denique
1613 5124 1647 5163 ex
1669 5119 1782 5180 utroque

139 5180 205 5261 qnia
223 5177 314 5232 nullus
329 5172 413 5256 habet
427 5173 528 5254 omnia.
542 5171 722 5254 Sufficitorgo
736 5172 852 5244 aliquam
867 5189 934 5245 gra·
988 5185 1106 5236 auctore.
1124 5177 1272 5233 Guillelmo
1285 5178 1387 5233 scihcet
1408 5185 1434 5233 et
1444 5178 1493 5233 isto
1514 5195 1650 5250 anoriymo
1678 5190 1784 5236 constat

138 5259 204 5306 ham
225 5247 352 5318 reprobis
379 5245 502 5310 concedi,
531 5260 617 5324 quasi
636 5244 706 5299 bene
729 5251 876 5311 uterentur,
900 5245 934 5299 ad
988 5248 1053 5303 illos
1077 5265 1172 5305 errare
1200 5249 1246 5318 qui
1268 5248 1442 5304 abaelardum
1470 5258 1564 5320 putant
1580 5250 1694 5306 liberum
1709 5253 1785 5309 arbi-

136 5322 268 5391 majorem
297 5326 324 5373 et
352 5318 486 5387 majorem
503 5324 635 5386 pensstrm
656 5324 891 5387 promoverentur,
908 5324 935 5371 et
989 5319 1072 5374 trium
1083 5336 1208 5392 negasse,
1217 5335 1278 5374 cum
1294 5320 1383 5393 potius
1396 5321 1430 5376 de
1445 5322 1531 5393 gratia
1559 5320 1629 5376 male
1658 5325 1784 5392 senserit,

139 5391 248 5448 tandem
267 5389 300 5444 ad
322 5388 436 5443 salutem
464 5387 648 5456 peruenirent.
671 5387 749 5441 Certe
778 5384 873 5442 Patres
896 5404 934 5443 re
988 5398 1019 5446 ut
1034 5392 1148 5446 liberum
1167 5397 1295 5446 statueret
1310 5392 1464 5458 arbitrium,
1479 5400 1507 5447 ut
1522 5407 1556 5448 ex
1567 5392 1705 5463 praedietis
1731 5410 1785 5451 au·

137 5461 234 5534 probis
242 5461 358 5544 gratiam
373 5459 526 5539 concedunt
540 5475 548 5525 3
564 5461 592 5513 et
607 5457 678 5512 inter
690 5457 741 5538 hos
755 5456 784 5512 S.
807 5458 874 5514 Pros
894 5476 932 5528 er,
988 5463 1111 5519 ctoribus
1124 5461 1234 5520 omniuo
1249 5462 1284 5519 sit
1297 5463 1479 5521 manifestum.

135 5533 186 5609 qui
213 5539 296 5590 eham
308 5530 386 5587 ittam
399 5529 531 5587 abortivis
552 5543 609 5585 noo
630 5544 728 5603 amare
742 5534 847 5587 censet.
863 5474 933 5601 duta
