3728 6000
110 250 165 307 305

449 256 656 314 DlSPU'l'dTlO
673 258 809 314 ALTERA
828 257 1016 318 ADVERSUS
1030 263 1257 323 tentantium
1273 298 1308 309 —
1323 269 1385 325 LlB.
1404 270 1437 325 ll.

1722 279 1775 334 306

112 379 168 428 tem
180 375 379 432 sanctificatum
401 381 518 435 uniuersi
543 383 653 453 generis
677 383 788 437 bomani
813 398 912 454 corpus
926 385 956 449 Α
971 392 1009 441 tas
1024 395 1103 460 atque
1119 390 1274 457 charibdin,
1287 403 1315 447 ut
1330 396 1559 454 necNeslorianae
1573 399 1708 457 haereseos
1720 419 1768 459 na-

112 464 256 520 asisteret.
276 470 326 521 nst
341 469 408 536 baec,
425 477 453 524 ει
466 484 501 525 εει
516 471 558 525 bis
571 471 640 542 ipsis
657 473 745 528 verbis
760 473 812 543 piis
826 472 916 529 lecto·

112 559 187 614 ribus
200 559 302 623 elucet,
318 563 457 632 admistio,
473 564 515 619 vel
538 566 702 634 commistio,
724 582 778 621 non
800 574 842 621 est
865 583 917 620 na-

111 655 237 703 turarum
253 650 396 715 conlusio;
414 654 462 708 sed
478 670 510 708 ex
520 655 590 724 ipsis
605 656 710 710 naturis
722 671 783 710 vera
795 656 821 709 in
838 656 916 711 Chri·

112 746 155 790 sto
177 739 329 806 personalis
356 742 454 810 unitio,
469 743 513 797 vel
542 745 624 798 etiam
653 744 727 799 unio.
745 744 813 799 lade
840 745 916 799 canit

113 823 266 882 Ecclesia:
287 852 298 877 ε
315 829 390 884 Deus
406 831 487 886 borno
502 832 586 886 lactus
599 841 650 898 est,
667 848 721 887 non
745 832 914 888 commistio·

111 928 174 968 nem
204 932 308 986 passus,
336 934 426 988 neque
453 920 625 977 divisionem.
649 944 660 969 ε
691 921 913 976 commistionem

110 1011 206 1059 contra
222 1006 374 1078 Eutychen,
391 1009 551 1065 divisionem
566 1016 661 1066 eontra
675 1011 843 1067 Nestorium.

144 1093 204 1147 lam
221 1110 287 1151 vero
303 1113 373 1152 nunc
393 1099 471 1163 alius,
487 1099 516 1153 id
538 1107 579 1154 εει
602 1101 697 1155 tertius
720 1100 807 1168 testis,
823 1102 911 1157 intro·

109 1183 265 1239 mittendus
289 1195 339 1240 εει.
364 1186 481 1242 Sanctus
504 1189 685 1261 Hieronymus
705 1190 789 1245 ueluti
823 1191 910 1245 nostri

107 1274 241 1344 temporis
263 1274 416 1345 praevidens
436 1276 569 1348 argutias,
585 1279 677 1333 nescio
702 1279 726 1331 si
750 1278 849 1341 dicam,
868 1279 909 1334 uel

105 1361 239 1432 ineptias,
262 1365 371 1419 caeteris
393 1365 522 1420 omnibus
545 1366 703 1422 auctoribus
727 1367 856 1423 audacior
877 1368 907 1422 in

105 1451 156 1505 bac
170 1466 267 1516 causa,
283 1461 309 1507 et
330 1454 546 1509 commistionem
572 1456 701 1519 nominat,
718 1465 742 1512 et
770 1456 906 1512 hominem

103 1538 180 1593 illum
196 1539 228 1594 in
244 1541 353 1596 Christo
368 1541 426 1597 Deo
442 1551 607 1599 coaeternum
624 1544 651 1597 iu
666 1544 768 1599 unitate
783 1561 907 1613 personte

102 1627 262 1683 confirmat.
280 1630 371 1684 Verba
386 1629 459 1685 illius
474 1631 500 1684 in
521 1648 647 1687 sermone
663 1633 697 1687 de
712 1634 907 1702 assumptione

970 491 1030 530 vem
1047 476 1179 551 impingat
1189 479 1216 533 in
1231 482 1389 550 pericnlum,
1402 501 1451 540 nec
1461 487 1635 557 Eutychianos
1648 490 1769 561 perfidiae

968 563 1089 620 incurrat
1103 568 1283 641 naufragium,
1300 587 1333 625 ex
1349 573 1469 645 utrisque
1484 580 1511 630 et
1523 576 1550 630 in
1561 577 1680 648 utrisque
1689 586 1768 636 natu·

969 652 1005 706 ris
1020 655 1121 711 unitate
1136 672 1261 728 personae
1275 662 1473 728 commendata,
1491 671 1518 719 et
1537 665 1564 718 in
1585 667 1644 736 ipsa
1667 670 1766 725 irnione

968 758 1091 810 personae
1105 745 1243 818 utriusque
1266 749 1427 806 substantiae
1450 753 1562 809 veritate
1587 756 1760 813 confirmata.

967 832 1124 887 llliracnlum
1136 836 1202 889 mibi
1217 841 1259 890 εει
1274 838 1346 908 quod
1361 854 1377 893 a
1392 846 1446 894 tam
1462 841 1544 914 longo
1568 849 1693 916 tempore
1708 856 1732 902 et
1748 863 1764 902 a

967 921 1046 975 tantis
1061 922 1136 986 viris,
1151 938 1264 993 quomm
1278 926 1401 982 doctrina
1417 927 1502 1001 fulget
1517 931 1649 1000 Ecclesia,
1668 937 1763 991 ntsolo

965 1008 1037 1074 luna,
1054 1018 1147 1065 nostro
1163 1012 1305 1068 abaelardo
1319 1030 1477 1085 responsum
1494 1034 1548 1072 non
1568 1029 1618 1086 εει,
1636 1022 1680 1091 qni
1706 1023 1763 1079 cri-

965 1096 1082 1153 minatur
1095 1099 1231 1167 abbatem,
1249 1102 1320 1170 quod
1342 1103 1414 1159 dicat
1435 1106 1521 1161 Deum
1543 1116 1568 1162 ει
1592 1120 1760 1182 assumptum

964 1201 980 1239 a
997 1187 1053 1241 Deo
1068 1187 1206 1243 bominem
1220 1206 1302 1245 unam
1318 1207 1379 1247 osse
1394 1194 1421 1247 in
1446 1195 1574 1251 Trinitate
1601 1214 1758 1267 personam,

962 1291 1023 1328 oum
1039 1277 1120 1331 bomo
1134 1294 1176 1331 res
1190 1293 1332 1349 corporea,
1349 1290 1374 1335 et
1398 1284 1527 1339 membris
1552 1289 1714 1357 composita,
1733 1299 1759 1344 et

961 1364 1128 1419 dissolubilis
1141 1365 1195 1434 sit;
1220 1367 1291 1422 Dens
1306 1385 1372 1425 vero
1392 1386 1443 1426 nec
1456 1388 1586 1444 corporea
1600 1392 1645 1430 res
1653 1377 1695 1440 sit.
1707 1393 1759 1435 nec

961 1453 1090 1508 membris
1102 1463 1239 1519 constans,
1255 1465 1281 1510 ut
1296 1457 1408 1514 dissolvi
1423 1462 1518 1530 possit.
1535 1464 1612 1519 Unde
1623 1481 1674 1519 neo
1684 1467 1757 1522 Deus

960 1541 1052 1607 bomo,
1069 1558 1119 1598 uec
1135 1545 1216 1600 homo
1231 1545 1304 1599 Deus
1321 1546 1453 1602 dicendus
1468 1558 1519 1617 est,
1535 1567 1569 1606 ne
1590 1551 1693 1625 aliquid
1708 1570 1756 1610 se·

960 1630 1076 1685 cundum
1086 1647 1115 1685 se
1127 1640 1249 1687 creatum
1262 1633 1304 1688 rel
1316 1636 1387 1705 qnod
1397 1651 1451 1691 non
1463 1654 1569 1707 semper
1582 1640 1632 1695 suit
1641 1642 1756 1698 concedi

102 1717 130 1771 B.
146 1719 255 1785 Mariae,
271 1719 317 1789 qni
331 1726 373 1774 est
389 1738 394 1773 :
412 1742 423 1767 u
441 1720 543 1792 Cogitis
558 1736 641 1784 me,o
658 1723 751 1789 Paula,
768 1730 794 1777 et
810 1723 904 1776 Eusto·
917 1734 945 1795 Β
959 1726 1094 1789 oporteret
1110 1721 1196 1775 Deum
1210 1737 1284 1777 esse.
1295 1722 1373 1778 Unde
1387 1724 1478 1791 inlert,
1491 1726 1551 1781 illas
1561 1727 1632 1783 duas
1643 1738 1753 1786 naturas

101 1806 205 1871 chium,
233 1806 322 1863 »haec
345 1808 440 1863 eadem
464 1816 550 1865 sunt:
569 1830 580 1857 o
597 1812 663 1878 lloc,
678 1811 775 1883 inquit,
786 1812 902 1867 Verbum

101 1895 174 1965 quod
188 1905 249 1951 erat
262 1897 291 1951 in
304 1897 447 1968 principio,
463 1906 490 1953 et
503 1899 574 1968 apud
591 1900 675 1954 Deum
696 1908 764 1967 erat,
780 1907 807 1954 ει
830 1901 904 1955 Deus

101 1992 158 2038 erat
172 1984 304 2049 verbum,
320 1985 409 2055 ipsum
425 1988 544 2042 Verbum
567 1988 661 2059 genuit
680 1990 760 2044 nobis
782 1989 861 2044 beata
876 1998 903 2045 et

101 2071 222 2142 gloriosa
236 2074 318 2145 Virgo
329 2075 420 2139 llario,
428 2092 459 2129 er
471 2092 500 2130 se
511 2091 619 2131 carnem
630 2077 740 2133 lactum.
754 2102 766 2127 ι
779 2079 903 2149 ΕιρεεΙο

101 2166 161 2230 post
179 2180 186 2216 z
204 2183 217 2208 c
235 2163 292 2218 Scit
305 2163 378 2217 enim
391 2165 487 2218 omnia
508 2165 589 2228 Deus,
606 2174 632 2221 et
644 2174 741 2237 potest.
759 2168 902 2239 Propterea

101 2251 165 2320 unia
180 2250 220 2304 its
235 2257 286 2316 εει,
301 2252 381 2306 εείνίι
395 2267 434 2317 εε,
450 2269 482 2308 ac
495 2255 580 2322 potuit
590 2255 616 2309 in
626 2264 702 2311 utero
714 2256 832 2330 Virginis
843 2258 902 2313 sine

101 2339 138 2391 sui
155 2342 336 2409 corruptione
360 2342 466 2396 misceri
488 2352 567 2414 atone
589 2344 669 2408 uniri,
686 2353 714 2400 ει
735 2362 808 2401 εεεε
829 2355 903 2402 εεεει

102 2427 225 2482 caristus
242 2429 314 2484 Deus
326 2439 352 2483 et
374 2429 536 2495 homones
560 2448 686 2502 persona,
703 2450 812 2504 unaque
833 2436 902 2491 sub·

100 2516 208 2570 stantia.
227 2517 261 2571 Et
281 2517 351 2571 inira
380 2519 457 2574 beata
486 2526 511 2574 ει
539 2521 658 2589 gloriosa
686 2523 765 2595 virgo
794 2540 904 2594 semper

100 2606 184 2659 llaria
199 2606 423 2677 incomparabilis
442 2609 578 2664 universis
602 2611 752 2683 virginibus
776 2612 905 2669 decenter

99 2695 184 2763 potnit
202 2695 231 2749 in
246 2712 276 2751 se
291 2697 430 2767 suscipere
444 2699 593 2754 divinitatis
608 2700 810 2769 admistionem,
827 2703 904 2757 salva

100 2788 219 2854 atraque
233 2793 339 2841 natura.
357 2810 367 2834 n
385 2788 419 2842 Et
434 2790 523 2843 adbuc
540 2803 547 2842 :
565 2812 575 2835 ιι
593 2788 707 2845 Constat
728 2800 834 2861 tempus
849 2807 903 2847 non

100 2873 296 2943 praejudicasse
311 2886 512 2931 sacramentnm
528 2877 596 2931 nniti
611 2878 661 2933 Dei
676 2886 703 2933 et
721 2879 850 2945 bominis,
867 2880 905 2935 ita

99 2970 128 3016 nt
139 2962 202 3033 jam
219 2970 293 3018 esset
306 2963 332 3017 iu
348 2964 395 3019 illo
407 2981 455 3036 per
470 2966 598 3021 unitatem
623 2984 748 3037 personae
769 2969 803 3023 ab
827 2969 904 3024 initio

958 1821 1010 1862 nec
1023 1807 1157 1879 singulas,
1173 1824 1224 1864 nec
1238 1810 1318 1866 simul
1331 1811 1451 1883 junctas,
1468 1831 1547 1871 unam
1561 1832 1623 1873 esse
1634 1818 1661 1874 in
1670 1817 1757 1874 Trini-

958 1902 1013 1950 tato
1027 1912 1183 1966 personam.

991 1983 1122 2052 Quaenam
1133 2002 1338 2059 mensonquam
1347 1991 1482 2059 meditari,
1490 2009 1550 2064 quae
1560 1994 1652 2067 lingua
1668 1996 1751 2068 loqui,

956 2089 1017 2144 quae
1032 2088 1126 2128 manns
1142 2075 1261 2131 scribere
1274 2084 1380 2132 tantum
1391 2079 1467 2134 netas
1476 2082 1563 2152 potnit
1575 2083 1589 2135 ‘l
1599 2083 1666 2152 Quae
1677 2092 1750 2140 terra

955 2160 1077 2217 veneficii
1092 2161 1172 2233 hujus
1182 2164 1322 2220 mortifera
1337 2167 1460 2238 pondera
1483 2170 1618 2226 sustinere
1641 2188 1751 2242 praera-

956 2250 1027 2306 luitl
1042 2250 1211 2308 Schismatici
1224 2261 1329 2309 veteres
1343 2256 1449 2312 Datban
1465 2265 1490 2313 et
1506 2259 1614 2315 Abiron
1626 2277 1680 2316 non
1691 2270 1753 2316 tan-

956 2348 1012 2393 tum
1023 2339 1204 2413 deliquerunt,
1218 2358 1287 2414 quos
1297 2343 1398 2399 telluris
1410 2345 1499 2400 bintus
1509 2347 1585 2403 rivos
1596 2349 1750 2406 absorbuit.

956 2429 1011 2484 Cur
1034 2429 1107 2484 enirn
1132 2430 1277 2485 Christiani
1301 2448 1406 2498 sumus,
1424 2434 1446 2487 si
1467 2434 1503 2490 ita
1527 2444 1568 2491 est
1594 2445 1622 2491 ut
1656 2439 1753 2495 Petrus

956 2517 1063 2573 asser-it.
1079 2518 1223 2586 Quomodo
1234 2519 1314 2590 juxta
1328 2520 1498 2590 Apostolum,
1512 2523 1621 2596 Corpus
1634 2526 1751 2595 Christi,

958 2607 1752 2684 quodestEcolesia,crescitinoupmcntumlleittColoss.

957 2710 987 2749 u.
1004 2695 1014 2760 )
1030 2695 1058 2750 Si
1073 2695 1194 2751 Christus
1210 2697 1281 2751 Deus
1296 2702 1323 2754 et
1338 2700 1419 2754 homo
1433 2716 1488 2755 non
1505 2710 1546 2756 est
1561 2718 1614 2757 una
1628 2703 1655 2757 in
1666 2703 1756 2758 Trini-

959 2791 1011 2838 tate
1026 2799 1153 2854 persona,
1169 2786 1290 2841 Christus
1303 2803 1358 2842 non
1373 2796 1415 2843 est
1429 2803 1483 2843 una
1502 2805 1638 2860 persona;
1656 2792 1720 2861 quia
1734 2792 1757 2847 si

958 2872 1079 2927 Christus
1094 2880 1134 2928 est
1147 2890 1200 2929 nna
1220 2890 1344 2944 persona,
1362 2877 1485 2933 Christus
1508 2887 1547 2934 est
1571 2895 1623 2934 una
1648 2882 1676 2934 in
1698 2879 1760 2937 'l'ri-

958 2959 1042 3014 nitate
1057 2974 1182 3029 persona.
1200 2961 1253 3016 Sed
1268 2961 1388 3016 Christus
1402 2963 1476 3018 Dens
1490 2967 1517 3019 et
1528 2965 1610 3020 bomo
1624 2982 1678 3020 uua
1690 2983 1760 3038 per·

100 3051 207 3119 saculi,
217 3052 537 3122 qnineodumeratnatus
549 3070 583 3110 ex
593 3056 816 3127 blariaVirgine:
831 3058 903 3128 quod
919 3082 943 3146 C
958 3062 1024 3102 sona
1039 3055 1089 3102 est.
1106 3048 1179 3103 Licet
1193 3064 1225 3103 ex
1241 3048 1346 3103 duabus
1361 3052 1406 3105 vel
1421 3053 1450 3105 in
1465 3052 1570 3107 duabus
1596 3055 1701 3108 naturis
1717 3055 1761 3120 sit,

102 3139 197 3195 multis
211 3140 362 3211 Scriptura
373 3141 526 3198 declaratur
540 3143 621 3200 locis.
640 3170 650 3193 ι
667 3145 696 3200 tl
717 3147 781 3200 dnm
805 3146 904 3200 diutins

101 3228 271 3285 testimoniis
285 3231 487 3302 scripturarum
502 3233 672 3304 approbavit,
689 3235 729 3290 sic
744 3234 882 3290 concludit
897 3254 904 3290 ε

104 3340 115 3363 ι
133 3319 167 3373 Ει
184 3317 248 3373 ideo
259 3317 382 3375 Christus
395 3320 452 3390 jam
477 3330 535 3376 erat
559 3323 586 3376 in
611 3322 688 3390 Filio,
705 3323 752 3396 qui
777 3322 905 3394 populum

102 3406 252 3474 educebat,
268 3416 293 3462 et
318 3408 442 3463 Christus
471 3409 499 3464 in
525 3426 558 3465 eo
587 3411 762 3479 tentabatur,
778 3412 906 3483 quoniam

102 3511 214 3567 semper
228 3511 278 3567 per
290 3497 452 3553 sacramenti
468 3499 598 3557 unitatem
613 3500 640 3554 in
665 3501 722 3556 Deo
745 3500 826 3556 luisse
851 3517 907 3556 non

102 3584 254 3639 dubitatur.
272 3584 380 3658 Alioqui
402 3586 455 3641 nisi
479 3586 516 3642 ita
539 3587 697 3655 credideris,
715 3596 761 3643 aut
786 3591 906 3645 Cbristus

103 3674 177 3728 Deus
189 3673 313 3729 nouerit
329 3674 451 3741 omnino,
467 3683 514 3730 aut
532 3682 627 3732 contra
645 3679 815 3749 prophetam,
833 3679 906 3733 Deus

103 3778 200 3818 recens
215 3777 277 3818 esse
292 3762 434 3819 ridebitur.
449 3788 460 3812 a
478 3764 551 3820 ldcm
567 3772 726 3837 postpauca
744 3767 860 3823 :annus
870 3767 906 3821 si·

104 3851 215 3923 quidem
231 3851 358 3907 cbristus
372 3852 398 3906 in
409 3868 490 3908 carne
500 3869 559 3921 sua,
567 3870 637 3909 unus
648 3854 674 3909 in
685 3855 790 3926 spiritu,
798 3871 868 3911 unns
879 3856 907 3909 in

102 3941 907 4010 sacramentoest;necadmittitomnino.utuliustitirrsbo·

101 4028 195 4095 minis,
209 4029 280 4083 alius
294 4029 378 4084 Filius
394 4030 442 4086 Dei
456 4031 630 4100 intelligatur,
647 4032 692 4102 qni
708 4047 758 4086 nec
784 4040 905 4103 tempore

102 4113 297 4185 prescribitur,
315 4130 367 4169 nec
382 4115 508 4184 passione
532 4119 691 4185 separatur:
709 4115 757 4171 sed
783 4124 855 4172 totus
878 4115 906 4170 in

101 4202 254 4268 Christum,
269 4209 298 4256 at
311 4204 436 4257 Christus
450 4204 477 4257 in
494 4205 582 4259 Deum
597 4204 701 4269 transit,
719 4208 749 4257 nl
773 4203 905 4276 quidquid

101 4291 153 4347 Dei
182 4290 270 4346 Filius
297 4296 348 4358 est,
372 4292 494 4347 Christus
519 4293 642 4360 dicatnr3
665 4301 690 4346 et
718 4292 850 4366 quidquid
878 4291 904 4346 in

101 4395 187 4436 carne
202 4379 326 4434 Christus
341 4379 463 4451 pertulit,
480 4379 508 4435 id
523 4381 596 4435 Deus
606 4381 749 4451 pertulisse
760 4382 902 4448 credatur;

962 3152 1015 3190 una
1042 3144 1134 3190 tamen
1163 3152 1207 3191 res
1221 3145 1272 3204 est,
1289 3139 1326 3192 ita
1340 3146 1369 3193 ut
1384 3138 1463 3209 juxta
1486 3141 1691 3213 Hieronymum,
1707 3158 1762 3199 una

960 3225 1110 3280 substantia
1125 3225 1169 3291 sit,
1185 3225 1212 3280 id
1228 3235 1269 3281 εει
1290 3243 1373 3282 εεεει
1390 3229 1453 3298 qnid
1468 3229 1636 3285 individuale
1660 3248 1712 3302 pcr
1732 3247 1765 3287 ae

960 3314 1121 3379 subsistens,
1137 3322 1250 3386 propter
1268 3316 1406 3383 unionem,
1423 3334 1484 3389 quae
1505 3318 1542 3372 ibi
1565 3327 1591 3374 et
1613 3335 1668 3374 non
1692 3321 1759 3377 alibi

961 3403 1022 3456 talis
1036 3411 1088 3457 est.
1108 3403 1178 3472 Quid
1191 3404 1262 3458 enim
1286 3409 1328 3459 est
1350 3420 1476 3474 persons,
1493 3407 1545 3461 nisi
1570 3407 1713 3463 rationalis
1737 3417 1763 3466 et

960 3491 1135 3549 individualis
1149 3491 1322 3547 substantia‘l
1337 3493 1389 3549 Ubi
1403 3493 1449 3547 illa
1472 3502 1523 3561 est,
1539 3511 1594 3550 non
1620 3495 1715 3564 deest;
1732 3505 1760 3552 et

960 3582 1008 3636 ubi
1023 3589 1073 3645 εει,
1090 3589 1145 3636 ιειε
1160 3589 1211 3637 εει.
1227 3582 1257 3636 Si
1279 3581 1352 3636 enim
1375 3582 1464 3638 divisa
1486 3590 1539 3649 est,
1555 3583 1602 3638 illa
1625 3600 1679 3639 non
1704 3592 1760 3641 est.

960 3669 1036 3726 Sicut
1047 3677 1136 3724 autem
1153 3669 1226 3724 Deus
1240 3669 1275 3724 de
1288 3669 1356 3735 Deo,
1372 3670 1494 3725 Christus
1519 3687 1580 3727 cum
1596 3687 1640 3741 eo,
1657 3681 1685 3729 et
1705 3690 1762 3729 non

959 3773 1040 3821 unns,
1057 3757 1105 3812 sed
1120 3772 1202 3813 unum
1215 3765 1256 3812 εει
1268 3774 1274 3820 ;
1291 3758 1332 3813 sio
1345 3774 1361 3814 e
1375 3772 1508 3815 converso
1523 3761 1597 3816 lleus
1611 3761 1762 3818 unitusbo·

960 3847 1037 3914 mini,
1053 3863 1122 3902 unus
1146 3846 1264 3918 quidem,
1281 3846 1330 3902 sed
1353 3863 1407 3904 non
1428 3865 1511 3904 unum
1531 3857 1585 3915 εει,
1602 3851 1666 3920 qnia
1690 3852 1764 3907 Dens

960 3944 986 3991 et
1001 3935 1082 3990 bomo
1097 3943 1154 3998 est;
1171 3943 1198 3991 et
1212 3936 1275 4007 quia
1288 3951 1357 3991 nnus
1368 3945 1417 4003 est,
1433 3936 1507 3993 nulla
1522 3944 1611 4008 potest
1628 3938 1760 3996 diuisione

960 4023 1078 4095 sejungi.
1095 4024 1144 4079 Dic
1158 4039 1235 4097 ergo,
1251 4025 1314 4079 dum
1331 4026 1456 4080 Christus
1467 4035 1617 4082 moreretur
1628 4029 1757 4097 incrnce,

960 4120 1017 4167 erat
1031 4128 1091 4167 eum
1112 4128 1144 4167 eo
1169 4112 1311 4178 boussut
1334 4128 1388 4168 non
1414 4123 1483 4169 erat.
1501 4114 1529 4170 Si
1552 4130 1606 4170 non
1631 4125 1698 4181 erat,
1712 4132 1762 4172 cur

960 4216 1026 4272 ergo
1041 4201 1138 4255 dicitnr
1152 4201 1284 4255 Dominus
1294 4201 1388 4272 gloriae
1400 4200 1551 4258 crucifixus
1561 4203 1596 4257 ab
1607 4205 1762 4274 Apostolol

960 4287 1094 4343 Sederat.
1111 4287 1139 4341 Si
1163 4302 1230 4359 ergo
1252 4288 1327 4343 Dens
1350 4295 1408 4342 erat
1427 4289 1455 4342 in
1477 4289 1589 4344 bomine
1613 4291 1758 4357 moriente,

959 4383 1047 4430 morte
1061 4375 1149 4431 crucis
1163 4376 1344 4431 reconcilians
1359 4376 1411 4430 sibi
1425 4377 1566 4445 mundum,
1582 4385 1610 4432 et
1624 4379 1758 4449 pravari-

101 4477 271 4540 quapropter
284 4484 335 4524 nee
350 4484 398 4524 nos
409 4469 545 4524 bominem
557 4485 680 4524 seorsum
691 4432 1076 4540 colimus,quochationis
1109 4465 1322 4536 chirographum
1351 4463 1464 4536 adigens
1499 4467 1582 4531 cruci,
1612 4474 1760 4534 potestates

101 4557 144 4613 ias
158 4572 215 4613 non
230 4564 280 4619 est,
296 4571 347 4613 nec
362 4557 529 4627 adoramus3
546 4559 610 4629 quia
625 4557 690 4611 nibil
705 4557 731 4610 in
748 4572 777 4612 se
791 4573 840 4627 pro
855 4573 901 4611 as·

100 4652 217 4717 sumpto
231 4645 342 4701 bomine
357 4650 400 4700 est
412 4646 543 4700 adauctus
554 4663 561 4708 ;
573 4646 693 4718 nibilque
701 4646 774 4717 qnod
783 4645 902 4700 Verbum

101 4749 168 4792 earo
182 4735 286 4789 lactum
302 4741 353 4802 εει,
368 4734 527 4789 imminutus
546 4734 588 4789 vel
613 4735 778 4788 immutatus.
797 4756 807 4782 u
835 4738 903 4789 Am-

101 4825 176 4895 plius
190 4822 264 4878 idam
278 4822 313 4878 de
334 4822 431 4878 eodem
449 4840 456 4877 :
475 4844 486 4870 ι
504 4822 599 4878 Gratia
619 4821 671 4876 Dei
684 4830 724 4877 est
747 4822 774 4876 in
799 4821 904 4878 Christo

102 4912 179 4977 lesu,
195 4912 225 4965 in
241 4927 296 4984 quo
311 4919 353 4966 εει
367 4912 441 4966 Dens
456 4918 482 4965 et
502 4913 584 4967 bomo
612 4911 651 4965 sic
679 4910 769 4966 unitus
795 4911 823 4965 in
851 4927 906 4964 una

103 5001 256 5071 eademque
270 5015 396 5070 persona,
411 5007 440 5054 ut
453 5000 561 5071 legatur
576 5014 657 5071 qnam
678 5015 751 5069 saepe
766 4999 792 5053 in
808 4999 906 5053 divinis

103 5087 206 5144 litteris
222 5088 303 5144 bomo
317 5088 376 5143 lieo
389 5095 539 5143 eoaetemus
555 5094 666 5158 propter
687 5087 814 5143 unionem
837 5086 905 5141 sub·

104 5177 214 5232 stantiae
229 5193 236 5230 :
252 5190 285 5231 ac
298 5175 398 5232 deinde
413 5176 485 5231 Deus
501 5175 625 5230 rideatur
648 5175 750 5229 bomini
774 5190 906 5245 compas-

105 5281 165 5329 sus,
178 5279 240 5319 cnm
261 5279 313 5319 nec
334 5262 506 5317 ininitiabilis
529 5263 564 5316 sit
588 5264 679 5327 bomo,
695 5277 746 5318 nec
766 5263 907 5332 passibilis

105 5354 191 5410 Deus.
206 5373 218 5401 a
232 5351 303 5421 Quid
316 5351 405 5409 dicitis
417 5351 470 5420 bio,
480 5351 534 5405 viri
544 5351 830 5406 cordatillliraoulnm
842 5351 907 5405 mibi

103 5458 155 5517 εει,
171 5450 248 5525 qnod
261 5451 370 5507 animus
385 5449 513 5505 hominus
526 5449 605 5517 hujus
625 5448 665 5505 sic
680 5449 809 5505 divinitus
820 5448 908 5520 inspi-

103 5558 180 5608 ratus
194 5555 238 5605 est
251 5553 283 5605 ει
295 5548 393 5604 itinere
401 5546 506 5604 directo
515 5560 628 5603 securus
636 5545 756 5604 velificet
764 5545 836 5604 inter
845 5547 909 5619 Syr-

958 4552 1046 4608 aerias
1060 4551 1239 4623 ampliticans,
1255 4552 1320 4625 quia
1342 4569 1395 4608 non
1410 4560 1499 4623 potest
1521 4553 1615 4619 dividi,
1631 4570 1679 4611 cnr
1702 4570 1758 4611 non

957 4641 1031 4696 idem
1047 4641 1105 4712 ipse
1120 4643 1201 4696 bomo
1225 4642 1271 4712 qui
1294 4650 1417 4697 mortuus
1439 4645 1525 4697 luerat
1544 4658 1578 4698 ex
1600 4641 1756 4698 infirmitate
1850 4660 1857 4677 “

958 4738 1061 4795 nostra,
1077 4737 1104 4784 ct
1123 4738 1310 4786 resurrexerat
1324 4746 1359 4786 ex
1372 4730 1471 4786 virtute
1486 4730 1536 4786 Dei
1557 4730 1648 4785 unitus
1664 4732 1755 4787 Verbo

959 4819 1018 4884 Dei,
1035 4834 1087 4873 uon
1100 4818 1152 4873 erit
1165 4818 1291 4889 ingloria
1304 4818 1364 4887 Dei,
1375 4827 1488 4889 propter
1497 4819 1620 4875 eamdem
1631 4835 1753 4889 causam,

958 4908 1021 4980 qnia
1037 4921 1090 4961 non
1105 4912 1195 4977 potest
1207 4906 1315 4960 dividi‘l
1331 4905 1398 4975 Quis
1414 4908 1487 4963 enim
1502 4908 1571 4963 alius
1593 4917 1636 4964 est
1650 4908 1755 4966 fruetus

959 4995 1101 5067 passionis,
1117 4995 1168 5049 nisi
1184 5011 1232 5066 per
1245 4995 1362 5069 gloriam
1376 4997 1584 5052 resurrectionis
1607 5007 1633 5053 et
1656 5014 1755 5054 ascen-

959 5084 1051 5152 sionis,
1063 5083 1142 5139 beata
1153 5091 1179 5138 et
1188 5083 1350 5139 immortalis
1370 5083 1532 5140 excellentia
1552 5085 1755 5143 deificationis?

959 5172 1086 5245 Alioquin
1109 5172 1212 5229 abolita
1230 5181 1273 5227 est
1295 5172 1450 5242 promissio,
1471 5173 1606 5229 exinanita
1628 5184 1670 5231 est
1689 5174 1757 5231 fides

960 5270 1063 5330 nostra,
1071 5261 1154 5317 fallax
1163 5259 1361 5332 estapostolica
1370 5260 1501 5327 doctrina,
1511 5278 1573 5334 qtrae
1582 5263 1663 5318 dicit:
1678 5286 1689 5311 ι
1703 5262 1757 5332 Qui

960 5350 1100 5406 descendit
1112 5351 1172 5422 ipso
1186 5357 1236 5416 est,
1253 5356 1280 5406 et
1293 5349 1340 5422 qni
1353 5348 1477 5406 ascendit
1491 5366 1572 5422 super
1586 5350 1683 5408 omnes
1697 5368 1757 5410 eut-

962 5449 1011 5515 los,
1027 5455 1056 5503 ut
1068 5447 1231 5517 adimpleret
1245 5447 1340 5504 omnia
1354 5446 1464 5522 (Epltss.
1478 5449 1528 5518 tr).
1547 5472 1558 5498 a
1572 5449 1626 5506 Sed
1634 5449 1695 5523 quis
1705 5458 1758 5517 εει,

960 5546 1143 5621 quiimpleret
1151 5546 1253 5617 omnia,
1261 5545 1312 5602 nisi
1324 5545 1370 5622 qni
1382 5546 1544 5604 lecitomnia
1554 5548 1611 5604 ‘llll
1624 5549 1762 5622 quomodo
