3728 6000
168 224 223 282 tat
679 217 868 275 entttttttss
885 219 1029 275 tanaus
1049 219 1077 275 S.
1095 218 1312 278 rtttcottomct
1767 224 1821 278 aad

168 345 342 419 Unigenitiin
352 341 656 400 severitateseoundum
668 342 759 397 earnis
769 340 961 409 infirmitatem,
978 348 1004 406 A
1019 343 1162 415 Evangelii
1191 358 1279 399 sermo
1315 342 1433 415 idipsum
1461 344 1534 416 cogit
1559 342 1686 416 intelligi.
1717 344 1818 401 Dicens

169 435 272 504 fletum,
285 449 421 502 somnum,
438 432 569 499 inediam,
587 430 669 498 sitim,
692 431 892 499 lassitudinem,
907 447 968 487 me·
1023 448 1130 504 quoque
1141 432 1230 488 solum
1253 433 1358 487 Patrem
1373 432 1400 486 id
1425 447 1517 501 nosse,
1533 431 1561 487 in
1589 432 1669 488 l’atre
1690 448 1819 505 compre-

169 533 236 592 tum,
264 523 332 595 pati,
357 537 473 579 necesse
501 529 567 589 est3
597 520 637 575 sio
664 520 813 575 secundum
849 520 970 575 bominis
1021 520 1115 575 hendit
1130 519 1608 592 earnium.0mnisenimpatertttti
1628 531 1817 578 nomenest.»

167 621 304 682 naturam,
316 611 370 667 diei
387 611 552 681 atquehorae
572 607 783 681 professusesse
800 607 969 679 intelligatur
1023 610 1121 664 Harum
1137 624 1214 681 ergo,
1231 616 1295 680 post
1319 608 1461 680 primitias,
1477 609 1657 665 secundarum
1681 610 1820 666 columna·

168 701 315 759 insettiam.
335 723 345 749 ι
363 700 397 754 Et
429 697 590 755 Ambrosius
622 697 649 752 in
682 696 752 751 libro
782 696 821 751 Do
852 694 916 761 lide,
933 697 968 751 ad
1022 712 1082 751 rum
1111 697 1243 752 doctrinis
1256 706 1284 753 et
1310 698 1456 769 presidiis,
1473 714 1540 768 pura
1563 713 1708 768 puerorum
1722 699 1821 755 Christi

167 790 330 848 Gratianum
357 788 566 860 imperatorem:
592 787 677 858 Ergo,
693 784 788 857 inquit,
806 808 818 833 a
837 785 883 854 qui
905 784 970 840 iecit
1021 784 1088 840 fides
1102 784 1211 840 suffulta
1225 793 1379 842 constanter
1393 787 1501 856 asserit,
1519 802 1573 842 non
1595 803 1628 841 ex
1655 786 1818 860 ignorantia,

165 878 260 936 omnia
275 894 335 950 quar
350 878 440 932 lutura
452 883 524 945 sunt,
542 891 575 931 eo
601 891 703 948 genere
717 890 772 946 quo
792 872 879 929 lutura
894 881 967 939 sunt,

92 970 96 977 '
167 967 311 1039 cognoscit
326 986 332 1021 :
348 966 371 1021 si
383 967 435 1022 hoo
450 966 484 1021 de
499 964 617 1029 seculis,
632 962 815 1034 multomagis
829 961 968 1031 dejudieii

167 1054 333 1113 eredendum
354 1061 395 1109 est
413 1053 468 1123 die,
484 1068 519 1109 eo
544 1052 616 1125 quod
636 1051 819 1122 cognitionem
834 1050 894 1119 ejus
915 1050 967 1104 ha-

167 1144 231 1200 beat
244 1143 294 1199 Dei
323 1143 416 1212 Filius,
433 1150 592 1213 tanquama
615 1156 645 1196 se
672 1140 730 1210 jam
755 1139 846 1195 laetae.
866 1138 920 1194 Sed
944 1138 968 1192 si

167 1231 320 1305 quaerimus,
338 1247 391 1301 qua
407 1231 512 1285 ratione
526 1237 663 1284 momenta
679 1227 826 1300 designare
841 1225 966 1295 noluerit,

169 1320 342 1377 inveniemus
365 1334 420 1374 non
449 1317 609 1391 ignorantiae
636 1332 709 1382 esse,
729 1316 776 1371 sed
808 1316 962 1387 sapientiae.

168 1409 254 1467 Nobis
264 1408 338 1465 enim
352 1407 427 1464 seire
443 1422 498 1462 non
513 1406 649 1476 proderat,
660 1414 689 1460 ut
703 1406 767 1459 dum
777 1412 850 1460 certa
864 1403 892 1457 in
907 1403 967 1459 Deo

168 1505 308 1554 momenta
340 1497 432 1551 lutura
458 1494 605 1560 nescimus,
629 1499 758 1564 tanquam
787 1493 815 1546 in
846 1491 968 1547 excubiis

165 1584 313 1654 constituti,
329 1584 397 1639 etin
412 1584 528 1652 quadam
557 1581 669 1652 specula
683 1580 808 1636 collocati
835 1577 967 1651 peccandi

164 1673 386 1731 consuetudinem
414 1671 593 1734 declinemus,
617 1684 652 1724 ne
668 1685 717 1724 nos
732 1668 802 1723 inter
824 1667 888 1723 vitia
903 1666 962 1722 dies

168 1762 277 1819 Domini
301 1760 529 1829 comprehendat.
551 1757 746 1828 »Augustinus
765 1757 792 1810 in
816 1756 907 1811 libror
922 1755 962 1810 De

1022 873 1071 928 sed
1085 889 1120 929 ex
1135 873 1305 944 providentia
1320 883 1347 929 et
1371 874 1574 945 dispensatione
1588 874 1682 930 salutis
1692 875 1820 931 humanae

1021 960 1165 1016 Dominum
1186 963 1279 1018 lesum
1293 961 1407 1032 dixisse,
1425 962 1504 1035 quod
1519 963 1591 1018 diem
1606 963 1702 1033 judieii
1725 962 1818 1019 nesei-

1022 1057 1073 1105 ret.

1058 1138 1123 1193 Cum
1140 1137 1226 1211 igitur
1247 1139 1375 1196 essentiae
1388 1139 1519 1210 ejusdem,
1535 1140 1662 1211 potentiae
1682 1141 1815 1210 ejusdem,

1021 1227 1159 1298 sapientiae
1184 1227 1315 1297 ejusdem,
1333 1227 1387 1282 sint
1415 1230 1493 1284 Pater
1506 1236 1533 1283 et
1547 1229 1633 1284 Filius
1654 1237 1682 1285 et
1703 1230 1819 1302 Spiritus

1021 1323 1139 1383 sanctus,
1155 1331 1210 1372 nou
1223 1317 1301 1371 Pater
1315 1316 1405 1387 posuit
1419 1317 1542 1386 quaedam
1559 1318 1586 1373 in
1609 1333 1658 1372 sua
1673 1326 1816 1389 potestate,

1021 1420 1082 1476 quae
1097 1403 1180 1458 Filius
1208 1413 1234 1460 et
1249 1404 1365 1475 Spiritus
1393 1409 1504 1461 sanatus
1519 1421 1575 1461 uon
1595 1405 1714 1477 posuerit
1730 1423 1736 1468 ;
1754 1408 1819 1478 quia

1022 1500 1128 1546 nonest
1142 1509 1208 1549 vera
1230 1492 1320 1563 aliqua
1344 1493 1495 1561 diversitas,
1511 1494 1557 1548 ubi
1572 1501 1613 1549 est
1623 1499 1651 1549 et
1666 1493 1695 1548 in
1715 1494 1817 1551 volun-

1021 1586 1073 1635 tate
1101 1580 1169 1635 etin
1196 1588 1328 1652 potestate
1343 1589 1370 1636 et
1396 1581 1423 1635 in
1438 1583 1595 1652 operatione
1623 1599 1685 1638 vera
1709 1584 1812 1639 unitas.

1021 1669 1153 1723 vitandus
1168 1685 1245 1742 ergo,
1261 1678 1287 1724 et
1303 1685 1319 1724 a
1334 1670 1466 1726 societate
1481 1669 1600 1725 fidelium
1616 1674 1817 1744 segregandus,

1020 1758 1066 1828 qni
1077 1764 1115 1812 tot
1141 1764 1170 1814 et
1190 1762 1265 1812 tanta
1280 1756 1344 1812 fidei
1364 1767 1465 1813 nostrae
1487 1761 1618 1815 contraria
1634 1761 1811 1833 dogmatizat.

170 1851 329 1906 Trinitate:
356 1871 365 1895 ι·
393 1848 549 1903 Secundum
582 1845 699 1902 termam
733 1843 807 1900 servi
837 1859 891 1898 non
923 1851 964 1898 est
1017 1846 1057 1901 De
1083 1845 1231 1917 propositis
1258 1850 1349 1901 autem
1378 1848 1566 1918 superioribus
1595 1849 1760 1905 vanitatibus
1789 1857 1816 1904 et

166 1940 287 1996 doctrina
302 1939 371 2008 ejus,
388 1938 438 1993 sed
453 1938 512 2007 ejus
527 1936 573 2009 qni
588 1935 661 1990 misit
674 1933 750 1989 illum
768 1952 775 1997 ;
791 1939 819 1989 et
833 1933 868 1989 de
882 1933 926 1988 die
937 1939 965 1988 et
1017 1933 1128 1989 insaniis
1142 1933 1221 1990 salsis
1241 1938 1325 1989 restat
1339 1943 1491 1990 extremum
1506 1937 1689 2007 perversitatis
1713 1937 1816 1992 incom-

164 2031 233 2085 hora
246 2043 327 2084 nemo
342 2027 392 2083 seit
407 2041 497 2098 neque
525 2025 619 2097 angeli
636 2024 663 2078 in
690 2022 769 2091 coelo,
787 2038 837 2077 nee
865 2022 961 2089 Filius,
1018 2023 1138 2090 modum,
1155 2038 1208 2093 qno
1230 2022 1304 2090 dicit,
1321 2023 1384 2092 quia
1400 2024 1542 2093 sapientiae
1556 2024 1635 2080 cedat
1649 2025 1771 2095 potentia
1785 2024 1815 2080 in

163 2117 215 2173 nisi
229 2118 319 2172 Pater.
332 2116 390 2170 lloc
404 2115 477 2169 enim
504 2113 598 2182 nescit,
617 2111 681 2184 quia
708 2110 862 2166 nescientes
889 2109 962 2177 lecit,
1018 2111 1186 2167 discussions
1198 2110 1303 2181 judicii,
1320 2111 1366 2166 ubi
1387 2111 1503 2182 aequitas
1529 2114 1618 2185 magis
1632 2112 1816 2168 examinanda

160 2206 255 2271 idest,
271 2204 344 2274 quod
356 2218 410 2258 non
424 2202 462 2256 ita
477 2201 590 2267 sciebat,
606 2208 634 2255 ut
650 2208 712 2255 tunc
725 2197 868 2270 discipulis
883 2197 959 2251 indi·
1019 2208 1068 2268 est,
1083 2215 1163 2271 qnam
1180 2198 1220 2254 vis
1244 2199 1373 2268 potentiae
1395 2199 1560 2255 exercenda.
1579 2201 1636 2256 Hae
1645 2200 1673 2254 in
1692 2202 1816 2272 disputa-

162 2298 247 2364 earet,
264 2293 332 2348 sicut
340 2291 441 2348 dietum
456 2289 539 2346 estad
549 2288 828 2354 Abraham-Nunc
835 2285 963 2359 cognovi,
1019 2289 1092 2343 tione
1102 2295 1157 2342 tam
1185 2287 1320 2358 profundo
1335 2303 1430 2342 somno
1458 2298 1609 2359 soporatus,
1624 2305 1656 2345 ac
1678 2291 1759 2345 veluti
1773 2290 1813 2346 le·

164 2381 297 2454 quoniam
314 2388 342 2435 tn
353 2380 431 2435 times
445 2380 532 2433 Deum
549 2380 631 2446 (Gan.
643 2379 771 2446 xxrr),-
787 2375 814 2429 id
830 2382 880 2440 est,
894 2389 965 2429 nnnc
1020 2375 1144 2447 thargico
1166 2374 1260 2430 morbo
1286 2375 1407 2445 sepultus
1430 2376 1505 2431 stetit
1520 2394 1527 2440 ;
1543 2377 1588 2432 vel
1602 2394 1653 2450 ego
1668 2379 1706 2434 sic
1722 2380 1815 2434 nescio

164 2469 229 2532 leci,
245 2472 274 2525 nt
288 2483 491 2539 cognoscerem
507 2465 574 2537 quia
588 2462 772 2536 ipse,seilieet
788 2462 965 2518 Abrahamin
1018 2464 1095 2532 cujus
1124 2463 1325 2533 imprecationis
1353 2463 1500 2520 infortunio
1529 2465 1672 2521 fascinatus
1687 2472 1714 2521 et
1742 2466 1816 2521 inia-

166 2559 215 2614 illa
252 2557 399 2614 tentatione
436 2555 565 2627 probatus
593 2553 748 2607 innotuit.»
779 2552 961 2622 Hieronymus
1018 2560 1108 2606 tuatus
1137 2566 1196 2605 sum
1225 2554 1328 2622 utqnae
1356 2552 1445 2617 sentit,
1461 2553 1540 2622 plene
1567 2554 1731 2626 investigare
1760 2570 1815 2609 uon

163 2662 246 2717 super
266 2646 431 2709 Matthaeum,
452 2657 505 2709 xri,
525 2640 675 2697 decadem
697 2639 838 2710 capitulo:
859 2638 898 2694 Do
919 2637 964 2694 die
1020 2642 1133 2709 possim.
1164 2640 1210 2696 Sic
1237 2640 1311 2694 enim
1335 2655 1431 2695 reeens
1460 2640 1614 2697 adinventio
1642 2651 1671 2697 st
1699 2643 1815 2712 prolana

165 2738 264 2791 eatam
279 2734 332 2789 illa
340 2733 443 2788 etboro
454 2731 608 2794 tremescit,
616 2728 807 2800 aequeongali
818 2727 963 2794 caelorum,
1020 2744 1119 2784 vocum
1135 2728 1241 2783 novitas
1257 2736 1307 2796 est,
1324 2735 1351 2782 nt
1373 2729 1436 2783 huic
1452 2729 1594 2784 calumniae
1609 2746 1689 2785 nemo
1703 2736 1813 2787 sancto-

163 2821 426 2879 nistPotcrsolos:
445 2841 455 2867 a
473 2820 505 2873 ln
519 2815 687 2888 quibusdam
703 2814 805 2870 Latinis
823 2813 963 2869 codicibus
1020 2832 1080 2871 rum
1096 2816 1235 2871 doctorum
1259 2816 1431 2886 respondisse
1453 2834 1503 2888 per
1518 2834 1561 2873 mc
1577 2819 1667 2874 valeat
1690 2821 1812 2890 reperiri.

162 2910 284 2967 additum
317 2916 370 2971 est,
397 2921 486 2978 neque
514 2905 609 2969 Filius,
639 2919 701 2959 eum
731 2903 759 2956 in
792 2902 907 2966 Graecis,
938 2907 965 2956 et
1053 2905 1111 2959 Nec
1135 2903 1243 2958 mirum.
1273 2905 1335 2958 Non
1364 2905 1436 2959 enim
1465 2915 1660 2976 praecaverunt,
1677 2909 1815 2977 quodua-

162 2999 284 3056 maxime
313 2997 341 3051 in
368 2994 523 3051 Adamantii
538 3001 565 3049 et
593 2991 672 3048 Pierii
697 2990 899 3062 exemplaribus
912 2989 964 3044 hoc
1021 3009 1103 3065 quam
1118 2993 1217 3048 exoriri
1232 3001 1336 3063 posset,
1353 2993 1398 3062 qui
1427 2994 1527 3049 diceret
1543 2996 1569 3049 in
1586 2995 1755 3053 discussione
1770 3014 1816 3052 ex·

162 3080 590 3153 nonhabeaturascriptum.Sed
600 3079 661 3151 quia
670 3079 697 3134 in
707 3078 843 3134 nonnullis
853 3078 963 3151 legitur,
1020 3081 1099 3136 tremi
1110 3080 1215 3149 judicii,
1229 3081 1256 3134 in
1286 3081 1404 3136 Domino
1419 3082 1483 3138 Jesu
1511 3084 1628 3152 Christo,
1644 3086 1815 3156 quiestsa·

159 3174 267 3233 ridetur
281 3171 481 3227 disserendum.
496 3168 602 3224 Gaudet
630 3167 700 3223 eninr
717 3166 796 3221 Arius
812 3173 839 3221 et
866 3164 962 3220 Euno-

158 3262 240 3331 mius‚
256 3260 334 3333 quasi
347 3257 501 3332 ignorantia
515 3255 638 3327 magistri
652 3253 743 3326 gloria
758 3253 963 3325 discipulorum

161 3352 195 3407 sit
210 3365 217 3421 ;
234 3357 260 3406 et
274 3349 377 3415 dicunt,
389 3347 493 3401 -Non
504 3352 594 3415 potest
607 3359 668 3398 esse
683 3341 806 3414 aequalis,
816 3342 860 3414 qui
877 3341 961 3411 novit,

56 3486 58 3490 .
160 3445 187 3494 et
201 3437 246 3509 qui
255 3438 371 3508 ignorat.
381 3464 417 3475 -
426 3433 479 3488 Sed
495 3447 555 3488 cum
566 3430 657 3486 omnia
667 3438 788 3501 tempora
805 3428 901 3486 lecerit
915 3429 961 3483 Je-

156 3542 217 3594 sus,
233 3526 285 3580 hoe
300 3531 342 3580 est
360 3522 480 3578 Verbum
493 3520 544 3574 Dei
560 3538 566 3574 :
585 3520 687 3574 (tannia
707 3519 779 3573 enim
794 3534 845 3589 par
867 3519 962 3589 ipsam

162 3615 328 3686 factasunt,
339 3615 369 3668 at
377 3610 507 3681 stneipso
518 3611 628 3679 tactam
645 3606 773 3663 estnihil
783 3605 904 3675 (loona)
915 3619 922 3675 ;
935 3604 962 3659 in

160 3700 288 3757 omnibus
298 3708 388 3754 autem
399 3695 568 3767 temporibus
583 3692 835 3762 etismdiesjudieii
850 3692 893 3761 sit,
910 3708 962 3763 qua

159 3788 354 3860 consequentia
380 3793 469 3857 potest
497 3783 557 3853 ejus
584 3789 687 3853 partem
722 3781 860 3853 ignorare,
885 3780 961 3849 cujus

161 3883 245 3933 toturn
260 3873 390 3931 noverit?
403 3871 526 3942 Denique
540 3870 629 3939 major
642 3868 736 3924 notitia
760 3869 857 3938 Patris,
878 3883 961 3939 quam

162 3964 218 4020 diei
231 3962 335 4034 judicii,
354 3969 380 4017 et
396 3960 453 4032 ipse
470 3958 554 4014 Filius
575 3957 641 4014 dicit
657 3977 663 4013 :
679 3956 779 4013 Omnia
793 3971 853 4028 quae
872 3955 961 4010 Patris

162 4060 234 4120 sunt,
254 4051 321 4106 mihi
334 4049 433 4105 tradita
447 4052 509 4103 suut
524 4047 636 4115 (natet.
652 4047 704 4116 ιι).
718 4045 746 4101 Si
771 4044 853 4116 igitur
867 4043 961 4099 omnia

1017 3168 1130 3240 pientia,
1159 3169 1269 3238 etipsa
1294 3169 1425 3239 potentia,
1441 3179 1467 3224 et
1493 3172 1617 3242 aequitas,
1646 3182 1672 3228 et
1701 3175 1812 3241 veritas,

1018 3258 1090 3328 quod
1105 3256 1244 3328 sapientiae
1258 3258 1378 3327 potentia
1398 3257 1521 3326 cederet3
1538 3260 1616 3330 quasi
1634 3260 1680 3315 illa
1700 3263 1813 3319 recede·

1018 3353 1066 3412 ret,
1084 3354 1109 3401 et
1120 3346 1168 3401 ista
1187 3346 1344 3400 succederet
1355 3365 1362 3412 ;
1375 3353 1399 3401 et
1412 3347 1484 3418 quod
1494 3348 1522 3402 in
1542 3348 1589 3402 illo
1601 3348 1707 3417 judicio
1725 3354 1813 3424 magis

1016 3434 1131 3506 aequitas
1160 3434 1371 3504 examinaretur,
1384 3451 1465 3506 quam
1494 3436 1534 3492 vis
1547 3439 1676 3507 potentiae
1696 3456 1811 3496 exerce-

1016 3533 1096 3577 retur.
1113 3524 1264 3592 Utrumque
1291 3539 1408 3593 namque
1436 3524 1463 3578 in
1487 3524 1592 3595 judicio
1607 3525 1680 3582 illins
1708 3530 1767 3595 erit,
1784 3530 1812 3586 id

1017 3619 1059 3666 est
1085 3610 1199 3682 aequitas
1223 3610 1429 3677 examinabitur,
1445 3612 1487 3667 vel
1504 3620 1532 3668 ut
1560 3615 1648 3687 magis
1677 3617 1810 3674 catholice

1016 3699 1113 3765 dicam,
1130 3697 1356 3763 manifestabitur,
1373 3711 1400 3754 et
1412 3699 1453 3755 vis
1480 3702 1608 3771 potentiae
1625 3705 1812 3778 exercebitur,

1015 3788 1049 3842 de
1064 3803 1117 3859 quo
1132 3787 1262 3857 scriptum
1277 3794 1336 3841 est:
1355 3811 1366 3835 a
1385 3787 1496 3844 Paravit
1510 3789 1538 3844 in
1558 3789 1664 3859 judicio
1686 3795 1811 3850 thronum

1015 3890 1104 3944 suum,
1122 3883 1149 3930 et
1175 3874 1234 3945 ipse
1256 3873 1387 3944 judicabit
1403 3876 1495 3932 orbem
1511 3885 1588 3934 terrae
1616 3878 1645 3934 in
1669 3884 1807 3954 aequitate,

1011 3963 1145 4034 judicabit
1160 3964 1275 4034 populos
1290 3963 1315 4017 in
1329 3964 1432 4034 justitia
1452 3967 1537 4036 (Psol.
1552 3967 1608 4038 rx).
1627 3990 1638 4017 n
1657 3969 1690 4023 Et
1707 3989 1712 4024 ε
1732 3972 1810 4026 «1η-

1014 4051 1115 4107 dieobit
1125 4052 1217 4107 orbem
1234 4058 1312 4107 terrae
1326 4052 1355 4106 iu
1380 4054 1524 4123 equitnm
1537 4059 1563 4110 et
1578 4056 1693 4126 populos
1720 4058 1748 4112 in
1764 4075 1810 4114 ve-

163 4158 224 4215 quae
240 4140 324 4195 Patris
349 4146 422 4206 suut,
437 4136 498 4193 Filii
526 4143 597 4201 sunt,
612 4151 666 4205 qua
693 4133 798 4190 ratione
813 4134 892 4188 nnius
906 4132 961 4189 sibi
1014 4143 1090 4195 ritate
1100 4142 1323 4212 sua(Psot.xcv).
1337 4165 1348 4190 n
1366 4143 1427 4197 Non
1441 4143 1514 4196 enim
1539 4142 1568 4197 in
1581 4144 1682 4212 iudicio
1702 4147 1809 4217 sapien-

162 4229 218 4286 diei
233 4231 311 4285 Peter
332 4227 458 4282 notitiam
482 4224 641 4291 reservavit,
656 4231 681 4279 θῑ
696 4222 781 4278 n0¹uit
794 4238 855 4278 eam
879 4237 959 4276 com·
1013 4228 1051 4283 tia
1066 4228 1126 4295 Dei,
1142 4228 1185 4284 vel
1213 4230 1324 4286 scientia
1339 4228 1471 4300 proficiet,
1487 4247 1549 4286 cum
1574 4232 1650 4287 libris
1665 4233 1809 4290 conscien-

164 4317 302 4374 municare
330 4313 424 4371 tritor
445 4313 532 4386 Igitur
558 4312 622 4382 quia
647 4310 832 4382 probavimus,
864 4311 959 4366 Filium
1015 4317 1109 4372 tiaram
1128 4317 1341 4389 uniuscujusque
1370 4319 1471 4390 apertis
1512 4319 1580 4375 liber
1618 4321 1681 4377 vitre
1699 4330 1810 4394 apertus

161 4421 217 4462 non
231 4405 357 4477 ignorare
372 4398 612 4458 consummationis
627 4398 709 4466 diem,
720 4414 804 4455 causa
817 4376 999 4456 reddenuaD
1014 4405 1109 4474 tuerit,
1125 4406 1153 4459 id
1167 4414 1208 4462 est
1222 4406 1314 4462 divina
1340 4407 1520 4478 praescientia,
1538 4424 1597 4480 quae
1619 4410 1696 4465 novit
1718 4410 1810 4467 omnia

162 4502 278 4565 est,cnr
306 4492 432 4563 ignorare
458 4489 574 4544 dicatur.
593 4486 741 4558 Apostolus
755 4503 838 4558 super
861 4486 959 4543 Salva·
1015 4494 1174 4551 simulante
1203 4495 1423 4550 constitutionem
1449 4495 1807 4569 mundi.1biDeushomo,

161 4579 439 4650 torescribitrlnqao
451 4577 959 4647 omnarsantsapientioeatscientioe
1012 4582 1086 4637 Deus
1101 4582 1185 4637 virtus
1200 4591 1226 4637 et
1253 4582 1395 4653 sapientia,
1412 4583 1542 4638 mundum
1567 4584 1809 4656 judicabit,justos

163 4671 292 4729 thesauri
319 4667 476 4724 absconditi
495 4665 609 4735 (dolosa.
626 4665 666 4735 ιι).
681 4661 751 4718 Sunt
775 4679 842 4736 ergo
863 4680 958 4720 ornnes
1012 4684 1155 4741 coronans,
1185 4670 1315 4743 reprobos
1341 4671 1541 4726 condemnabit.
1567 4676 1662 4728 Annon
1689 4674 1737 4729 erit
1768 4674 1808 4730 ibi

159 4756 279 4816 thesauri
293 4756 320 4811 in
342 4755 448 4812 Christo
476 4752 618 4823 sapientiae
632 4758 659 4807 et
685 4751 815 4819 scientiae,
829 4751 877 4808 sed
892 4752 957 4806 abs-

161 4845 262 4904 conditi
273 4851 347 4899 sunt.
364 4841 454 4910 Quare
468 4840 710 4896 abscondititPost
727 4841 957 4896 resurrectionem

158 4934 341 5006 interrogatus
353 4931 388 4985 ab
400 4929 532 5001 apostolis
542 4927 576 4984 de
589 4928 643 4999 die;
658 4926 826 4983 manifestius
840 4945 957 4999 respon·

160 5022 199 5078 dit
210 5038 217 5076 ε
227 5022 338 5078 Nonaat
351 5022 487 5084 vestrum,
496 5032 577 5074 nosse
592 5020 718 5089 temporo
732 5018 776 5072 oet
801 5021 954 5082 momento,

160 5126 221 5185 qooe
235 5111 321 5165 Pater
335 5108 429 5179 posuit
451 5109 482 5162 in
498 5122 551 5162 sao
569 5108 707 5177 potestate
716 5106 789 5176 (Act.
799 5106 828 5177 ι).
841 5103 956 5173 Quando

160 5207 244 5265 dicit:
253 5222 312 5263 nort
322 5204 583 5269 salvamterram,
595 5203 715 5258 ostendit
729 5203 800 5273 quod
809 5203 868 5275 ipse
876 5205 953 5270 sciat,

157 5305 205 5360 sad
221 5304 361 5375 quodnon
378 5301 520 5372 expediret
534 5315 613 5355 nosse
628 5301 759 5372 apostolis
775 5317 782 5355 :
799 5308 828 5355 ut
846 5317 956 5372 semper

157 5401 234 5458 multi
242 5399 376 5474 [incertii]
384 5400 540 5456 daadventu
547 5398 657 5470 judicis,
667 5398 839 5470 siequotidie
849 5399 955 5469 vivant,

158 5498 237 5570 quasi
252 5497 297 5555 die
311 5497 362 5555 alia
372 5495 515 5554 indicandi
530 5494 594 5552 sint.
606 5496 730 5567 maique
748 5503 775 5554 et
784 5510 955 5568 consequens

1012 4757 1140 4830 potentia,
1152 4758 1259 4830 quando
1270 4758 1317 4829 qui
1327 4759 1421 4815 veniet
1430 4775 1518 4829 agnus
1528 4759 1555 4814 in
1563 4761 1661 4831 primo,
1675 4760 1719 4817 leo
1730 4763 1806 4818 venit

1011 4851 1041 4904 in
1054 4851 1171 4906 adventu
1186 4850 1390 4908 secundotLeo
1405 4852 1506 4924 rugiet,
1518 4853 1577 4925 quis
1598 4869 1652 4908 non
1668 4870 1804 4926 expaves·

1011 4937 1136 4994 eettLeo
1157 4939 1249 5011 rugiet
1263 4939 1291 4994 in
1303 4948 1477 5010 peccatorum
1504 4940 1682 5009 discussione,
1699 4943 1745 5014 qui
1763 4954 1803 4999 ta·

1011 5026 1066 5083 enit
1080 5042 1166 5097 agnus
1187 5026 1215 5080 in
1229 5043 1276 5082 sua
1300 5028 1436 5098 passione.
1458 5052 1469 5077 ι
1486 5029 1577 5096 Tacui,
1595 5052 1606 5079 v
1633 5031 1723 5101 inquit
1751 5047 1804 5102 per

1010 5110 1145 5179 Isaism,n
1169 5125 1280 5182 semper
1306 5110 1377 5180 silui,
1408 5112 1486 5185 quasi
1518 5114 1672 5184 parturiens
1704 5116 1803 5185 loquar

1011 5208 1090 5278 (lsai.
1110 5207 1186 5278 xtra).
1209 5231 1221 5257 a
1238 5209 1272 5263 Et
1285 5224 1334 5277 per
1354 5208 1463 5264 David:
1482 5231 1493 5257 ιι
1510 5210 1584 5282 lgnis
1598 5210 1625 5264 iu
1654 5220 1802 5282 conspectu

1008 5302 1073 5374 ejus
1088 5302 1249 5359 exardescet
1263 5318 1270 5372 ;
1282 5311 1310 5358 et
1324 5303 1352 5357 in
1362 5304 1476 5359 circuitu
1484 5305 1543 5375 ejus
1560 5312 1706 5376 tempestas
1714 5307 1803 5363 vabda

1010 5401 1128 5472 (Prolm.
1143 5403 1249 5471 xerxi.»
1266 5401 1301 5455 Et
1314 5416 1364 5472 per
1381 5401 1492 5473 Moysen
1509 5420 1515 5457 :
1534 5423 1546 5453 r
1563 5403 1637 5475 lguis
1653 5419 1800 5461 succensus

1008 5499 1088 5556 estin
1106 5498 1199 5580 furore
1211 5514 1285 5571 meo,
1296 5506 1323 5557 et
1338 5499 1444 5557 ardebit
1453 5515 1538 5574 usque
1555 5500 1590 5557 ad
1599 5500 1697 5560 interni
1706 5502 1801 5558 noris·
