<?xml version="1.0" encoding="UTF-8"?>
<!DOCTYPE html PUBLIC "-//W3C//DTD XHTML 1.0 Transitional//EN"
    "http://www.w3.org/TR/xhtml1/DTD/xhtml1-transitional.dtd">
<html xmlns="http://www.w3.org/1999/xhtml" xml:lang="en" lang="en">
 <head>
  <title>
</title>
<meta http-equiv="Content-Type" content="text/html;charset=utf-8" />
  <meta name='ocr-system' content='tesseract 3.04.00' />
  <meta name='ocr-capabilities' content='ocr_page ocr_carea ocr_par ocr_line ocrx_word'/>
</head>
<body>
  <div class='ocr_page' id='page_1' title='image "./patrologiaecurs13unkngoog_0188.png"; bbox 0 0 3728 6000; ppageno 0'>
   <div class='ocr_carea' id='block_1_1' title="bbox 71 255 1712 320">
    <p class='ocr_par' dir='ltr' id='par_1_1' title="bbox 71 255 1712 320">
     <span class='ocr_line' id='line_1_1' title="bbox 71 255 1712 320; baseline -0.004 0"><span class='ocrx_word' id='word_1_1' title='bbox 71 264 128 320; x_wconf 72' lang='grc'>365</span> <span class='ocrx_word' id='word_1_2' title='bbox 371 317 372 320; x_wconf 73' lang='grc'>,</span> <span class='ocrx_word' id='word_1_3' title='bbox 733 256 914 316; x_wconf 74' lang='lat' dir='ltr'>SPECULUM</span> <span class='ocrx_word' id='word_1_4' title='bbox 936 255 1043 314; x_wconf 68' lang='lat' dir='ltr'>tlloat.</span> <span class='ocrx_word' id='word_1_5' title='bbox 1660 257 1712 315; x_wconf 76' lang='grc'>366</span> 
     </span>
    </p>
   </div>
   <div class='ocr_carea' id='block_1_2' title="bbox 63 381 1718 895">
    <p class='ocr_par' dir='ltr' id='par_1_2' title="bbox 63 381 1718 895">
     <span class='ocr_line' id='line_1_2' title="bbox 63 381 1715 456; baseline -0.004 -13"><span class='ocrx_word' id='word_1_6' title='bbox 63 395 175 443; x_wconf 88' lang='lat' dir='ltr'>sanctos</span> <span class='ocrx_word' id='word_1_7' title='bbox 188 386 337 452; x_wconf 77' lang='lat' dir='ltr'>voluntale,</span> <span class='ocrx_word' id='word_1_8' title='bbox 360 392 516 456; x_wconf 75' lang='lat' dir='ltr'>peccatores</span> <span class='ocrx_word' id='word_1_9' title='bbox 539 400 604 440; x_wconf 89' lang='lat' dir='ltr'>vero</span> <span class='ocrx_word' id='word_1_10' title='bbox 625 383 679 439; x_wconf 90' lang='lat' dir='ltr'>sibi</span> <span class='ocrx_word' id='word_1_11' title='bbox 703 384 862 440; x_wconf 85' lang='lat' dir='ltr'>necessitato</span> <span class='ocrx_word' id='word_1_12' title='bbox 876 384 904 444; x_wconf 82' lang='grc' dir='ltr'>Α</span> <span class='ocrx_word' id='word_1_13' title='bbox 919 398 1007 437; x_wconf 80' lang='lat' dir='ltr'>ccxv:</span> <span class='ocrx_word' id='word_1_14' title='bbox 1023 383 1074 437; x_wconf 87' lang='lat' dir='ltr'>Dat</span> <span class='ocrx_word' id='word_1_15' title='bbox 1103 397 1192 437; x_wconf 87' lang='lat' dir='ltr'>escam</span> <span class='ocrx_word' id='word_1_16' title='bbox 1216 381 1427 437; x_wconf 75' lang='lat' dir='ltr'>esurientibus:</span> <span class='ocrx_word' id='word_1_17' title='bbox 1447 382 1524 435; x_wconf 80' lang='lat' dir='ltr'><strong>Putat</strong></span> <span class='ocrx_word' id='word_1_18' title='bbox 1544 383 1616 451; x_wconf 86' lang='lat' dir='ltr'>quis,</span> <span class='ocrx_word' id='word_1_19' title='bbox 1641 384 1715 452; x_wconf 91' lang='lat' dir='ltr'>quod</span> 
     </span>
     <span class='ocr_line' id='line_1_3' title="bbox 64 469 1714 546; baseline -0.004 -16"><span class='ocrx_word' id='word_1_20' title='bbox 64 474 217 546; x_wconf 85' lang='lat' dir='ltr'>subjectos.</span> <span class='ocrx_word' id='word_1_21' title='bbox 247 479 335 546; x_wconf 75' lang='lat' dir='ltr'>Atque</span> <span class='ocrx_word' id='word_1_22' title='bbox 356 475 390 528; x_wconf 88' lang='lat' dir='ltr'>ita</span> <span class='ocrx_word' id='word_1_23' title='bbox 413 473 443 530; x_wconf 83' lang='lat' dir='ltr'>lit</span> <span class='ocrx_word' id='word_1_24' title='bbox 467 483 496 528; x_wconf 88' lang='lat' dir='ltr'>ut</span> <span class='ocrx_word' id='word_1_25' title='bbox 523 473 627 528; x_wconf 85' lang='lat' dir='ltr'>inimici</span> <span class='ocrx_word' id='word_1_26' title='bbox 650 473 731 528; x_wconf 87' lang='lat' dir='ltr'>etiarn</span> <span class='ocrx_word' id='word_1_27' title='bbox 746 472 864 541; x_wconf 87' lang='lat' dir='ltr'>subjecti</span> <span class='ocrx_word' id='word_1_28' title='bbox 920 487 1018 543; x_wconf 87' lang='lat' dir='ltr'>panem</span> <span class='ocrx_word' id='word_1_29' title='bbox 1032 471 1169 527; x_wconf 64' lang='lat' dir='ltr'>caelestem</span> <span class='ocrx_word' id='word_1_30' title='bbox 1184 471 1218 526; x_wconf 88' lang='lat' dir='ltr'>de</span> <span class='ocrx_word' id='word_1_31' title='bbox 1238 471 1374 542; x_wconf 79' lang='lat' dir='ltr'>mysteriis</span> <span class='ocrx_word' id='word_1_32' title='bbox 1386 469 1472 525; x_wconf 90' lang='lat' dir='ltr'>dicut.</span> <span class='ocrx_word' id='word_1_33' title='bbox 1491 470 1525 523; x_wconf 84' lang='lat' dir='ltr'>Et</span> <span class='ocrx_word' id='word_1_34' title='bbox 1539 469 1637 525; x_wconf 86' lang='lat' dir='ltr'>detrec</span> <span class='ocrx_word' id='word_1_35' title='bbox 1651 470 1714 539; x_wconf 86' lang='lat' dir='ltr'>qui-</span> 
     </span>
     <span class='ocr_line' id='line_1_4' title="bbox 66 557 1715 636; baseline -0.004 -17"><span class='ocrx_word' id='word_1_36' title='bbox 66 564 123 620; x_wconf 89' lang='lat' dir='ltr'>sint</span> <span class='ocrx_word' id='word_1_37' title='bbox 133 565 250 636; x_wconf 90' lang='lat' dir='ltr'>pedibus</span> <span class='ocrx_word' id='word_1_38' title='bbox 265 564 333 632; x_wconf 88' lang='lat' dir='ltr'>ejus.</span> <span class='ocrx_word' id='word_1_39' title='bbox 349 586 359 612; x_wconf 76' lang='grc' dir='ltr'>ι</span> <span class='ocrx_word' id='word_1_40' title='bbox 378 565 443 618; x_wconf 88' lang='lat' dir='ltr'>item</span> <span class='ocrx_word' id='word_1_41' title='bbox 459 563 487 617; x_wconf 92' lang='lat' dir='ltr'>in</span> <span class='ocrx_word' id='word_1_42' title='bbox 502 562 586 621; x_wconf 88' lang='lat' dir='ltr'>Osee.</span> <span class='ocrx_word' id='word_1_43' title='bbox 608 579 616 618; x_wconf 91' lang='lat'><strong>:</strong></span> <span class='ocrx_word' id='word_1_44' title='bbox 634 585 645 610; x_wconf 77' lang='lat' dir='ltr'>a</span> <span class='ocrx_word' id='word_1_45' title='bbox 663 562 751 633; x_wconf 80' lang='lat' dir='ltr'>Super</span> <span class='ocrx_word' id='word_1_46' title='bbox 776 561 866 616; x_wconf 86' lang='lat' dir='ltr'>tritico</span> <span class='ocrx_word' id='word_1_47' title='bbox 920 562 982 616; x_wconf 84' lang='lat' dir='ltr'>dena</span> <span class='ocrx_word' id='word_1_48' title='bbox 994 561 1142 629; x_wconf 78' lang='lat' dir='ltr'>accipimus</span> <span class='ocrx_word' id='word_1_49' title='bbox 1154 575 1161 619; x_wconf 81' lang='grc' dir='ltr'>ι</span> <span class='ocrx_word' id='word_1_50' title='bbox 1174 561 1235 631; x_wconf 87' lang='lat' dir='ltr'>quia</span> <span class='ocrx_word' id='word_1_51' title='bbox 1251 576 1314 616; x_wconf 88' lang='lat' dir='ltr'>rere</span> <span class='ocrx_word' id='word_1_52' title='bbox 1337 574 1403 620; x_wconf 82' lang='lat' dir='ltr'>caro</span> <span class='ocrx_word' id='word_1_53' title='bbox 1428 557 1526 614; x_wconf 85' lang='lat' dir='ltr'>Christi</span> <span class='ocrx_word' id='word_1_54' title='bbox 1549 563 1602 613; x_wconf 88' lang='lat' dir='ltr'>cst.</span> <span class='ocrx_word' id='word_1_55' title='bbox 1625 558 1715 614; x_wconf 74' lang='lat' dir='ltr'>Cate-</span> 
     </span>
     <span class='ocr_line' id='line_1_5' title="bbox 65 648 1718 723; baseline -0.003 -15"><span class='ocrx_word' id='word_1_56' title='bbox 65 661 93 708; x_wconf 87' lang='lat' dir='ltr'>et</span> <span class='ocrx_word' id='word_1_57' title='bbox 104 654 172 708; x_wconf 88' lang='lat' dir='ltr'>vino</span> <span class='ocrx_word' id='word_1_58' title='bbox 188 653 266 707; x_wconf 81' lang='lat' dir='ltr'>salsis</span> <span class='ocrx_word' id='word_1_59' title='bbox 288 651 422 723; x_wconf 71' lang='lat' dir='ltr'>mysteriis</span> <span class='ocrx_word' id='word_1_60' title='bbox 434 651 556 722; x_wconf 90' lang='lat' dir='ltr'>corporis</span> <span class='ocrx_word' id='word_1_61' title='bbox 570 659 597 705; x_wconf 91' lang='lat' dir='ltr'>et</span> <span class='ocrx_word' id='word_1_62' title='bbox 616 651 759 722; x_wconf 80' lang='lat' dir='ltr'>sanguinis</span> <span class='ocrx_word' id='word_1_63' title='bbox 783 648 866 703; x_wconf 89' lang='lat' dir='ltr'>Chri·</span> <span class='ocrx_word' id='word_1_64' title='bbox 920 667 979 704; x_wconf 90' lang='lat' dir='ltr'>rum</span> <span class='ocrx_word' id='word_1_65' title='bbox 995 651 1119 709; x_wconf 85' lang='lat' dir='ltr'>dicamus</span> <span class='ocrx_word' id='word_1_66' title='bbox 1133 649 1218 717; x_wconf 90' lang='lat' dir='ltr'>aliter,</span> <span class='ocrx_word' id='word_1_67' title='bbox 1233 651 1314 720; x_wconf 88' lang='lat' dir='ltr'>panis</span> <span class='ocrx_word' id='word_1_68' title='bbox 1333 648 1469 717; x_wconf 88' lang='lat' dir='ltr'>Christus,</span> <span class='ocrx_word' id='word_1_69' title='bbox 1479 663 1543 703; x_wconf 89' lang='lat' dir='ltr'>caro</span> <span class='ocrx_word' id='word_1_70' title='bbox 1558 648 1718 718; x_wconf 84' lang='lat' dir='ltr'>ejusscrnro</span> 
     </span>
     <span class='ocr_line' id='line_1_6' title="bbox 66 736 1718 808; baseline -0.002 -12"><span class='ocrx_word' id='word_1_71' title='bbox 66 742 100 796; x_wconf 87' lang='lat' dir='ltr'>sti</span> <span class='ocrx_word' id='word_1_72' title='bbox 112 740 234 797; x_wconf 80' lang='lat' dir='ltr'>baeretici</span> <span class='ocrx_word' id='word_1_73' title='bbox 250 741 439 807; x_wconf 82' lang='lat' dir='ltr'>conciduntur,</span> <span class='ocrx_word' id='word_1_74' title='bbox 463 748 490 795; x_wconf 91' lang='lat' dir='ltr'>et</span> <span class='ocrx_word' id='word_1_75' title='bbox 507 739 614 794; x_wconf 84' lang='lat' dir='ltr'>dirersa</span> <span class='ocrx_word' id='word_1_76' title='bbox 631 738 683 793; x_wconf 91' lang='lat' dir='ltr'>sibi</span> <span class='ocrx_word' id='word_1_77' title='bbox 703 738 869 794; x_wconf 87' lang='lat' dir='ltr'>constituunt</span> <span class='ocrx_word' id='word_1_78' title='bbox 921 739 1033 793; x_wconf 80' lang='lat' dir='ltr'>diuinus</span> <span class='ocrx_word' id='word_1_79' title='bbox 1049 744 1098 808; x_wconf 89' lang='lat' dir='ltr'>est,</span> <span class='ocrx_word' id='word_1_80' title='bbox 1120 747 1146 794; x_wconf 88' lang='lat' dir='ltr'>ct</span> <span class='ocrx_word' id='word_1_81' title='bbox 1160 739 1285 794; x_wconf 88' lang='lat' dir='ltr'>doctrina</span> <span class='ocrx_word' id='word_1_82' title='bbox 1304 736 1429 803; x_wconf 67' lang='lat' dir='ltr'>eoelestis,</span> <span class='ocrx_word' id='word_1_83' title='bbox 1447 753 1508 808; x_wconf 77' lang='lat' dir='ltr'>quae</span> <span class='ocrx_word' id='word_1_84' title='bbox 1522 736 1644 792; x_wconf 89' lang='lat' dir='ltr'>anirnarn</span> <span class='ocrx_word' id='word_1_85' title='bbox 1664 751 1718 792; x_wconf 88' lang='lat' dir='ltr'>aa·</span> 
     </span>
     <span class='ocr_line' id='line_1_7' title="bbox 67 826 1153 895; baseline -0.002 -10"><span class='ocrx_word' id='word_1_86' title='bbox 67 829 252 895; x_wconf 88' lang='lat' dir='ltr'>tabernacula,</span> <span class='ocrx_word' id='word_1_87' title='bbox 272 833 299 884; x_wconf 90' lang='lat' dir='ltr'>et</span> <span class='ocrx_word' id='word_1_88' title='bbox 313 829 402 885; x_wconf 86' lang='lat' dir='ltr'>eversi</span> <span class='ocrx_word' id='word_1_89' title='bbox 424 837 486 883; x_wconf 90' lang='lat' dir='ltr'>sunt</span> <span class='ocrx_word' id='word_1_90' title='bbox 500 829 527 882; x_wconf 90' lang='lat' dir='ltr'>in</span> <span class='ocrx_word' id='word_1_91' title='bbox 548 829 677 882; x_wconf 88' lang='lat' dir='ltr'>nihilum:</span> <span class='ocrx_word' id='word_1_92' title='bbox 689 828 795 883; x_wconf 89' lang='lat' dir='ltr'>sienim</span> <span class='ocrx_word' id='word_1_93' title='bbox 817 844 866 882; x_wconf 85' lang='lat' dir='ltr'>vc·</span> <span class='ocrx_word' id='word_1_94' title='bbox 921 831 1004 882; x_wconf 92' lang='lat' dir='ltr'>stram</span> <span class='ocrx_word' id='word_1_95' title='bbox 1020 826 1120 883; x_wconf 79' lang='lat' dir='ltr'>reficit.</span> <span class='ocrx_word' id='word_1_96' title='bbox 1142 852 1153 874; x_wconf 71' lang='lat' dir='ltr'>a</span> 
     </span>
    </p>
   </div>
   <div class='ocr_carea' id='block_1_3' title="bbox 66 915 1721 1076">
    <p class='ocr_par' dir='ltr' id='par_1_3' title="bbox 66 915 1721 1076">
     <span class='ocr_line' id='line_1_8' title="bbox 66 915 1721 1007; baseline -0.001 -17"><span class='ocrx_word' id='word_1_97' title='bbox 66 918 136 974; x_wconf 58' lang='lat'><strong>&#39;1¹¹⁸</strong></span> <span class='ocrx_word' id='word_1_98' title='bbox 166 919 239 973; x_wconf 67' lang='lat'>⁰0³⁵</span> <span class='ocrx_word' id='word_1_99' title='bbox 260 925 313 986; x_wconf 67' lang='lat'>⁰⁵²,</span> <span class='ocrx_word' id='word_1_100' title='bbox 344 917 479 989; x_wconf 58' lang='lat' dir='ltr'>quidqffld</span> <span class='ocrx_word' id='word_1_101' title='bbox 504 925 544 971; x_wconf 53' lang='grc' dir='ltr'>θεῖ</span> <span class='ocrx_word' id='word_1_102' title='bbox 567 916 731 972; x_wconf 64' lang='lat' dir='ltr'>⁰⁰⁰²l³ll⁰m</span> <span class='ocrx_word' id='word_1_103' title='bbox 751 915 865 983; x_wconf 63' lang='lat' dir='ltr'>Velflflfir</span> <span class='ocrx_word' id='word_1_104' title='bbox 924 931 1721 1007; x_wconf 72' lang='lat' dir='ltr'>arpltctttttcrcomntGuttlermtrtecorporeetscapulae</span> 
     </span>
     <span class='ocr_line' id='line_1_9' title="bbox 66 1003 1418 1076; baseline -0.003 -14"><span class='ocrx_word' id='word_1_105' title='bbox 66 1007 244 1064; x_wconf 87' lang='lat' dir='ltr'>mendacium</span> <span class='ocrx_word' id='word_1_106' title='bbox 259 1014 311 1074; x_wconf 85' lang='lat' dir='ltr'>est,</span> <span class='ocrx_word' id='word_1_107' title='bbox 328 1015 354 1062; x_wconf 89' lang='lat' dir='ltr'>et</span> <span class='ocrx_word' id='word_1_108' title='bbox 369 1005 438 1060; x_wconf 91' lang='lat' dir='ltr'>nihil</span> <span class='ocrx_word' id='word_1_109' title='bbox 452 1006 620 1061; x_wconf 88' lang='lat' dir='ltr'>nominatur.</span> <span class='ocrx_word' id='word_1_110' title='bbox 643 1028 654 1054; x_wconf 78' lang='grc' dir='ltr'>ι</span> <span class='ocrx_word' id='word_1_111' title='bbox 677 1007 743 1061; x_wconf 88' lang='lat' dir='ltr'>item</span> <span class='ocrx_word' id='word_1_112' title='bbox 760 1007 787 1059; x_wconf 94' lang='lat' dir='ltr'>in</span> <span class='ocrx_word' id='word_1_113' title='bbox 798 1006 867 1076; x_wconf 86' lang='lat' dir='ltr'>psal.</span> <span class='ocrx_word' id='word_1_114' title='bbox 1223 1005 1340 1060; x_wconf 83' lang='lat' dir='ltr'>Domini</span> <span class='ocrx_word' id='word_1_115' title='bbox 1350 1003 1418 1075; x_wconf 73' lang='lat'>(52).</span> 
     </span>
    </p>
   </div>
   <div class='ocr_carea' id='block_1_4' title="bbox 104 1129 593 1201">
    <p class='ocr_par' dir='ltr' id='par_1_4' title="bbox 104 1129 593 1201">
     <span class='ocr_line' id='line_1_10' title="bbox 104 1129 593 1201; baseline -0.004 -17"><span class='ocrx_word' id='word_1_116' title='bbox 104 1130 163 1201; x_wconf 68' lang='grc' dir='ltr'>(δι)</span> <span class='ocrx_word' id='word_1_117' title='bbox 181 1130 221 1184; x_wconf 84' lang='lat' dir='ltr'>Ex</span> <span class='ocrx_word' id='word_1_118' title='bbox 236 1129 378 1186; x_wconf 89' lang='lat' dir='ltr'>codicibus</span> <span class='ocrx_word' id='word_1_119' title='bbox 393 1129 593 1201; x_wconf 85' lang='lat' dir='ltr'>manuscriptis.</span> 
     </span>
    </p>
   </div>
   <div class='ocr_carea' id='block_1_5' title="bbox 332 1336 1464 1364">
    <p class='ocr_par' dir='ltr' id='par_1_5' title="bbox 332 1336 1464 1364">
     <span class='ocr_line' id='line_1_11' title="bbox 332 1336 1464 1364; baseline 0.001 -6"><span class='ocrx_word' id='word_1_120' title='bbox 332 1348 919 1358; x_wconf 55' lang='lat' dir='ltr'>m—--m</span> <span class='ocrx_word' id='word_1_121' title='bbox 926 1336 1464 1364; x_wconf 44' lang='lat' dir='ltr'>nummu:</span> 
     </span>
    </p>
   </div>
   <div class='ocr_carea' id='block_1_6' title="bbox 573 1495 1264 1601">
    <p class='ocr_par' dir='ltr' id='par_1_6' title="bbox 573 1495 1264 1601">
     <span class='ocr_line' id='line_1_12' title="bbox 573 1495 1264 1601; baseline 0.001 -1"><span class='ocrx_word' id='word_1_122' title='bbox 573 1495 966 1601; x_wconf 80' lang='lat' dir='ltr'><strong>SPECULUM</strong></span> <span class='ocrx_word' id='word_1_123' title='bbox 1041 1499 1264 1601; x_wconf 75' lang='lat' dir='ltr'>albat.</span> 
     </span>
    </p>
   </div>
   <div class='ocr_carea' id='block_1_7' title="bbox 603 1739 1207 1812">
    <p class='ocr_par' dir='ltr' id='par_1_7' title="bbox 603 1739 1207 1812">
     <span class='ocr_line' id='line_1_13' title="bbox 603 1739 1207 1812; baseline -0.003 -16"><span class='ocrx_word' id='word_1_124' title='bbox 603 1739 786 1807; x_wconf 76' lang='lat' dir='ltr'>(Bibliotheca</span> <span class='ocrx_word' id='word_1_125' title='bbox 803 1739 918 1797; x_wconf 76' lang='lat' dir='ltr'>distare.</span> <span class='ocrx_word' id='word_1_126' title='bbox 935 1740 979 1794; x_wconf 90' lang='lat' dir='ltr'>ubi</span> <span class='ocrx_word' id='word_1_127' title='bbox 996 1755 1091 1812; x_wconf 90' lang='lat' dir='ltr'>supra,</span> <span class='ocrx_word' id='word_1_128' title='bbox 1105 1756 1133 1812; x_wconf 91' lang='lat' dir='ltr'>p.</span> <span class='ocrx_word' id='word_1_129' title='bbox 1151 1741 1207 1810; x_wconf 79' lang='lat'><strong>79.)</strong></span> 
     </span>
    </p>
   </div>
   <div class='ocr_carea' id='block_1_8' title="bbox 784 1925 1024 1941">
    <p class='ocr_par' dir='ltr' id='par_1_8' title="bbox 784 1925 1024 1941">
     <span class='ocr_line' id='line_1_14' title="bbox 784 1925 1024 1941; baseline -0.008 0"><span class='ocrx_word' id='word_1_130' title='bbox 784 1925 1024 1941; x_wconf 53' lang='lat' dir='ltr'>mmm</span> 
     </span>
    </p>
   </div>
   <div class='ocr_carea' id='block_1_9' title="bbox 76 2105 1737 2448">
    <p class='ocr_par' dir='ltr' id='par_1_9' title="bbox 76 2105 1737 2448">
     <span class='ocr_line' id='line_1_15' title="bbox 111 2105 1734 2181; baseline 0 -17"><span class='ocrx_word' id='word_1_131' title='bbox 111 2106 298 2165; x_wconf 83' lang='lat' dir='ltr'>Interamnia</span> <span class='ocrx_word' id='word_1_132' title='bbox 319 2105 508 2162; x_wconf 88' lang='lat' dir='ltr'>salutarinDoi</span> <span class='ocrx_word' id='word_1_133' title='bbox 531 2105 688 2161; x_wconf 88' lang='lat' dir='ltr'>salutarium</span> <span class='ocrx_word' id='word_1_134' title='bbox 710 2108 995 2176; x_wconf 83' lang='lat' dir='ltr'>nostrorum,Bdeur</span> <span class='ocrx_word' id='word_1_135' title='bbox 1024 2109 1052 2162; x_wconf 87' lang='lat' dir='ltr'>et</span> <span class='ocrx_word' id='word_1_136' title='bbox 1081 2121 1140 2161; x_wconf 89' lang='lat' dir='ltr'>rem</span> <span class='ocrx_word' id='word_1_137' title='bbox 1156 2122 1185 2161; x_wconf 91' lang='lat' dir='ltr'>se</span> <span class='ocrx_word' id='word_1_138' title='bbox 1217 2105 1331 2174; x_wconf 90' lang='lat' dir='ltr'>habere,</span> <span class='ocrx_word' id='word_1_139' title='bbox 1348 2106 1419 2162; x_wconf 89' lang='lat' dir='ltr'>sicut</span> <span class='ocrx_word' id='word_1_140' title='bbox 1439 2106 1549 2174; x_wconf 87' lang='lat' dir='ltr'>dicitur,</span> <span class='ocrx_word' id='word_1_141' title='bbox 1566 2112 1646 2181; x_wconf 83' lang='lat' dir='ltr'>atque</span> <span class='ocrx_word' id='word_1_142' title='bbox 1660 2108 1697 2164; x_wconf 91' lang='lat' dir='ltr'>ita</span> <span class='ocrx_word' id='word_1_143' title='bbox 1711 2109 1734 2165; x_wconf 88' lang='lat' dir='ltr'>si</span> 
     </span>
     <span class='ocr_line' id='line_1_16' title="bbox 76 2193 1737 2273; baseline -0.001 -19"><span class='ocrx_word' id='word_1_144' title='bbox 76 2216 141 2273; x_wconf 86' lang='lat' dir='ltr'>quae</span> <span class='ocrx_word' id='word_1_145' title='bbox 156 2199 230 2252; x_wconf 85' lang='lat' dir='ltr'>Deus</span> <span class='ocrx_word' id='word_1_146' title='bbox 244 2204 345 2262; x_wconf 87' lang='lat' dir='ltr'>noster,</span> <span class='ocrx_word' id='word_1_147' title='bbox 364 2197 435 2251; x_wconf 89' lang='lat' dir='ltr'>Deus</span> <span class='ocrx_word' id='word_1_148' title='bbox 455 2195 547 2250; x_wconf 88' lang='lat' dir='ltr'>salros</span> <span class='ocrx_word' id='word_1_149' title='bbox 563 2195 681 2250; x_wconf 87' lang='lat' dir='ltr'>taciendi</span> <span class='ocrx_word' id='word_1_150' title='bbox 697 2197 762 2267; x_wconf 78' lang='lat'>(53),</span> <span class='ocrx_word' id='word_1_151' title='bbox 778 2196 881 2252; x_wconf 87' lang='lat' dir='ltr'>homini</span> <span class='ocrx_word' id='word_1_152' title='bbox 935 2195 1027 2250; x_wconf 87' lang='lat' dir='ltr'>ridere</span> <span class='ocrx_word' id='word_1_153' title='bbox 1039 2193 1165 2264; x_wconf 89' lang='lat' dir='ltr'>potuerit,</span> <span class='ocrx_word' id='word_1_154' title='bbox 1196 2212 1225 2249; x_wconf 91' lang='lat' dir='ltr'>se</span> <span class='ocrx_word' id='word_1_155' title='bbox 1245 2211 1304 2250; x_wconf 88' lang='lat' dir='ltr'>osse</span> <span class='ocrx_word' id='word_1_156' title='bbox 1329 2196 1460 2263; x_wconf 84' lang='lat' dir='ltr'>visuram,</span> <span class='ocrx_word' id='word_1_157' title='bbox 1492 2197 1582 2251; x_wconf 89' lang='lat' dir='ltr'>sanari</span> <span class='ocrx_word' id='word_1_158' title='bbox 1606 2205 1737 2253; x_wconf 88' lang='lat' dir='ltr'>tamense</span> 
     </span>
     <span class='ocr_line' id='line_1_17' title="bbox 76 2283 1731 2358; baseline -0.002 -14"><span class='ocrx_word' id='word_1_159' title='bbox 76 2289 113 2344; x_wconf 80' lang='lat' dir='ltr'>ad</span> <span class='ocrx_word' id='word_1_160' title='bbox 129 2288 245 2342; x_wconf 86' lang='lat' dir='ltr'>salutem</span> <span class='ocrx_word' id='word_1_161' title='bbox 260 2301 335 2340; x_wconf 89' lang='lat' dir='ltr'>suam</span> <span class='ocrx_word' id='word_1_162' title='bbox 360 2283 502 2356; x_wconf 85' lang='lat' dir='ltr'>proposuit</span> <span class='ocrx_word' id='word_1_163' title='bbox 523 2283 707 2351; x_wconf 76' lang='lat' dir='ltr'>observanda,</span> <span class='ocrx_word' id='word_1_164' title='bbox 728 2284 796 2340; x_wconf 91' lang='lat' dir='ltr'>sicat</span> <span class='ocrx_word' id='word_1_165' title='bbox 818 2285 883 2340; x_wconf 86' lang='lat' dir='ltr'>dicit</span> <span class='ocrx_word' id='word_1_166' title='bbox 936 2300 1017 2354; x_wconf 88' lang='lat' dir='ltr'>posse</span> <span class='ocrx_word' id='word_1_167' title='bbox 1033 2283 1168 2356; x_wconf 85' lang='lat' dir='ltr'>desperet,</span> <span class='ocrx_word' id='word_1_168' title='bbox 1185 2299 1319 2339; x_wconf 83' lang='lat' dir='ltr'>nonnose</span> <span class='ocrx_word' id='word_1_169' title='bbox 1334 2301 1445 2356; x_wconf 89' lang='lat' dir='ltr'>prorsus</span> <span class='ocrx_word' id='word_1_170' title='bbox 1467 2285 1559 2354; x_wconf 85' lang='lat' dir='ltr'>abjicit</span> <span class='ocrx_word' id='word_1_171' title='bbox 1573 2292 1731 2358; x_wconf 88' lang='lat' dir='ltr'>utquecna-</span> 
     </span>
     <span class='ocr_line' id='line_1_18' title="bbox 78 2373 1733 2448; baseline -0.002 -16"><span class='ocrx_word' id='word_1_172' title='bbox 78 2374 237 2448; x_wconf 77' lang='lat' dir='ltr'>Apostolus</span> <span class='ocrx_word' id='word_1_173' title='bbox 258 2374 281 2443; x_wconf 88' lang='lat' dir='ltr'>(l</span> <span class='ocrx_word' id='word_1_174' title='bbox 302 2373 363 2429; x_wconf 81' lang='lat' dir='ltr'>Cor.</span> <span class='ocrx_word' id='word_1_175' title='bbox 381 2377 452 2442; x_wconf 79' lang='lat' dir='ltr'>arn),</span> <span class='ocrx_word' id='word_1_176' title='bbox 470 2396 481 2421; x_wconf 79' lang='lat' dir='ltr'>a</span> <span class='ocrx_word' id='word_1_177' title='bbox 498 2380 607 2428; x_wconf 88' lang='lat' dir='ltr'>manent</span> <span class='ocrx_word' id='word_1_178' title='bbox 628 2373 680 2426; x_wconf 85' lang='lat' dir='ltr'>tria</span> <span class='ocrx_word' id='word_1_179' title='bbox 704 2374 773 2441; x_wconf 87' lang='lat' dir='ltr'>haec,</span> <span class='ocrx_word' id='word_1_180' title='bbox 802 2373 878 2439; x_wconf 86' lang='lat' dir='ltr'>fides,</span> <span class='ocrx_word' id='word_1_181' title='bbox 935 2373 1042 2440; x_wconf 87' lang='lat' dir='ltr'>temnit,</span> <span class='ocrx_word' id='word_1_182' title='bbox 1059 2389 1108 2428; x_wconf 87' lang='lat' dir='ltr'>aee</span> <span class='ocrx_word' id='word_1_183' title='bbox 1137 2374 1281 2444; x_wconf 75' lang='lat' dir='ltr'>praeceptis</span> <span class='ocrx_word' id='word_1_184' title='bbox 1305 2374 1403 2429; x_wconf 85' lang='lat' dir='ltr'>medici</span> <span class='ocrx_word' id='word_1_185' title='bbox 1423 2373 1601 2445; x_wconf 90' lang='lat' dir='ltr'>obtemperat,</span> <span class='ocrx_word' id='word_1_186' title='bbox 1616 2390 1733 2445; x_wconf 78' lang='lat' dir='ltr'>praeser-</span> 
     </span>
    </p>
   </div>
   <div class='ocr_carea' id='block_1_10' title="bbox 79 2444 1849 2537">
    <p class='ocr_par' dir='ltr' id='par_1_10' title="bbox 79 2444 1849 2537">
     <span class='ocr_line' id='line_1_19' title="bbox 79 2444 1849 2537; baseline -0.001 -17"><span class='ocrx_word' id='word_1_187' title='bbox 79 2482 155 2537; x_wconf 83' lang='lat' dir='ltr'>spes,</span> <span class='ocrx_word' id='word_1_188' title='bbox 194 2463 323 2527; x_wconf 89' lang='lat' dir='ltr'>ebaritas,</span> <span class='ocrx_word' id='word_1_189' title='bbox 352 2486 363 2510; x_wconf 71' lang='grc' dir='ltr'>ι</span> <span class='ocrx_word' id='word_1_190' title='bbox 390 2462 506 2516; x_wconf 86' lang='lat' dir='ltr'>maxime</span> <span class='ocrx_word' id='word_1_191' title='bbox 543 2461 716 2516; x_wconf 83' lang='lat' dir='ltr'>observanda</span> <span class='ocrx_word' id='word_1_192' title='bbox 742 2463 882 2518; x_wconf 79' lang='lat' dir='ltr'>salvandis</span> <span class='ocrx_word' id='word_1_193' title='bbox 937 2462 984 2515; x_wconf 88' lang='lat' dir='ltr'>tim</span> <span class='ocrx_word' id='word_1_194' title='bbox 1000 2462 1061 2531; x_wconf 87' lang='lat' dir='ltr'>quia</span> <span class='ocrx_word' id='word_1_195' title='bbox 1078 2469 1212 2532; x_wconf 84' lang='lat' dir='ltr'>praecepta</span> <span class='ocrx_word' id='word_1_196' title='bbox 1227 2463 1288 2533; x_wconf 91' lang='lat' dir='ltr'>ipsa</span> <span class='ocrx_word' id='word_1_197' title='bbox 1303 2479 1415 2519; x_wconf 88' lang='lat' dir='ltr'>neeesse</span> <span class='ocrx_word' id='word_1_198' title='bbox 1431 2470 1471 2519; x_wconf 89' lang='lat' dir='ltr'>est</span> <span class='ocrx_word' id='word_1_199' title='bbox 1490 2470 1520 2518; x_wconf 87' lang='lat' dir='ltr'>ut</span> <span class='ocrx_word' id='word_1_200' title='bbox 1534 2463 1648 2518; x_wconf 88' lang='lat' dir='ltr'>morbus</span> <span class='ocrx_word' id='word_1_201' title='bbox 1664 2463 1735 2521; x_wconf 81' lang='lat' dir='ltr'>dara</span> <span class='ocrx_word' id='word_1_202' title='bbox 1811 2532 1814 2537; x_wconf 21' lang='lat'>¹</span> <span class='ocrx_word' id='word_1_203' title='bbox 1846 2444 1849 2449; x_wconf 33' lang='lat'>¹</span> 
     </span>
    </p>
   </div>
   <div class='ocr_carea' id='block_1_11' title="bbox 77 2549 1738 5461">
    <p class='ocr_par' dir='ltr' id='par_1_11' title="bbox 77 2549 1738 5461">
     <span class='ocr_line' id='line_1_20' title="bbox 77 2549 1728 2622; baseline -0.001 -12"><span class='ocrx_word' id='word_1_204' title='bbox 77 2554 254 2610; x_wconf 90' lang='lat' dir='ltr'>mortalibus.</span> <span class='ocrx_word' id='word_1_205' title='bbox 264 2552 420 2606; x_wconf 89' lang='lat' dir='ltr'>llnncenim</span> <span class='ocrx_word' id='word_1_206' title='bbox 441 2550 585 2605; x_wconf 81' lang='lat' dir='ltr'>trinitatem</span> <span class='ocrx_word' id='word_1_207' title='bbox 601 2550 743 2606; x_wconf 88' lang='lat' dir='ltr'>constituit</span> <span class='ocrx_word' id='word_1_208' title='bbox 765 2551 881 2606; x_wconf 85' lang='lat' dir='ltr'>Trinitas</span> <span class='ocrx_word' id='word_1_209' title='bbox 936 2549 1033 2605; x_wconf 87' lang='lat' dir='ltr'>sentiat</span> <span class='ocrx_word' id='word_1_210' title='bbox 1047 2550 1060 2601; x_wconf 84' lang='lat' dir='ltr'>‘l</span> <span class='ocrx_word' id='word_1_211' title='bbox 1076 2551 1150 2622; x_wconf 78' lang='lat' dir='ltr'>Ergo</span> <span class='ocrx_word' id='word_1_212' title='bbox 1173 2550 1236 2606; x_wconf 83' lang='grc' dir='ltr'>ιιιιιι</span> <span class='ocrx_word' id='word_1_213' title='bbox 1248 2567 1311 2622; x_wconf 87' lang='lat' dir='ltr'>spes</span> <span class='ocrx_word' id='word_1_214' title='bbox 1327 2551 1485 2621; x_wconf 86' lang='lat' dir='ltr'>adjicienda</span> <span class='ocrx_word' id='word_1_215' title='bbox 1500 2560 1548 2607; x_wconf 90' lang='lat' dir='ltr'>est.</span> <span class='ocrx_word' id='word_1_216' title='bbox 1561 2551 1633 2620; x_wconf 80' lang='lat' dir='ltr'>Quid</span> <span class='ocrx_word' id='word_1_217' title='bbox 1649 2553 1684 2619; x_wconf 91' lang='lat' dir='ltr'>si,</span> <span class='ocrx_word' id='word_1_218' title='bbox 1700 2560 1728 2608; x_wconf 89' lang='lat' dir='ltr'>et</span> 
     </span>
     <span class='ocr_line' id='line_1_21' title="bbox 78 2637 1735 2711; baseline -0.001 -13"><span class='ocrx_word' id='word_1_219' title='bbox 78 2651 176 2699; x_wconf 84' lang='lat' dir='ltr'>saneta</span> <span class='ocrx_word' id='word_1_220' title='bbox 190 2642 217 2695; x_wconf 93' lang='lat' dir='ltr'>in</span> <span class='ocrx_word' id='word_1_221' title='bbox 233 2650 323 2695; x_wconf 89' lang='lat' dir='ltr'>mente</span> <span class='ocrx_word' id='word_1_222' title='bbox 339 2638 464 2704; x_wconf 65' lang='lat' dir='ltr'>fidelissi</span> <span class='ocrx_word' id='word_1_223' title='bbox 476 2639 623 2710; x_wconf 78' lang='lat' dir='ltr'>imaginem</span> <span class='ocrx_word' id='word_1_224' title='bbox 634 2647 659 2692; x_wconf 89' lang='lat' dir='ltr'>et</span> <span class='ocrx_word' id='word_1_225' title='bbox 676 2639 881 2695; x_wconf 87' lang='lat' dir='ltr'>similitudinem</span> <span class='ocrx_word' id='word_1_226' title='bbox 936 2637 1112 2693; x_wconf 89' lang='lat' dir='ltr'>eredatitnse</span> <span class='ocrx_word' id='word_1_227' title='bbox 1128 2638 1227 2693; x_wconf 87' lang='lat' dir='ltr'>habere</span> <span class='ocrx_word' id='word_1_228' title='bbox 1242 2641 1346 2706; x_wconf 85' lang='lat' dir='ltr'>orunia,</span> <span class='ocrx_word' id='word_1_229' title='bbox 1362 2648 1389 2695; x_wconf 92' lang='lat' dir='ltr'>et</span> <span class='ocrx_word' id='word_1_230' title='bbox 1412 2656 1440 2696; x_wconf 88' lang='lat' dir='ltr'>se</span> <span class='ocrx_word' id='word_1_231' title='bbox 1468 2649 1558 2710; x_wconf 89' lang='lat' dir='ltr'>speret</span> <span class='ocrx_word' id='word_1_232' title='bbox 1586 2657 1667 2711; x_wconf 85' lang='lat' dir='ltr'>posse</span> <span class='ocrx_word' id='word_1_233' title='bbox 1686 2657 1735 2696; x_wconf 89' lang='lat' dir='ltr'>sa-</span> 
     </span>
     <span class='ocr_line' id='line_1_22' title="bbox 77 2725 1735 2800; baseline -0.002 -13"><span class='ocrx_word' id='word_1_234' title='bbox 77 2747 169 2797; x_wconf 88' lang='lat' dir='ltr'>suam,</span> <span class='ocrx_word' id='word_1_235' title='bbox 195 2745 247 2799; x_wconf 91' lang='lat' dir='ltr'>qua</span> <span class='ocrx_word' id='word_1_236' title='bbox 272 2742 434 2783; x_wconf 75' lang='lat' dir='ltr'>renovamur</span> <span class='ocrx_word' id='word_1_237' title='bbox 458 2727 491 2781; x_wconf 91' lang='lat' dir='ltr'>nd</span> <span class='ocrx_word' id='word_1_238' title='bbox 511 2727 660 2799; x_wconf 86' lang='lat' dir='ltr'>imaginem</span> <span class='ocrx_word' id='word_1_239' title='bbox 681 2727 740 2796; x_wconf 88' lang='lat' dir='ltr'>ejus</span> <span class='ocrx_word' id='word_1_240' title='bbox 763 2727 809 2799; x_wconf 90' lang='lat' dir='ltr'>qui</span> <span class='ocrx_word' id='word_1_241' title='bbox 833 2744 883 2784; x_wconf 92' lang='lat' dir='ltr'>nos</span> <span class='ocrx_word' id='word_1_242' title='bbox 935 2725 1006 2794; x_wconf 89' lang='lat' dir='ltr'>uari,</span> <span class='ocrx_word' id='word_1_243' title='bbox 1024 2731 1108 2796; x_wconf 89' lang='lat' dir='ltr'>ipsam</span> <span class='ocrx_word' id='word_1_244' title='bbox 1125 2729 1460 2799; x_wconf 78' lang='lat' dir='ltr'>tamenquaepromittitur</span> <span class='ocrx_word' id='word_1_245' title='bbox 1474 2729 1565 2784; x_wconf 88' lang='lat' dir='ltr'>lucem</span> <span class='ocrx_word' id='word_1_246' title='bbox 1581 2745 1636 2784; x_wconf 90' lang='lat' dir='ltr'>non</span> <span class='ocrx_word' id='word_1_247' title='bbox 1651 2738 1735 2800; x_wconf 88' lang='lat' dir='ltr'>amet,</span> 
     </span>
     <span class='ocr_line' id='line_1_23' title="bbox 79 2815 1736 2889; baseline 0 -14"><span class='ocrx_word' id='word_1_248' title='bbox 79 2819 196 2882; x_wconf 81' lang='lat' dir='ltr'>crearit,</span> <span class='ocrx_word' id='word_1_249' title='bbox 214 2818 240 2871; x_wconf 90' lang='lat' dir='ltr'>iu</span> <span class='ocrx_word' id='word_1_250' title='bbox 256 2816 364 2872; x_wconf 90' lang='lat' dir='ltr'>homine</span> <span class='ocrx_word' id='word_1_251' title='bbox 381 2824 476 2870; x_wconf 86' lang='lat' dir='ltr'>nostro</span> <span class='ocrx_word' id='word_1_252' title='bbox 492 2815 620 2870; x_wconf 91' lang='lat' dir='ltr'>interiori</span> <span class='ocrx_word' id='word_1_253' title='bbox 638 2831 644 2884; x_wconf 88' lang='lat'>;</span> <span class='ocrx_word' id='word_1_254' title='bbox 657 2824 683 2870; x_wconf 90' lang='lat' dir='ltr'>et</span> <span class='ocrx_word' id='word_1_255' title='bbox 698 2817 757 2886; x_wconf 89' lang='lat' dir='ltr'>ipsa</span> <span class='ocrx_word' id='word_1_256' title='bbox 767 2824 808 2871; x_wconf 91' lang='lat' dir='ltr'>est</span> <span class='ocrx_word' id='word_1_257' title='bbox 822 2832 882 2871; x_wconf 90' lang='lat' dir='ltr'>ma·</span> <span class='ocrx_word' id='word_1_258' title='bbox 935 2831 988 2870; x_wconf 93' lang='lat' dir='ltr'>noa</span> <span class='ocrx_word' id='word_1_259' title='bbox 1003 2815 1156 2870; x_wconf 87' lang='lat' dir='ltr'>desideret:</span> <span class='ocrx_word' id='word_1_260' title='bbox 1174 2817 1286 2888; x_wconf 85' lang='lat' dir='ltr'>suisque</span> <span class='ocrx_word' id='word_1_261' title='bbox 1302 2816 1435 2885; x_wconf 89' lang='lat' dir='ltr'>tenebris,</span> <span class='ocrx_word' id='word_1_262' title='bbox 1445 2834 1506 2889; x_wconf 74' lang='lat' dir='ltr'>quae</span> <span class='ocrx_word' id='word_1_263' title='bbox 1517 2818 1575 2887; x_wconf 83' lang='lat' dir='ltr'>jam</span> <span class='ocrx_word' id='word_1_264' title='bbox 1590 2827 1617 2873; x_wconf 90' lang='lat' dir='ltr'>et</span> <span class='ocrx_word' id='word_1_265' title='bbox 1630 2818 1657 2873; x_wconf 93' lang='lat' dir='ltr'>in</span> <span class='ocrx_word' id='word_1_266' title='bbox 1672 2835 1736 2875; x_wconf 89' lang='lat' dir='ltr'>con·</span> 
     </span>
     <span class='ocr_line' id='line_1_24' title="bbox 78 2902 1737 2974; baseline -0.001 -11"><span class='ocrx_word' id='word_1_267' title='bbox 78 2909 165 2965; x_wconf 80' lang='lat' dir='ltr'>chine</span> <span class='ocrx_word' id='word_1_268' title='bbox 180 2907 227 2960; x_wconf 88' lang='lat' dir='ltr'>illa</span> <span class='ocrx_word' id='word_1_269' title='bbox 246 2905 339 2960; x_wconf 87' lang='lat' dir='ltr'>salutis</span> <span class='ocrx_word' id='word_1_270' title='bbox 359 2906 497 2970; x_wconf 69' lang='lat' dir='ltr'>humanae,</span> <span class='ocrx_word' id='word_1_271' title='bbox 518 2903 561 2958; x_wconf 88' lang='lat' dir='ltr'>eui</span> <span class='ocrx_word' id='word_1_272' title='bbox 580 2902 748 2959; x_wconf 80' lang='lat' dir='ltr'>aedifacandae</span> <span class='ocrx_word' id='word_1_273' title='bbox 765 2921 797 2961; x_wconf 89' lang='lat' dir='ltr'>ao</span> <span class='ocrx_word' id='word_1_274' title='bbox 811 2921 882 2960; x_wconf 86' lang='lat' dir='ltr'>eon·</span> <span class='ocrx_word' id='word_1_275' title='bbox 936 2905 1076 2959; x_wconf 88' lang='lat' dir='ltr'>suetudine</span> <span class='ocrx_word' id='word_1_276' title='bbox 1087 2904 1218 2974; x_wconf 74' lang='lat' dir='ltr'>jucundae</span> <span class='ocrx_word' id='word_1_277' title='bbox 1234 2914 1305 2971; x_wconf 90' lang='lat' dir='ltr'>sunt,</span> <span class='ocrx_word' id='word_1_278' title='bbox 1334 2923 1364 2960; x_wconf 89' lang='lat' dir='ltr'>se</span> <span class='ocrx_word' id='word_1_279' title='bbox 1390 2906 1534 2961; x_wconf 84' lang='lat' dir='ltr'>arbitretur</span> <span class='ocrx_word' id='word_1_280' title='bbox 1558 2906 1660 2962; x_wconf 88' lang='lat' dir='ltr'>debere</span> <span class='ocrx_word' id='word_1_281' title='bbox 1675 2924 1737 2963; x_wconf 88' lang='lat' dir='ltr'>essa</span> 
     </span>
     <span class='ocr_line' id='line_1_25' title="bbox 78 2991 1737 3066; baseline -0.002 -14"><span class='ocrx_word' id='word_1_282' title='bbox 78 2995 218 3052; x_wconf 72' lang='lat' dir='ltr'>struendae</span> <span class='ocrx_word' id='word_1_283' title='bbox 231 2994 259 3048; x_wconf 93' lang='lat' dir='ltr'>in</span> <span class='ocrx_word' id='word_1_284' title='bbox 275 2993 403 3048; x_wconf 88' lang='lat' dir='ltr'>cordibus</span> <span class='ocrx_word' id='word_1_285' title='bbox 423 2991 544 3047; x_wconf 85' lang='lat' dir='ltr'>fidelium</span> <span class='ocrx_word' id='word_1_286' title='bbox 560 2992 686 3063; x_wconf 79' lang='lat' dir='ltr'>inuigilat</span> <span class='ocrx_word' id='word_1_287' title='bbox 700 2993 789 3048; x_wconf 91' lang='lat' dir='ltr'>omnis</span> <span class='ocrx_word' id='word_1_288' title='bbox 805 2993 881 3049; x_wconf 90' lang='lat' dir='ltr'>Scri·</span> <span class='ocrx_word' id='word_1_289' title='bbox 936 2993 1410 3049; x_wconf 86' lang='lat' dir='ltr'>contentum:nonneuihilonrinus</span> <span class='ocrx_word' id='word_1_290' title='bbox 1441 2995 1576 3050; x_wconf 87' lang='lat' dir='ltr'>medicum</span> <span class='ocrx_word' id='word_1_291' title='bbox 1607 2995 1737 3066; x_wconf 77' lang='lat' dir='ltr'>respuit?</span> 
     </span>
     <span class='ocr_line' id='line_1_26' title="bbox 78 3080 1738 3158; baseline -0.001 -18"><span class='ocrx_word' id='word_1_292' title='bbox 78 3093 161 3158; x_wconf 90' lang='lat' dir='ltr'>ptura</span> <span class='ocrx_word' id='word_1_293' title='bbox 176 3080 565 3153; x_wconf 83' lang='lat' dir='ltr'>divinitusiaspirata.hilde</span> <span class='ocrx_word' id='word_1_294' title='bbox 577 3082 648 3135; x_wconf 88' lang='lat' dir='ltr'>enim</span> <span class='ocrx_word' id='word_1_295' title='bbox 671 3081 765 3152; x_wconf 89' lang='lat' dir='ltr'>incipit</span> <span class='ocrx_word' id='word_1_296' title='bbox 780 3083 878 3138; x_wconf 90' lang='lat' dir='ltr'>humo.</span> <span class='ocrx_word' id='word_1_297' title='bbox 938 3081 1010 3153; x_wconf 83' lang='lat' dir='ltr'>Ergo</span> <span class='ocrx_word' id='word_1_298' title='bbox 1043 3081 1123 3136; x_wconf 86' lang='lat' dir='ltr'>tertia</span> <span class='ocrx_word' id='word_1_299' title='bbox 1148 3081 1266 3137; x_wconf 91' lang='lat' dir='ltr'>charitas</span> <span class='ocrx_word' id='word_1_300' title='bbox 1294 3083 1448 3138; x_wconf 88' lang='lat' dir='ltr'>necessaria</span> <span class='ocrx_word' id='word_1_301' title='bbox 1467 3091 1518 3150; x_wconf 87' lang='lat' dir='ltr'>est,</span> <span class='ocrx_word' id='word_1_302' title='bbox 1544 3093 1569 3139; x_wconf 90' lang='lat' dir='ltr'>et</span> <span class='ocrx_word' id='word_1_303' title='bbox 1588 3084 1654 3138; x_wconf 90' lang='lat' dir='ltr'>nihil</span> <span class='ocrx_word' id='word_1_304' title='bbox 1684 3092 1738 3139; x_wconf 87' lang='lat' dir='ltr'>tam</span> 
     </span>
     <span class='ocr_line' id='line_1_27' title="bbox 80 3168 1733 3244; baseline -0.001 -15"><span class='ocrx_word' id='word_1_305' title='bbox 80 3172 195 3230; x_wconf 87' lang='lat' dir='ltr'>iuterim</span> <span class='ocrx_word' id='word_1_306' title='bbox 211 3170 396 3244; x_wconf 90' lang='lat' dir='ltr'>quippedum</span> <span class='ocrx_word' id='word_1_307' title='bbox 415 3168 623 3241; x_wconf 77' lang='lat' dir='ltr'>peregrinamur</span> <span class='ocrx_word' id='word_1_308' title='bbox 643 3185 659 3224; x_wconf 90' lang='lat' dir='ltr'>a</span> <span class='ocrx_word' id='word_1_309' title='bbox 680 3170 808 3237; x_wconf 88' lang='lat' dir='ltr'>Domino,</span> <span class='ocrx_word' id='word_1_310' title='bbox 829 3184 883 3225; x_wconf 92' lang='lat' dir='ltr'>non</span> <span class='ocrx_word' id='word_1_311' title='bbox 937 3170 1130 3225; x_wconf 86' lang='lat' dir='ltr'>necessarium.</span> <span class='ocrx_word' id='word_1_312' title='bbox 1152 3169 1239 3241; x_wconf 78' lang='lat' dir='ltr'>Igitur</span> <span class='ocrx_word' id='word_1_313' title='bbox 1250 3169 1308 3224; x_wconf 90' lang='lat' dir='ltr'>sinc</span> <span class='ocrx_word' id='word_1_314' title='bbox 1321 3170 1411 3225; x_wconf 88' lang='lat' dir='ltr'>tribus</span> <span class='ocrx_word' id='word_1_315' title='bbox 1426 3171 1485 3226; x_wconf 91' lang='lat' dir='ltr'>istis</span> <span class='ocrx_word' id='word_1_316' title='bbox 1500 3172 1590 3226; x_wconf 89' lang='lat' dir='ltr'>anima</span> <span class='ocrx_word' id='word_1_317' title='bbox 1605 3171 1678 3226; x_wconf 89' lang='lat' dir='ltr'>nulla</span> <span class='ocrx_word' id='word_1_318' title='bbox 1689 3188 1733 3228; x_wconf 83' lang='lat' dir='ltr'>sa-</span> 
     </span>
     <span class='ocr_line' id='line_1_28' title="bbox 79 3256 1729 3332; baseline -0.004 -12"><span class='ocrx_word' id='word_1_319' title='bbox 79 3279 134 3319; x_wconf 91' lang='lat' dir='ltr'>nos</span> <span class='ocrx_word' id='word_1_320' title='bbox 150 3261 218 3316; x_wconf 84' lang='lat' dir='ltr'>tatttr</span> <span class='ocrx_word' id='word_1_321' title='bbox 232 3258 446 3330; x_wconf 75' lang='lat' dir='ltr'>Apostolus,qui</span> <span class='ocrx_word' id='word_1_322' title='bbox 465 3256 530 3313; x_wconf 80' lang='lat' dir='ltr'>elicit</span> <span class='ocrx_word' id='word_1_323' title='bbox 544 3257 655 3329; x_wconf 79' lang='lat' dir='ltr'>(Eplrea.</span> <span class='ocrx_word' id='word_1_324' title='bbox 679 3259 730 3324; x_wconf 82' lang='grc' dir='ltr'>ιιι),</span> <span class='ocrx_word' id='word_1_325' title='bbox 748 3259 883 3313; x_wconf 84' lang='lat' dir='ltr'>Christum</span> <span class='ocrx_word' id='word_1_326' title='bbox 938 3266 1027 3324; x_wconf 89' lang='lat' dir='ltr'>natur,</span> <span class='ocrx_word' id='word_1_327' title='bbox 1043 3264 1072 3312; x_wconf 89' lang='grc' dir='ltr'>ιιι</span> <span class='ocrx_word' id='word_1_328' title='bbox 1091 3257 1173 3328; x_wconf 89' lang='lat' dir='ltr'>possit</span> <span class='ocrx_word' id='word_1_329' title='bbox 1191 3259 1274 3312; x_wconf 84' lang='lat' dir='ltr'>Deum</span> <span class='ocrx_word' id='word_1_330' title='bbox 1304 3258 1405 3322; x_wconf 84' lang='lat' dir='ltr'>ridere,</span> <span class='ocrx_word' id='word_1_331' title='bbox 1430 3260 1482 3314; x_wconf 88' lang='lat' dir='ltr'>hoc</span> <span class='ocrx_word' id='word_1_332' title='bbox 1506 3268 1547 3315; x_wconf 89' lang='lat' dir='ltr'>est</span> <span class='ocrx_word' id='word_1_333' title='bbox 1562 3259 1729 3332; x_wconf 76' lang='lat' dir='ltr'>intelligere.</span> 
     </span>
     <span class='ocr_line' id='line_1_29' title="bbox 79 3344 1730 3424; baseline -0.003 -17"><span class='ocrx_word' id='word_1_334' title='bbox 79 3368 132 3424; x_wconf 89' lang='lat' dir='ltr'>per</span> <span class='ocrx_word' id='word_1_335' title='bbox 147 3350 229 3405; x_wconf 87' lang='lat' dir='ltr'>fidem</span> <span class='ocrx_word' id='word_1_336' title='bbox 245 3347 366 3402; x_wconf 84' lang='lat' dir='ltr'>habitare</span> <span class='ocrx_word' id='word_1_337' title='bbox 379 3347 406 3401; x_wconf 90' lang='lat' dir='ltr'>in</span> <span class='ocrx_word' id='word_1_338' title='bbox 422 3346 551 3402; x_wconf 91' lang='lat' dir='ltr'>cordibus</span> <span class='ocrx_word' id='word_1_339' title='bbox 572 3347 687 3402; x_wconf 86' lang='lat' dir='ltr'>nostris.</span> <span class='ocrx_word' id='word_1_340' title='bbox 703 3347 756 3402; x_wconf 89' lang='lat' dir='ltr'>Sed</span> <span class='ocrx_word' id='word_1_341' title='bbox 778 3356 804 3401; x_wconf 88' lang='lat' dir='ltr'>et</span> <span class='ocrx_word' id='word_1_342' title='bbox 819 3364 882 3418; x_wconf 85' lang='lat' dir='ltr'>spes</span> <span class='ocrx_word' id='word_1_343' title='bbox 938 3344 1004 3399; x_wconf 89' lang='lat' dir='ltr'>Cum</span> <span class='ocrx_word' id='word_1_344' title='bbox 1016 3360 1083 3416; x_wconf 81' lang='lat' dir='ltr'>ergo</span> <span class='ocrx_word' id='word_1_345' title='bbox 1097 3360 1178 3400; x_wconf 85' lang='lat' dir='ltr'>senos</span> <span class='ocrx_word' id='word_1_346' title='bbox 1199 3345 1327 3401; x_wconf 89' lang='lat' dir='ltr'>habuerit</span> <span class='ocrx_word' id='word_1_347' title='bbox 1340 3347 1442 3414; x_wconf 90' lang='lat' dir='ltr'>oculos,</span> <span class='ocrx_word' id='word_1_348' title='bbox 1459 3356 1540 3401; x_wconf 89' lang='lat' dir='ltr'>restat</span> <span class='ocrx_word' id='word_1_349' title='bbox 1554 3356 1583 3402; x_wconf 92' lang='lat' dir='ltr'>ut</span> <span class='ocrx_word' id='word_1_350' title='bbox 1601 3347 1730 3418; x_wconf 82' lang='lat' dir='ltr'>aspiciat.</span> 
     </span>
     <span class='ocr_line' id='line_1_30' title="bbox 78 3433 1734 3527; baseline -0.002 -32"><span class='ocrx_word' id='word_1_351' title='bbox 78 3437 301 3513; x_wconf 82' lang='lat' dir='ltr'>peregrinationi</span> <span class='ocrx_word' id='word_1_352' title='bbox 326 3444 426 3490; x_wconf 79' lang='lat' dir='ltr'>nostrae</span> <span class='ocrx_word' id='word_1_353' title='bbox 441 3433 594 3489; x_wconf 85' lang='lat' dir='ltr'>necessaria</span> <span class='ocrx_word' id='word_1_354' title='bbox 610 3442 660 3489; x_wconf 85' lang='lat' dir='ltr'>est.</span> <span class='ocrx_word' id='word_1_355' title='bbox 676 3437 738 3505; x_wconf 88' lang='lat' dir='ltr'>lpsa</span> <span class='ocrx_word' id='word_1_356' title='bbox 753 3434 824 3490; x_wconf 90' lang='lat' dir='ltr'>euim</span> <span class='ocrx_word' id='word_1_357' title='bbox 844 3443 883 3489; x_wconf 88' lang='lat' dir='ltr'>est</span> <span class='ocrx_word' id='word_1_358' title='bbox 898 3465 922 3527; x_wconf 78' lang='lat' dir='ltr'>C</span> <span class='ocrx_word' id='word_1_359' title='bbox 937 3437 1070 3504; x_wconf 72' lang='lat' dir='ltr'>depectus</span> <span class='ocrx_word' id='word_1_360' title='bbox 1080 3442 1168 3487; x_wconf 86' lang='lat' dir='ltr'>autem</span> <span class='ocrx_word' id='word_1_361' title='bbox 1184 3435 1283 3488; x_wconf 79' lang='lat' dir='ltr'>animae</span> <span class='ocrx_word' id='word_1_362' title='bbox 1298 3435 1366 3488; x_wconf 91' lang='lat' dir='ltr'>ratio</span> <span class='ocrx_word' id='word_1_363' title='bbox 1381 3438 1433 3488; x_wconf 86' lang='lat' dir='ltr'>est.</span> <span class='ocrx_word' id='word_1_364' title='bbox 1457 3434 1510 3489; x_wconf 88' lang='lat' dir='ltr'>Sed</span> <span class='ocrx_word' id='word_1_365' title='bbox 1522 3436 1585 3504; x_wconf 89' lang='lat' dir='ltr'>quin</span> <span class='ocrx_word' id='word_1_366' title='bbox 1611 3451 1666 3490; x_wconf 91' lang='lat' dir='ltr'>aon</span> <span class='ocrx_word' id='word_1_367' title='bbox 1686 3452 1734 3491; x_wconf 89' lang='lat' dir='ltr'>se-</span> 
     </span>
     <span class='ocr_line' id='line_1_31' title="bbox 80 3520 1734 3602; baseline -0.002 -18"><span class='ocrx_word' id='word_1_368' title='bbox 80 3544 145 3602; x_wconf 75' lang='lat' dir='ltr'>qute</span> <span class='ocrx_word' id='word_1_369' title='bbox 159 3524 313 3582; x_wconf 86' lang='lat' dir='ltr'>consolatur</span> <span class='ocrx_word' id='word_1_370' title='bbox 330 3524 356 3577; x_wconf 94' lang='grc' dir='ltr'>ιιι</span> <span class='ocrx_word' id='word_1_371' title='bbox 368 3523 420 3578; x_wconf 81' lang='grc' dir='ltr'>ιιι.</span> <span class='ocrx_word' id='word_1_372' title='bbox 437 3523 512 3578; x_wconf 88' lang='grc' dir='ltr'>Τοιιι</span> <span class='ocrx_word' id='word_1_373' title='bbox 528 3524 601 3578; x_wconf 88' lang='grc' dir='ltr'>ιιιιιιι</span> <span class='ocrx_word' id='word_1_374' title='bbox 616 3523 710 3577; x_wconf 82' lang='lat' dir='ltr'>viatori</span> <span class='ocrx_word' id='word_1_375' title='bbox 727 3540 802 3594; x_wconf 87' lang='lat' dir='ltr'>spem</span> <span class='ocrx_word' id='word_1_376' title='bbox 818 3540 883 3594; x_wconf 89' lang='lat' dir='ltr'>per·</span> <span class='ocrx_word' id='word_1_377' title='bbox 937 3521 1028 3594; x_wconf 86' lang='lat' dir='ltr'>quitur</span> <span class='ocrx_word' id='word_1_378' title='bbox 1042 3530 1071 3575; x_wconf 92' lang='lat' dir='ltr'>ut</span> <span class='ocrx_word' id='word_1_379' title='bbox 1085 3520 1173 3575; x_wconf 91' lang='lat' dir='ltr'>omnis</span> <span class='ocrx_word' id='word_1_380' title='bbox 1188 3521 1234 3593; x_wconf 87' lang='lat' dir='ltr'>qui</span> <span class='ocrx_word' id='word_1_381' title='bbox 1249 3522 1358 3592; x_wconf 81' lang='lat' dir='ltr'>aspicit,</span> <span class='ocrx_word' id='word_1_382' title='bbox 1377 3522 1467 3577; x_wconf 88' lang='lat' dir='ltr'>videat</span> <span class='ocrx_word' id='word_1_383' title='bbox 1478 3543 1483 3577; x_wconf 95' lang='lat'>:</span> <span class='ocrx_word' id='word_1_384' title='bbox 1494 3533 1620 3594; x_wconf 87' lang='lat' dir='ltr'>aspectus</span> <span class='ocrx_word' id='word_1_385' title='bbox 1643 3533 1734 3580; x_wconf 83' lang='lat' dir='ltr'>rectus</span> 
     </span>
     <span class='ocr_line' id='line_1_32' title="bbox 80 3610 1736 3684; baseline -0.004 -10"><span class='ocrx_word' id='word_1_386' title='bbox 80 3613 399 3682; x_wconf 64' lang='lat' dir='ltr'>veniendilranguntur</span> <span class='ocrx_word' id='word_1_387' title='bbox 422 3611 672 3666; x_wconf 83' lang='lat' dir='ltr'>riresambulandi.</span> <span class='ocrx_word' id='word_1_388' title='bbox 701 3613 767 3666; x_wconf 84' lang='lat' dir='ltr'>Cum</span> <span class='ocrx_word' id='word_1_389' title='bbox 790 3617 882 3667; x_wconf 88' lang='lat' dir='ltr'>autem</span> <span class='ocrx_word' id='word_1_390' title='bbox 937 3620 1017 3680; x_wconf 83' lang='lat' dir='ltr'>atque</span> <span class='ocrx_word' id='word_1_391' title='bbox 1036 3610 1182 3680; x_wconf 87' lang='lat' dir='ltr'>perlectus,</span> <span class='ocrx_word' id='word_1_392' title='bbox 1200 3610 1459 3682; x_wconf 82' lang='lat' dir='ltr'>idestquemrisin</span> <span class='ocrx_word' id='word_1_393' title='bbox 1481 3612 1616 3684; x_wconf 87' lang='lat' dir='ltr'>sequitur,</span> <span class='ocrx_word' id='word_1_394' title='bbox 1647 3613 1736 3668; x_wconf 84' lang='lat' dir='ltr'>virtus</span> 
     </span>
     <span class='ocr_line' id='line_1_33' title="bbox 79 3699 1733 3774; baseline -0.004 -12"><span class='ocrx_word' id='word_1_395' title='bbox 79 3704 242 3763; x_wconf 74' lang='lat' dir='ltr'>venerimus</span> <span class='ocrx_word' id='word_1_396' title='bbox 256 3717 309 3774; x_wconf 87' lang='lat' dir='ltr'>quo</span> <span class='ocrx_word' id='word_1_397' title='bbox 323 3701 469 3766; x_wconf 88' lang='lat' dir='ltr'>tendimus,</span> <span class='ocrx_word' id='word_1_398' title='bbox 483 3702 540 3769; x_wconf 84' lang='lat' dir='ltr'>jam</span> <span class='ocrx_word' id='word_1_399' title='bbox 562 3716 615 3754; x_wconf 94' lang='lat' dir='ltr'>non</span> <span class='ocrx_word' id='word_1_400' title='bbox 640 3701 691 3754; x_wconf 90' lang='lat' dir='ltr'>erit</span> <span class='ocrx_word' id='word_1_401' title='bbox 706 3700 783 3754; x_wconf 84' lang='lat' dir='ltr'>tides.</span> <span class='ocrx_word' id='word_1_402' title='bbox 808 3701 883 3755; x_wconf 88' lang='lat' dir='ltr'>Nun·</span> <span class='ocrx_word' id='word_1_403' title='bbox 937 3706 1055 3753; x_wconf 83' lang='lat' dir='ltr'>roratur.</span> <span class='ocrx_word' id='word_1_404' title='bbox 1073 3699 1164 3752; x_wconf 86' lang='lat' dir='ltr'>Virtus</span> <span class='ocrx_word' id='word_1_405' title='bbox 1179 3714 1298 3770; x_wconf 91' lang='lat' dir='ltr'>namque</span> <span class='ocrx_word' id='word_1_406' title='bbox 1312 3707 1352 3753; x_wconf 88' lang='lat' dir='ltr'>est</span> <span class='ocrx_word' id='word_1_407' title='bbox 1364 3708 1437 3754; x_wconf 90' lang='lat' dir='ltr'>reeta</span> <span class='ocrx_word' id='word_1_408' title='bbox 1454 3699 1496 3755; x_wconf 84' lang='lat' dir='ltr'>rel</span> <span class='ocrx_word' id='word_1_409' title='bbox 1517 3699 1638 3771; x_wconf 77' lang='lat' dir='ltr'>perlecta</span> <span class='ocrx_word' id='word_1_410' title='bbox 1654 3702 1733 3758; x_wconf 85' lang='lat' dir='ltr'>ratio.</span> 
     </span>
     <span class='ocr_line' id='line_1_34' title="bbox 79 3785 1734 3868; baseline -0.002 -20"><span class='ocrx_word' id='word_1_411' title='bbox 79 3794 147 3868; x_wconf 87' lang='lat' dir='ltr'>quid</span> <span class='ocrx_word' id='word_1_412' title='bbox 163 3791 235 3848; x_wconf 89' lang='lat' dir='ltr'>enim</span> <span class='ocrx_word' id='word_1_413' title='bbox 250 3791 355 3845; x_wconf 88' lang='lat' dir='ltr'>dicetur</span> <span class='ocrx_word' id='word_1_414' title='bbox 366 3788 457 3855; x_wconf 89' lang='lat' dir='ltr'>nobis,</span> <span class='ocrx_word' id='word_1_415' title='bbox 474 3788 559 3842; x_wconf 83' lang='lat' dir='ltr'>Crerle</span> <span class='ocrx_word' id='word_1_416' title='bbox 574 3789 588 3840; x_wconf 83' lang='lat' dir='ltr'>‘l</span> <span class='ocrx_word' id='word_1_417' title='bbox 603 3788 664 3842; x_wconf 90' lang='lat' dir='ltr'>Nun</span> <span class='ocrx_word' id='word_1_418' title='bbox 690 3789 793 3859; x_wconf 89' lang='lat' dir='ltr'>atique,</span> <span class='ocrx_word' id='word_1_419' title='bbox 817 3789 881 3861; x_wconf 88' lang='lat' dir='ltr'>quia</span> <span class='ocrx_word' id='word_1_420' title='bbox 937 3786 990 3840; x_wconf 89' lang='lat' dir='ltr'>Sed</span> <span class='ocrx_word' id='word_1_421' title='bbox 1006 3795 1032 3840; x_wconf 87' lang='lat' dir='ltr'>et</span> <span class='ocrx_word' id='word_1_422' title='bbox 1045 3785 1104 3856; x_wconf 92' lang='lat' dir='ltr'>ipse</span> <span class='ocrx_word' id='word_1_423' title='bbox 1114 3794 1249 3857; x_wconf 88' lang='lat' dir='ltr'>aspectus,</span> <span class='ocrx_word' id='word_1_424' title='bbox 1264 3787 1454 3858; x_wconf 76' lang='lat' dir='ltr'>quamrisJ&#39;am</span> <span class='ocrx_word' id='word_1_425' title='bbox 1470 3805 1552 3844; x_wconf 88' lang='lat' dir='ltr'>sanos</span> <span class='ocrx_word' id='word_1_426' title='bbox 1568 3790 1734 3846; x_wconf 88' lang='lat' dir='ltr'>oculoscon-</span> 
     </span>
     <span class='ocr_line' id='line_1_35' title="bbox 78 3875 1733 3949; baseline -0.003 -10"><span class='ocrx_word' id='word_1_427' title='bbox 78 3882 236 3940; x_wconf 80' lang='lat' dir='ltr'>ridebimus</span> <span class='ocrx_word' id='word_1_428' title='bbox 249 3881 386 3943; x_wconf 73' lang='lat' dir='ltr'>[tuamet</span> <span class='ocrx_word' id='word_1_429' title='bbox 402 3876 645 3947; x_wconf 88' lang='lat' dir='ltr'>contemplabimur</span> <span class='ocrx_word' id='word_1_430' title='bbox 661 3893 735 3931; x_wconf 91' lang='lat' dir='ltr'>eum.</span> <span class='ocrx_word' id='word_1_431' title='bbox 756 3876 810 3932; x_wconf 87' lang='lat' dir='ltr'>Sed</span> <span class='ocrx_word' id='word_1_432' title='bbox 826 3892 880 3930; x_wconf 90' lang='lat' dir='ltr'>ne-</span> <span class='ocrx_word' id='word_1_433' title='bbox 935 3882 1043 3930; x_wconf 87' lang='lat' dir='ltr'>vertere</span> <span class='ocrx_word' id='word_1_434' title='bbox 1066 3875 1093 3928; x_wconf 92' lang='lat' dir='ltr'>in</span> <span class='ocrx_word' id='word_1_435' title='bbox 1118 3875 1206 3930; x_wconf 89' lang='lat' dir='ltr'>lucem</span> <span class='ocrx_word' id='word_1_436' title='bbox 1231 3891 1286 3929; x_wconf 91' lang='lat' dir='ltr'>aon</span> <span class='ocrx_word' id='word_1_437' title='bbox 1301 3884 1398 3947; x_wconf 89' lang='lat' dir='ltr'>potest,</span> <span class='ocrx_word' id='word_1_438' title='bbox 1423 3876 1475 3931; x_wconf 90' lang='lat' dir='ltr'>nisi</span> <span class='ocrx_word' id='word_1_439' title='bbox 1499 3878 1549 3932; x_wconf 86' lang='lat' dir='ltr'>tria</span> <span class='ocrx_word' id='word_1_440' title='bbox 1562 3878 1606 3932; x_wconf 89' lang='lat' dir='ltr'>illa</span> <span class='ocrx_word' id='word_1_441' title='bbox 1621 3895 1733 3949; x_wconf 88' lang='lat' dir='ltr'>perura-</span> 
     </span>
     <span class='ocr_line' id='line_1_36' title="bbox 80 3961 1733 4044; baseline -0.002 -18"><span class='ocrx_word' id='word_1_442' title='bbox 80 3987 137 4044; x_wconf 88' lang='lat' dir='ltr'>que</span> <span class='ocrx_word' id='word_1_443' title='bbox 152 3987 216 4040; x_wconf 84' lang='lat' dir='ltr'>spes</span> <span class='ocrx_word' id='word_1_444' title='bbox 229 3969 285 4038; x_wconf 88' lang='lat' dir='ltr'>jam</span> <span class='ocrx_word' id='word_1_445' title='bbox 301 3964 523 4033; x_wconf 87' lang='lat' dir='ltr'>eritnecessarin,</span> <span class='ocrx_word' id='word_1_446' title='bbox 535 3965 642 4036; x_wconf 82' lang='lat' dir='ltr'>quando</span> <span class='ocrx_word' id='word_1_447' title='bbox 668 3964 719 4019; x_wconf 89' lang='lat' dir='ltr'>erit</span> <span class='ocrx_word' id='word_1_448' title='bbox 732 3981 785 4018; x_wconf 89' lang='lat' dir='ltr'>res.</span> <span class='ocrx_word' id='word_1_449' title='bbox 802 3963 881 4032; x_wconf 86' lang='lat' dir='ltr'>Quod</span> <span class='ocrx_word' id='word_1_450' title='bbox 936 3967 1033 4031; x_wconf 89' lang='lat' dir='ltr'>neant;</span> <span class='ocrx_word' id='word_1_451' title='bbox 1051 3961 1186 4034; x_wconf 72' lang='lat' dir='ltr'>fidesque</span> <span class='ocrx_word' id='word_1_452' title='bbox 1198 3964 1634 4031; x_wconf 80' lang='lat' dir='ltr'>credituritaremsehabere‚arl</span> <span class='ocrx_word' id='word_1_453' title='bbox 1650 3983 1733 4038; x_wconf 90' lang='lat' dir='ltr'>quam</span> 
     </span>
     <span class='ocr_line' id='line_1_37' title="bbox 81 4050 1731 4128; baseline -0.005 -12"><span class='ocrx_word' id='word_1_454' title='bbox 81 4057 242 4116; x_wconf 87' lang='lat' dir='ltr'>enimvidet</span> <span class='ocrx_word' id='word_1_455' title='bbox 257 4055 328 4128; x_wconf 82' lang='lat' dir='ltr'>quis,</span> <span class='ocrx_word' id='word_1_456' title='bbox 346 4053 411 4125; x_wconf 87' lang='lat' dir='ltr'>quid</span> <span class='ocrx_word' id='word_1_457' title='bbox 439 4061 530 4124; x_wconf 87' lang='lat' dir='ltr'>sperat</span> <span class='ocrx_word' id='word_1_458' title='bbox 544 4054 745 4122; x_wconf 76' lang='lat' dir='ltr'>l(llom.arrr.)</span> <span class='ocrx_word' id='word_1_459' title='bbox 769 4053 825 4107; x_wconf 86' lang='lat' dir='ltr'>Nee</span> <span class='ocrx_word' id='word_1_460' title='bbox 842 4056 882 4108; x_wconf 90' lang='lat' dir='ltr'>tu·</span> <span class='ocrx_word' id='word_1_461' title='bbox 935 4050 1135 4105; x_wconf 81' lang='lat' dir='ltr'>convertendus</span> <span class='ocrx_word' id='word_1_462' title='bbox 1157 4058 1198 4106; x_wconf 88' lang='lat' dir='ltr'>est</span> <span class='ocrx_word' id='word_1_463' title='bbox 1220 4059 1352 4121; x_wconf 88' lang='lat' dir='ltr'>aspectus,</span> <span class='ocrx_word' id='word_1_464' title='bbox 1379 4058 1408 4105; x_wconf 94' lang='lat' dir='ltr'>ut</span> <span class='ocrx_word' id='word_1_465' title='bbox 1430 4054 1490 4107; x_wconf 87' lang='lat' dir='ltr'>risa</span> <span class='ocrx_word' id='word_1_466' title='bbox 1505 4053 1706 4109; x_wconf 85' lang='lat' dir='ltr'>laciatbeaturn</span> <span class='ocrx_word' id='word_1_467' title='bbox 1724 4073 1731 4118; x_wconf 88' lang='lat'>;</span> 
     </span>
     <span class='ocr_line' id='line_1_38' title="bbox 80 4139 1733 4214; baseline -0.003 -11"><span class='ocrx_word' id='word_1_468' title='bbox 80 4164 148 4203; x_wconf 89' lang='lat' dir='ltr'>mea</span> <span class='ocrx_word' id='word_1_469' title='bbox 172 4144 239 4201; x_wconf 84' lang='lat' dir='ltr'>fides</span> <span class='ocrx_word' id='word_1_470' title='bbox 253 4153 280 4200; x_wconf 91' lang='lat' dir='ltr'>et</span> <span class='ocrx_word' id='word_1_471' title='bbox 294 4160 358 4214; x_wconf 89' lang='lat' dir='ltr'>spes</span> <span class='ocrx_word' id='word_1_472' title='bbox 373 4141 508 4213; x_wconf 85' lang='lat' dir='ltr'>peribunt,</span> <span class='ocrx_word' id='word_1_473' title='bbox 526 4141 574 4196; x_wconf 90' lang='lat' dir='ltr'>sed</span> <span class='ocrx_word' id='word_1_474' title='bbox 600 4141 627 4195; x_wconf 89' lang='lat' dir='ltr'>in</span> <span class='ocrx_word' id='word_1_475' title='bbox 642 4158 685 4196; x_wconf 92' lang='lat' dir='ltr'>res</span> <span class='ocrx_word' id='word_1_476' title='bbox 696 4157 759 4195; x_wconf 92' lang='lat' dir='ltr'>suas</span> <span class='ocrx_word' id='word_1_477' title='bbox 779 4141 881 4196; x_wconf 83' lang='lat' dir='ltr'>trausi-</span> <span class='ocrx_word' id='word_1_478' title='bbox 935 4156 1008 4210; x_wconf 89' lang='lat' dir='ltr'>spes,</span> <span class='ocrx_word' id='word_1_479' title='bbox 1043 4155 1096 4212; x_wconf 89' lang='lat' dir='ltr'>qna</span> <span class='ocrx_word' id='word_1_480' title='bbox 1115 4155 1175 4194; x_wconf 86' lang='lat' dir='ltr'>cunr</span> <span class='ocrx_word' id='word_1_481' title='bbox 1202 4139 1270 4194; x_wconf 91' lang='lat' dir='ltr'>bene</span> <span class='ocrx_word' id='word_1_482' title='bbox 1293 4141 1438 4209; x_wconf 73' lang='lat' dir='ltr'>aspexerit,</span> <span class='ocrx_word' id='word_1_483' title='bbox 1458 4158 1488 4196; x_wconf 89' lang='lat' dir='ltr'>se</span> <span class='ocrx_word' id='word_1_484' title='bbox 1519 4143 1635 4198; x_wconf 89' lang='lat' dir='ltr'>risurum</span> <span class='ocrx_word' id='word_1_485' title='bbox 1671 4159 1733 4198; x_wconf 91' lang='lat' dir='ltr'>esse</span> 
     </span>
     <span class='ocr_line' id='line_1_39' title="bbox 79 4227 1732 4303; baseline -0.004 -10"><span class='ocrx_word' id='word_1_486' title='bbox 79 4239 152 4293; x_wconf 89' lang='lat' dir='ltr'>baal</span> <span class='ocrx_word' id='word_1_487' title='bbox 168 4249 262 4299; x_wconf 79' lang='lat' dir='ltr'>zeum,</span> <span class='ocrx_word' id='word_1_488' title='bbox 278 4231 350 4303; x_wconf 85' lang='lat' dir='ltr'>quod</span> <span class='ocrx_word' id='word_1_489' title='bbox 361 4231 532 4297; x_wconf 85' lang='lat' dir='ltr'>credebatur,</span> <span class='ocrx_word' id='word_1_490' title='bbox 549 4228 685 4284; x_wconf 85' lang='lat' dir='ltr'>ridebitur</span> <span class='ocrx_word' id='word_1_491' title='bbox 701 4248 709 4296; x_wconf 84' lang='lat'><em>3</em></span> <span class='ocrx_word' id='word_1_492' title='bbox 725 4229 879 4295; x_wconf 87' lang='lat' dir='ltr'>habebitur,</span> <span class='ocrx_word' id='word_1_493' title='bbox 934 4237 1077 4298; x_wconf 73' lang='lat' dir='ltr'>praesumat</span> <span class='ocrx_word' id='word_1_494' title='bbox 1094 4243 1100 4298; x_wconf 89' lang='lat'>;</span> <span class='ocrx_word' id='word_1_495' title='bbox 1118 4227 1241 4295; x_wconf 82' lang='lat' dir='ltr'>charitas,</span> <span class='ocrx_word' id='word_1_496' title='bbox 1258 4245 1310 4300; x_wconf 86' lang='lat' dir='ltr'>qua</span> <span class='ocrx_word' id='word_1_497' title='bbox 1325 4229 1420 4285; x_wconf 87' lang='lat' dir='ltr'>videre</span> <span class='ocrx_word' id='word_1_498' title='bbox 1444 4230 1602 4302; x_wconf 84' lang='lat' dir='ltr'>perfruique</span> <span class='ocrx_word' id='word_1_499' title='bbox 1616 4231 1732 4287; x_wconf 89' lang='lat' dir='ltr'>deside-</span> 
     </span>
     <span class='ocr_line' id='line_1_40' title="bbox 79 4309 1720 4397; baseline -0.01 -17"><span class='ocrx_word' id='word_1_500' title='bbox 79 4323 155 4397; x_wconf 88' lang='lat' dir='ltr'>quod</span> <span class='ocrx_word' id='word_1_501' title='bbox 171 4321 343 4393; x_wconf 87' lang='lat' dir='ltr'>sperabatur.</span> <span class='ocrx_word' id='word_1_502' title='bbox 358 4317 480 4373; x_wconf 88' lang='lat' dir='ltr'>Charitas</span> <span class='ocrx_word' id='word_1_503' title='bbox 495 4333 560 4371; x_wconf 78' lang='lat' dir='ltr'>aero</span> <span class='ocrx_word' id='word_1_504' title='bbox 570 4333 625 4372; x_wconf 91' lang='lat' dir='ltr'>non</span> <span class='ocrx_word' id='word_1_505' title='bbox 640 4322 743 4372; x_wconf 87' lang='lat' dir='ltr'>tentum</span> <span class='ocrx_word' id='word_1_506' title='bbox 759 4317 818 4382; x_wconf 86' lang='lat' dir='ltr'>erit,</span> <span class='ocrx_word' id='word_1_507' title='bbox 831 4316 881 4372; x_wconf 90' lang='lat' dir='ltr'>sed</span> <span class='ocrx_word' id='word_1_508' title='bbox 935 4324 984 4372; x_wconf 90' lang='lat' dir='ltr'>ret.</span> <span class='ocrx_word' id='word_1_509' title='bbox 1345 4309 1348 4316; x_wconf 81' lang='grc'><strong>“</strong></span> <span class='ocrx_word' id='word_1_510' title='bbox 1717 4334 1720 4339; x_wconf 94' lang='grc'>-</span> 
     </span>
     <span class='ocr_line' id='line_1_41' title="bbox 77 4405 1731 4486; baseline -0.004 -17"><span class='ocrx_word' id='word_1_511' title='bbox 77 4412 205 4486; x_wconf 87' lang='lat' dir='ltr'>perlecta</span> <span class='ocrx_word' id='word_1_512' title='bbox 219 4409 273 4465; x_wconf 88' lang='lat' dir='ltr'>erit</span> <span class='ocrx_word' id='word_1_513' title='bbox 289 4427 296 4463; x_wconf 92' lang='lat'>:</span> <span class='ocrx_word' id='word_1_514' title='bbox 311 4423 384 4473; x_wconf 88' lang='lat' dir='ltr'>cum,</span> <span class='ocrx_word' id='word_1_515' title='bbox 401 4405 473 4477; x_wconf 90' lang='lat' dir='ltr'>quod</span> <span class='ocrx_word' id='word_1_516' title='bbox 501 4422 573 4462; x_wconf 88' lang='lat' dir='ltr'>nunc</span> <span class='ocrx_word' id='word_1_517' title='bbox 600 4405 722 4478; x_wconf 83' lang='lat' dir='ltr'>diligitur</span> <span class='ocrx_word' id='word_1_518' title='bbox 743 4406 880 4462; x_wconf 86' lang='lat' dir='ltr'>credendo</span> <span class='ocrx_word' id='word_1_519' title='bbox 969 4406 1084 4477; x_wconf 87' lang='lat' dir='ltr'>lamque</span> <span class='ocrx_word' id='word_1_520' title='bbox 1098 4410 1241 4476; x_wconf 89' lang='lat' dir='ltr'>aspectum</span> <span class='ocrx_word' id='word_1_521' title='bbox 1253 4405 1374 4476; x_wconf 83' lang='lat' dir='ltr'>sequitur</span> <span class='ocrx_word' id='word_1_522' title='bbox 1388 4405 1436 4461; x_wconf 91' lang='lat' dir='ltr'>illa</span> <span class='ocrx_word' id='word_1_523' title='bbox 1454 4407 1522 4461; x_wconf 85' lang='lat' dir='ltr'>risio</span> <span class='ocrx_word' id='word_1_524' title='bbox 1538 4407 1598 4474; x_wconf 90' lang='lat' dir='ltr'>Dei,</span> <span class='ocrx_word' id='word_1_525' title='bbox 1613 4424 1673 4479; x_wconf 72' lang='lat' dir='ltr'>qnae</span> <span class='ocrx_word' id='word_1_526' title='bbox 1689 4415 1731 4464; x_wconf 90' lang='lat' dir='ltr'>est</span> 
     </span>
     <span class='ocr_line' id='line_1_42' title="bbox 77 4493 1730 4572; baseline -0.004 -15"><span class='ocrx_word' id='word_1_527' title='bbox 77 4511 108 4558; x_wconf 88' lang='lat' dir='ltr'>et</span> <span class='ocrx_word' id='word_1_528' title='bbox 140 4497 288 4572; x_wconf 86' lang='lat' dir='ltr'>sperando,</span> <span class='ocrx_word' id='word_1_529' title='bbox 322 4496 532 4567; x_wconf 82' lang='lat' dir='ltr'>tuncdiligetur</span> <span class='ocrx_word' id='word_1_530' title='bbox 560 4494 679 4550; x_wconf 88' lang='lat' dir='ltr'>videndo</span> <span class='ocrx_word' id='word_1_531' title='bbox 704 4502 730 4548; x_wconf 88' lang='lat' dir='ltr'>et</span> <span class='ocrx_word' id='word_1_532' title='bbox 752 4494 878 4550; x_wconf 85' lang='lat' dir='ltr'>tenendo.</span> <span class='ocrx_word' id='word_1_533' title='bbox 935 4493 998 4548; x_wconf 85' lang='lat' dir='ltr'>linis</span> <span class='ocrx_word' id='word_1_534' title='bbox 1013 4501 1234 4565; x_wconf 89' lang='lat' dir='ltr'>aspectns;non</span> <span class='ocrx_word' id='word_1_535' title='bbox 1250 4511 1302 4566; x_wconf 90' lang='lat' dir='ltr'>quo</span> <span class='ocrx_word' id='word_1_536' title='bbox 1323 4495 1376 4564; x_wconf 88' lang='lat' dir='ltr'>jam</span> <span class='ocrx_word' id='word_1_537' title='bbox 1396 4511 1452 4549; x_wconf 91' lang='lat' dir='ltr'>non</span> <span class='ocrx_word' id='word_1_538' title='bbox 1471 4498 1516 4560; x_wconf 86' lang='lat' dir='ltr'>sit,</span> <span class='ocrx_word' id='word_1_539' title='bbox 1537 4497 1584 4549; x_wconf 92' lang='lat' dir='ltr'>sed</span> <span class='ocrx_word' id='word_1_540' title='bbox 1601 4495 1730 4566; x_wconf 86' lang='lat' dir='ltr'>quouihil</span> 
     </span>
     <span class='ocr_line' id='line_1_43' title="bbox 78 4583 1727 4655; baseline -0.005 -8"><span class='ocrx_word' id='word_1_541' title='bbox 78 4590 198 4648; x_wconf 87' lang='lat' dir='ltr'>laterim</span> <span class='ocrx_word' id='word_1_542' title='bbox 235 4602 300 4642; x_wconf 84' lang='lat' dir='ltr'>vero</span> <span class='ocrx_word' id='word_1_543' title='bbox 336 4584 445 4639; x_wconf 89' lang='lat' dir='ltr'>homiui</span> <span class='ocrx_word' id='word_1_544' title='bbox 464 4583 491 4637; x_wconf 93' lang='lat' dir='ltr'>in</span> <span class='ocrx_word' id='word_1_545' title='bbox 511 4583 578 4637; x_wconf 90' lang='lat' dir='ltr'>illud</span> <span class='ocrx_word' id='word_1_546' title='bbox 616 4583 706 4637; x_wconf 86' lang='lat' dir='ltr'>lurneu</span> <span class='ocrx_word' id='word_1_547' title='bbox 731 4583 880 4638; x_wconf 85' lang='lat' dir='ltr'>incircum·</span> <span class='ocrx_word' id='word_1_548' title='bbox 933 4583 1049 4653; x_wconf 90' lang='lat' dir='ltr'>amplius</span> <span class='ocrx_word' id='word_1_549' title='bbox 1065 4584 1160 4637; x_wconf 88' lang='lat' dir='ltr'>habent</span> <span class='ocrx_word' id='word_1_550' title='bbox 1190 4599 1243 4655; x_wconf 86' lang='lat' dir='ltr'>quo</span> <span class='ocrx_word' id='word_1_551' title='bbox 1263 4583 1487 4638; x_wconf 80' lang='lat' dir='ltr'>seintenrlat:et</span> <span class='ocrx_word' id='word_1_552' title='bbox 1514 4585 1572 4638; x_wconf 73' lang='lat' dir='ltr'>haec</span> <span class='ocrx_word' id='word_1_553' title='bbox 1600 4593 1641 4638; x_wconf 89' lang='lat' dir='ltr'>est</span> <span class='ocrx_word' id='word_1_554' title='bbox 1664 4601 1727 4640; x_wconf 80' lang='lat' dir='ltr'>rere</span> 
     </span>
     <span class='ocr_line' id='line_1_44' title="bbox 77 4671 1726 4751; baseline -0.007 -13"><span class='ocrx_word' id='word_1_555' title='bbox 77 4680 217 4751; x_wconf 87' lang='lat' dir='ltr'>scriptum</span> <span class='ocrx_word' id='word_1_556' title='bbox 240 4675 381 4731; x_wconf 90' lang='lat' dir='ltr'>intendere</span> <span class='ocrx_word' id='word_1_557' title='bbox 404 4671 524 4743; x_wconf 89' lang='lat' dir='ltr'>cupienti</span> <span class='ocrx_word' id='word_1_558' title='bbox 551 4687 631 4743; x_wconf 89' lang='lat' dir='ltr'>quam</span> <span class='ocrx_word' id='word_1_559' title='bbox 650 4672 804 4726; x_wconf 84' lang='lat' dir='ltr'>necessaria</span> <span class='ocrx_word' id='word_1_560' title='bbox 826 4671 882 4725; x_wconf 90' lang='lat' dir='ltr'>sint</span> <span class='ocrx_word' id='word_1_561' title='bbox 932 4672 1054 4742; x_wconf 77' lang='lat' dir='ltr'>perlecta</span> <span class='ocrx_word' id='word_1_562' title='bbox 1081 4675 1179 4735; x_wconf 79' lang='lat' dir='ltr'>uirtus,</span> <span class='ocrx_word' id='word_1_563' title='bbox 1207 4671 1277 4725; x_wconf 90' lang='lat' dir='ltr'>rutio</span> <span class='ocrx_word' id='word_1_564' title='bbox 1297 4671 1460 4742; x_wconf 81' lang='lat' dir='ltr'>perveniens</span> <span class='ocrx_word' id='word_1_565' title='bbox 1479 4671 1513 4726; x_wconf 90' lang='lat' dir='ltr'>ud</span> <span class='ocrx_word' id='word_1_566' title='bbox 1533 4672 1614 4727; x_wconf 89' lang='lat' dir='ltr'>tinem</span> <span class='ocrx_word' id='word_1_567' title='bbox 1634 4688 1726 4741; x_wconf 79' lang='lat' dir='ltr'>suuni,</span> 
     </span>
     <span class='ocr_line' id='line_1_45' title="bbox 77 4758 1729 4833; baseline -0.006 -6"><span class='ocrx_word' id='word_1_568' title='bbox 77 4773 132 4827; x_wconf 85' lang='lat' dir='ltr'>tria</span> <span class='ocrx_word' id='word_1_569' title='bbox 161 4763 332 4833; x_wconf 70' lang='lat' dir='ltr'>teutsche</span> <span class='ocrx_word' id='word_1_570' title='bbox 357 4768 397 4817; x_wconf 88' lang='lat' dir='ltr'>est</span> <span class='ocrx_word' id='word_1_571' title='bbox 421 4760 652 4816; x_wconf 77' lang='lat' dir='ltr'>advertereTria</span> <span class='ocrx_word' id='word_1_572' title='bbox 681 4775 799 4830; x_wconf 82' lang='lat' dir='ltr'>natuque</span> <span class='ocrx_word' id='word_1_573' title='bbox 827 4761 878 4814; x_wconf 90' lang='lat' dir='ltr'>ha·</span> <span class='ocrx_word' id='word_1_574' title='bbox 934 4777 1017 4831; x_wconf 86' lang='lat' dir='ltr'>quum</span> <span class='ocrx_word' id='word_1_575' title='bbox 1028 4761 1108 4814; x_wconf 82' lang='lat' dir='ltr'>beata</span> <span class='ocrx_word' id='word_1_576' title='bbox 1125 4761 1180 4812; x_wconf 85' lang='lat' dir='ltr'>rita</span> <span class='ocrx_word' id='word_1_577' title='bbox 1195 4758 1380 4830; x_wconf 82' lang='lat' dir='ltr'>consequitur.</span> <span class='ocrx_word' id='word_1_578' title='bbox 1409 4762 1472 4831; x_wconf 87' lang='lat' dir='ltr'>lpse</span> <span class='ocrx_word' id='word_1_579' title='bbox 1491 4769 1580 4816; x_wconf 89' lang='lat' dir='ltr'>autem</span> <span class='ocrx_word' id='word_1_580' title='bbox 1600 4763 1729 4817; x_wconf 89' lang='lat' dir='ltr'>risinin-</span> 
     </span>
     <span class='ocr_line' id='line_1_46' title="bbox 78 4819 1730 4920; baseline -0.003 -9"><span class='ocrx_word' id='word_1_581' title='bbox 78 4858 144 4916; x_wconf 85' lang='lat' dir='ltr'>beat</span> <span class='ocrx_word' id='word_1_582' title='bbox 159 4869 274 4911; x_wconf 83' lang='lat' dir='ltr'>necesse</span> <span class='ocrx_word' id='word_1_583' title='bbox 288 4858 330 4908; x_wconf 87' lang='lat' dir='ltr'>est</span> <span class='ocrx_word' id='word_1_584' title='bbox 339 4851 445 4917; x_wconf 91' lang='lat' dir='ltr'>oculus,</span> <span class='ocrx_word' id='word_1_585' title='bbox 461 4849 559 4920; x_wconf 83' lang='lat' dir='ltr'>quihus</span> <span class='ocrx_word' id='word_1_586' title='bbox 572 4848 627 4918; x_wconf 86' lang='lat' dir='ltr'>jam</span> <span class='ocrx_word' id='word_1_587' title='bbox 645 4849 713 4904; x_wconf 88' lang='lat' dir='ltr'>benc</span> <span class='ocrx_word' id='word_1_588' title='bbox 729 4848 764 4902; x_wconf 91' lang='lat' dir='ltr'>uti</span> <span class='ocrx_word' id='word_1_589' title='bbox 782 4819 917 4918; x_wconf 87' lang='lat' dir='ltr'>possit,D</span> <span class='ocrx_word' id='word_1_590' title='bbox 936 4849 1056 4902; x_wconf 88' lang='lat' dir='ltr'>tellectus</span> <span class='ocrx_word' id='word_1_591' title='bbox 1071 4848 1116 4902; x_wconf 91' lang='lat' dir='ltr'>ille</span> <span class='ocrx_word' id='word_1_592' title='bbox 1132 4856 1182 4912; x_wconf 90' lang='lat' dir='ltr'>est,</span> <span class='ocrx_word' id='word_1_593' title='bbox 1194 4847 1238 4917; x_wconf 87' lang='lat' dir='ltr'>qui</span> <span class='ocrx_word' id='word_1_594' title='bbox 1253 4854 1293 4902; x_wconf 90' lang='lat' dir='ltr'>est</span> <span class='ocrx_word' id='word_1_595' title='bbox 1308 4848 1335 4901; x_wconf 91' lang='grc' dir='ltr'>ιιι</span> <span class='ocrx_word' id='word_1_596' title='bbox 1351 4849 1451 4913; x_wconf 73' lang='lat' dir='ltr'>areima,</span> <span class='ocrx_word' id='word_1_597' title='bbox 1463 4865 1522 4905; x_wconf 88' lang='lat' dir='ltr'>cunr</span> <span class='ocrx_word' id='word_1_598' title='bbox 1538 4851 1637 4906; x_wconf 82' lang='lat' dir='ltr'>aninue</span> <span class='ocrx_word' id='word_1_599' title='bbox 1652 4852 1730 4906; x_wconf 87' lang='lat' dir='ltr'>intel·</span> 
     </span>
     <span class='ocr_line' id='line_1_47' title="bbox 77 4936 1728 5017; baseline -0.005 -15"><span class='ocrx_word' id='word_1_600' title='bbox 77 4956 108 5003; x_wconf 89' lang='lat' dir='ltr'>at</span> <span class='ocrx_word' id='word_1_601' title='bbox 122 4943 240 5017; x_wconf 82' lang='lat' dir='ltr'>aspiciat</span> <span class='ocrx_word' id='word_1_602' title='bbox 255 4939 395 4996; x_wconf 88' lang='lat' dir='ltr'>etvident.</span> <span class='ocrx_word' id='word_1_603' title='bbox 411 4937 510 4993; x_wconf 87' lang='lat' dir='ltr'>Oculus</span> <span class='ocrx_word' id='word_1_604' title='bbox 529 4937 706 4992; x_wconf 81' lang='lat' dir='ltr'>veroanimae</span> <span class='ocrx_word' id='word_1_605' title='bbox 729 4936 878 4991; x_wconf 86' lang='lat' dir='ltr'>monssire</span> <span class='ocrx_word' id='word_1_606' title='bbox 933 4937 1028 5008; x_wconf 83' lang='lat' dir='ltr'>ligere,</span> <span class='ocrx_word' id='word_1_607' title='bbox 1060 4938 1110 4991; x_wconf 90' lang='lat' dir='ltr'>hoc</span> <span class='ocrx_word' id='word_1_608' title='bbox 1137 4944 1177 4990; x_wconf 86' lang='lat' dir='ltr'>est</span> <span class='ocrx_word' id='word_1_609' title='bbox 1204 4937 1405 5001; x_wconf 86' lang='lat' dir='ltr'>Deumridere,</span> <span class='ocrx_word' id='word_1_610' title='bbox 1426 4939 1583 5010; x_wconf 83' lang='lat' dir='ltr'>contigerit.</span> <span class='ocrx_word' id='word_1_611' title='bbox 1609 4941 1645 4994; x_wconf 89' lang='lat' dir='ltr'>lta</span> <span class='ocrx_word' id='word_1_612' title='bbox 1665 4956 1728 4996; x_wconf 85' lang='lat' dir='ltr'>cuna</span> 
     </span>
     <span class='ocr_line' id='line_1_48' title="bbox 79 5024 1729 5097; baseline -0.005 -6"><span class='ocrx_word' id='word_1_613' title='bbox 79 5037 213 5097; x_wconf 90' lang='lat' dir='ltr'>ratioest,</span> <span class='ocrx_word' id='word_1_614' title='bbox 226 5030 260 5086; x_wconf 88' lang='lat' dir='ltr'>ab</span> <span class='ocrx_word' id='word_1_615' title='bbox 274 5028 346 5085; x_wconf 89' lang='lat' dir='ltr'>omni</span> <span class='ocrx_word' id='word_1_616' title='bbox 358 5027 429 5081; x_wconf 86' lang='lat' dir='ltr'>malo</span> <span class='ocrx_word' id='word_1_617' title='bbox 441 5041 510 5097; x_wconf 91' lang='lat' dir='ltr'>pura</span> <span class='ocrx_word' id='word_1_618' title='bbox 525 5033 606 5097; x_wconf 84' lang='lat' dir='ltr'>atrpre</span> <span class='ocrx_word' id='word_1_619' title='bbox 620 5030 755 5097; x_wconf 82' lang='lat' dir='ltr'>purgata:</span> <span class='ocrx_word' id='word_1_620' title='bbox 773 5024 878 5095; x_wconf 88' lang='lat' dir='ltr'>quodei</span> <span class='ocrx_word' id='word_1_621' title='bbox 929 5026 1018 5094; x_wconf 84' lang='lat' dir='ltr'>justus</span> <span class='ocrx_word' id='word_1_622' title='bbox 1046 5042 1079 5081; x_wconf 86' lang='lat' dir='ltr'>ex</span> <span class='ocrx_word' id='word_1_623' title='bbox 1113 5024 1164 5080; x_wconf 85' lang='lat' dir='ltr'>srde</span> <span class='ocrx_word' id='word_1_624' title='bbox 1194 5026 1267 5080; x_wconf 85' lang='lat' dir='ltr'>rirnt</span> <span class='ocrx_word' id='word_1_625' title='bbox 1290 5029 1380 5096; x_wconf 79' lang='lat' dir='ltr'>(hom.</span> <span class='ocrx_word' id='word_1_626' title='bbox 1401 5027 1432 5095; x_wconf 82' lang='lat' dir='ltr'>r),</span> <span class='ocrx_word' id='word_1_627' title='bbox 1461 5029 1729 5097; x_wconf 86' lang='lat' dir='ltr'>manentutiquead</span> 
     </span>
     <span class='ocr_line' id='line_1_49' title="bbox 78 5113 1727 5197; baseline -0.005 -18"><span class='ocrx_word' id='word_1_628' title='bbox 78 5117 334 5197; x_wconf 87' lang='lat' dir='ltr'>primonihilaliud</span> <span class='ocrx_word' id='word_1_629' title='bbox 363 5113 661 5188; x_wconf 78' lang='lat' dir='ltr'>prasurquamttdes.</span> <span class='ocrx_word' id='word_1_630' title='bbox 679 5114 795 5169; x_wconf 88' lang='lat' dir='ltr'>Sienim</span> <span class='ocrx_word' id='word_1_631' title='bbox 823 5129 878 5169; x_wconf 92' lang='lat' dir='ltr'>non</span> <span class='ocrx_word' id='word_1_632' title='bbox 934 5115 1106 5170; x_wconf 85' lang='lat' dir='ltr'>formandam</span> <span class='ocrx_word' id='word_1_633' title='bbox 1122 5116 1204 5169; x_wconf 81' lang='lat' dir='ltr'>vitain</span> <span class='ocrx_word' id='word_1_634' title='bbox 1220 5114 1342 5169; x_wconf 89' lang='lat' dir='ltr'>tidelium</span> <span class='ocrx_word' id='word_1_635' title='bbox 1364 5115 1414 5168; x_wconf 85' lang='lat' dir='ltr'>tria</span> <span class='ocrx_word' id='word_1_636' title='bbox 1430 5116 1498 5170; x_wconf 86' lang='lat' dir='ltr'>haec.</span> <span class='ocrx_word' id='word_1_637' title='bbox 1528 5115 1727 5186; x_wconf 82' lang='lat' dir='ltr'>llincnamque</span> 
     </span>
     <span class='ocr_line' id='line_1_50' title="bbox 79 5202 1726 5274; baseline -0.007 -5"><span class='ocrx_word' id='word_1_638' title='bbox 79 5212 175 5269; x_wconf 89' lang='lat' dir='ltr'>credat</span> <span class='ocrx_word' id='word_1_639' title='bbox 200 5225 230 5264; x_wconf 88' lang='lat' dir='ltr'>sc</span> <span class='ocrx_word' id='word_1_640' title='bbox 251 5207 370 5263; x_wconf 78' lang='lat' dir='ltr'>uisuram</span> <span class='ocrx_word' id='word_1_641' title='bbox 401 5204 473 5274; x_wconf 84' lang='lat' dir='ltr'>quod</span> <span class='ocrx_word' id='word_1_642' title='bbox 501 5203 590 5259; x_wconf 89' lang='lat' dir='ltr'>adhuc</span> <span class='ocrx_word' id='word_1_643' title='bbox 613 5202 796 5258; x_wconf 85' lang='lat' dir='ltr'>demonstrari</span> <span class='ocrx_word' id='word_1_644' title='bbox 823 5218 876 5258; x_wconf 92' lang='lat' dir='ltr'>non</span> <span class='ocrx_word' id='word_1_645' title='bbox 933 5203 1170 5273; x_wconf 86' lang='lat' dir='ltr'>litutparescum</span> <span class='ocrx_word' id='word_1_646' title='bbox 1200 5205 1240 5258; x_wconf 89' lang='lat' dir='ltr'>eis</span> <span class='ocrx_word' id='word_1_647' title='bbox 1259 5218 1348 5256; x_wconf 82' lang='lat' dir='ltr'>mures</span> <span class='ocrx_word' id='word_1_648' title='bbox 1368 5218 1422 5257; x_wconf 94' lang='lat' dir='ltr'>non</span> <span class='ocrx_word' id='word_1_649' title='bbox 1448 5205 1565 5258; x_wconf 84' lang='lat' dir='ltr'>habeant</span> <span class='ocrx_word' id='word_1_650' title='bbox 1594 5204 1726 5270; x_wconf 83' lang='lat' dir='ltr'>infideles,</span> 
     </span>
     <span class='ocr_line' id='line_1_51' title="bbox 77 5290 1728 5378; baseline -0.004 -25"><span class='ocrx_word' id='word_1_651' title='bbox 77 5292 622 5378; x_wconf 80' lang='lat' dir='ltr'>putestsegrotaati‚quiaaequitridere</span> <span class='ocrx_word' id='word_1_652' title='bbox 648 5292 793 5361; x_wconf 88' lang='lat' dir='ltr'>nisisana,</span> <span class='ocrx_word' id='word_1_653' title='bbox 822 5307 877 5346; x_wconf 92' lang='lat' dir='ltr'>non</span> <span class='ocrx_word' id='word_1_654' title='bbox 932 5292 976 5362; x_wconf 89' lang='lat' dir='ltr'>qui</span> <span class='ocrx_word' id='word_1_655' title='bbox 993 5294 1192 5348; x_wconf 86' lang='lat' dir='ltr'>lraeotriacurn</span> <span class='ocrx_word' id='word_1_656' title='bbox 1220 5290 1347 5346; x_wconf 85' lang='lat' dir='ltr'>fidelihus</span> <span class='ocrx_word' id='word_1_657' title='bbox 1366 5293 1441 5360; x_wconf 86' lang='lat' dir='ltr'>paria</span> <span class='ocrx_word' id='word_1_658' title='bbox 1461 5308 1515 5347; x_wconf 90' lang='lat' dir='ltr'>nnn</span> <span class='ocrx_word' id='word_1_659' title='bbox 1535 5293 1648 5348; x_wconf 88' lang='lat' dir='ltr'>hahent.</span> <span class='ocrx_word' id='word_1_660' title='bbox 1673 5291 1728 5361; x_wconf 81' lang='lat' dir='ltr'>Qut</span> 
     </span>
     <span class='ocr_line' id='line_1_52' title="bbox 77 5379 1728 5461; baseline -0.008 -11"><span class='ocrx_word' id='word_1_661' title='bbox 77 5395 127 5450; x_wconf 81' lang='lat' dir='ltr'>dat</span> <span class='ocrx_word' id='word_1_662' title='bbox 139 5400 251 5461; x_wconf 80' lang='lat' dir='ltr'>operam</span> <span class='ocrx_word' id='word_1_663' title='bbox 266 5399 322 5440; x_wconf 81' lang='lat' dir='ltr'>suae</span> <span class='ocrx_word' id='word_1_664' title='bbox 343 5382 466 5437; x_wconf 85' lang='lat' dir='ltr'>sanitati.</span> <span class='ocrx_word' id='word_1_665' title='bbox 486 5381 539 5438; x_wconf 90' lang='lat' dir='ltr'>Sed</span> <span class='ocrx_word' id='word_1_666' title='bbox 554 5381 630 5454; x_wconf 91' lang='lat' dir='ltr'>quid,</span> <span class='ocrx_word' id='word_1_667' title='bbox 658 5381 680 5435; x_wconf 91' lang='lat' dir='ltr'>si</span> <span class='ocrx_word' id='word_1_668' title='bbox 696 5380 785 5436; x_wconf 87' lang='lat' dir='ltr'>eredat</span> <span class='ocrx_word' id='word_1_669' title='bbox 813 5381 877 5453; x_wconf 89' lang='lat' dir='ltr'>qui·</span> <span class='ocrx_word' id='word_1_670' title='bbox 931 5381 1002 5437; x_wconf 88' lang='lat' dir='ltr'>enirn</span> <span class='ocrx_word' id='word_1_671' title='bbox 1019 5380 1170 5438; x_wconf 86' lang='lat' dir='ltr'>abdclibus</span> <span class='ocrx_word' id='word_1_672' title='bbox 1184 5380 1235 5435; x_wconf 87' lang='lat' dir='ltr'>alia</span> <span class='ocrx_word' id='word_1_673' title='bbox 1248 5379 1341 5444; x_wconf 87' lang='lat' dir='ltr'>credit,</span> <span class='ocrx_word' id='word_1_674' title='bbox 1354 5379 1408 5435; x_wconf 87' lang='lat' dir='ltr'>alia</span> <span class='ocrx_word' id='word_1_675' title='bbox 1430 5388 1533 5452; x_wconf 86' lang='lat' dir='ltr'>sperat,</span> <span class='ocrx_word' id='word_1_676' title='bbox 1547 5381 1600 5436; x_wconf 89' lang='lat' dir='ltr'>aliu</span> <span class='ocrx_word' id='word_1_677' title='bbox 1628 5380 1728 5455; x_wconf 82' lang='lat' dir='ltr'>diligit,</span> 
     </span>
    </p>
   </div>
   <div class='ocr_carea' id='block_1_12' title="bbox 112 5556 1469 5647">
    <p class='ocr_par' dir='ltr' id='par_1_12' title="bbox 112 5556 1469 5647">
     <span class='ocr_line' id='line_1_53' title="bbox 112 5556 1469 5647; baseline -0.009 -20"><span class='ocrx_word' id='word_1_678' title='bbox 112 5570 173 5647; x_wconf 77' lang='lat'><strong>(53)</strong></span> <span class='ocrx_word' id='word_1_679' title='bbox 186 5564 320 5639; x_wconf 59' lang='lat' dir='ltr'>Quadam</span> <span class='ocrx_word' id='word_1_680' title='bbox 333 5578 369 5623; x_wconf 79' lang='lat' dir='ltr'>as</span> <span class='ocrx_word' id='word_1_681' title='bbox 389 5562 511 5638; x_wconf 73' lang='lat' dir='ltr'>margine</span> <span class='ocrx_word' id='word_1_682' title='bbox 525 5559 627 5619; x_wconf 86' lang='lat' dir='ltr'>codicis</span> <span class='ocrx_word' id='word_1_683' title='bbox 637 5559 665 5616; x_wconf 90' lang='lat' dir='ltr'>ia</span> <span class='ocrx_word' id='word_1_684' title='bbox 680 5566 781 5618; x_wconf 84' lang='lat' dir='ltr'>teatunr</span> <span class='ocrx_word' id='word_1_685' title='bbox 796 5557 923 5619; x_wconf 88' lang='lat' dir='ltr'>rideatur</span> <span class='ocrx_word' id='word_1_686' title='bbox 937 5559 1081 5634; x_wconf 79' lang='lat' dir='ltr'>irrepsisse</span> <span class='ocrx_word' id='word_1_687' title='bbox 1096 5574 1155 5633; x_wconf 73' lang='lat' dir='ltr'>quae</span> <span class='ocrx_word' id='word_1_688' title='bbox 1165 5572 1274 5615; x_wconf 84' lang='lat' dir='ltr'>sonsum</span> <span class='ocrx_word' id='word_1_689' title='bbox 1290 5556 1469 5616; x_wconf 84' lang='lat' dir='ltr'>conturbant.</span> 
     </span>
    </p>
   </div>
   <div class='ocr_carea' id='block_1_13' title="bbox 0 0 1868 6000">
    <p class='ocr_par' dir='ltr' id='par_1_13' title="bbox 0 0 1868 6000">
     <span class='ocr_line' id='line_1_54' title="bbox 0 0 1868 6000; baseline 0 0"><span class='ocrx_word' id='word_1_690' title='bbox 0 0 1868 6000; x_wconf 95' lang='lat' dir='ltr'> </span> 
     </span>
    </p>
   </div>
  </div>
 </body>
</html>
