3728 6000
61 268 113 320 233

654 267 880 323 bsotrtrtvs‘
898 266 1113 324 ottsrtortEs.

1663 273 1716 329 234

58 387 156 445 oculos
169 404 256 458 meos,
274 397 301 445 et
318 405 389 461 pene
404 389 552 445 exturbans
570 406 615 445 ms
631 404 648 446 a
667 391 777 461 proprio
791 406 860 447 ron·
874 393 900 453 Α
916 390 1099 460 cupiscentias
1127 406 1203 446 meas
1224 399 1250 447 ct
1271 391 1404 448 vanitates
1427 391 1527 460 cordis,
1544 393 1710 451 adolescen-

58 477 181 533 scientioe
208 494 278 534 meae
306 478 721 551 domicilio.1ngrediortamen
747 480 816 536 sieut
836 480 864 534 in

59 582 117 621 rem
130 566 205 636 juris
213 569 266 623 inei
280 586 288 631 ;
305 576 330 622 et
345 583 408 623 ecce
423 567 618 640 cogitationum
633 569 711 623 turba
726 575 779 622 tam
795 583 862 638 pro-

59 670 120 721 cu,
140 663 198 710 tam
219 655 427 727 indisciplinata,
455 661 510 710 tam
525 656 678 724 varia,tam
699 656 822 725 confusa,
834 664 863 711 ut

57 743 219 800 discernere
235 760 283 800 eas
297 760 353 799 non
377 743 491 800 sulliciat
504 760 552 801 eor
574 745 699 813 bominis,
716 745 792 816 quod
813 760 863 800 eas

56 833 168 905 gennit.
187 831 306 888 Resideo
321 841 412 888 tamen
428 833 505 903 quasi
518 833 689 901 iudicaturus
703 848 762 889 aas.
776 832 863 890 iubeo

56 937 102 977 cas
117 928 193 978 stare
206 937 291 993 propa
306 938 360 988 me,
374 930 404 977 ut
421 922 512 977 vultus
526 922 695 994 singularum
716 923 862 978 notiones·

57 1026 108 1083 que
122 1010 299 1084 dignoscam,
314 1010 431 1084 singulis
444 1026 524 1065 suum
538 1011 609 1081 apud
625 1027 669 1066 me
682 1011 772 1067 locum
781 1010 861 1066 datu-

56 1116 118 1154 rus.
140 1099 302 1170 Priusquam
326 1100 499 1171 perspiciam,
515 1100 676 1171 priusquam
690 1099 859 1172 dignoscam,

58 1188 208 1251 dissiliunt,
223 1196 251 1244 et
265 1188 326 1244 aliae
341 1188 467 1260 proeliis
481 1204 511 1242 se
526 1186 672 1243 offerentes
690 1187 805 1243 irridere
819 1187 861 1243 ri·

57 1277 159 1334 dentur
169 1277 346 1345 judicantem.
358 1276 490 1349 indignor
502 1277 861 1349 eti1·ascormibi.Exsnrgo

58 1366 137 1437 qnasi
166 1367 290 1422 severius
317 1367 345 1421 in
360 1382 408 1421 eas
432 1374 538 1421 acturus
559 1381 608 1437 pro
633 1373 775 1436 potestate,
792 1366 860 1420 sicut

56 1455 83 1510 in
101 1470 194 1527 ragno
209 1470 279 1510 meo.
300 1455 413 1510 adduco
428 1455 504 1523 mihi,
516 1464 543 1510 et
563 1455 642 1528 quasi
657 1455 692 1507 ud
715 1454 859 1510 consitium

56 1544 182 1599 assidere
197 1543 262 1599 mibi
272 1543 353 1609 iasio,
368 1560 435 1615 quas
450 1552 537 1598 certas
549 1552 577 1599 et
591 1543 703 1599 stabiles
713 1543 859 1615 aliquando

53 1640 184 1703 expertus
198 1649 267 1697 som,
285 1633 397 1687 haustas
411 1633 447 1688 de
469 1632 590 1688 lontibus
615 1632 784 1688 Salvatoris:
801 1632 859 1703 ipse

917 479 981 534 tiam
996 495 1084 534 meam
1104 480 1209 551 perdidi
1227 489 1271 536 :et
1286 497 1355 552 pene
1383 481 1455 538 viam
1480 482 1556 537 canis
1577 482 1715 555 ingressus

916 584 990 622 suin.
1008 568 1123 640 Semper
1132 576 1223 624 autem
1238 569 1350 641 spiritus
1370 586 1448 625 meus
1464 577 1489 626 te
1509 570 1619 626 dilexit:
1631 573 1712 628 etiarn

916 672 977 712 cum
988 671 1051 712 caro
1065 658 1194 729 neglexit.

952 744 1020 800 Cum
1037 745 1072 800 ab
1087 745 1129 800 bis
1143 746 1277 818 lugerem,
1294 747 1328 803 ad
1343 757 1368 804 te
1383 748 1493 821 coniugi
1511 767 1518 816 ς
1533 757 1560 805 et
1573 758 1601 804 ιιι
1618 748 1654 805 de
1668 766 1716 806 sae·

916 833 968 888 culi
987 834 1118 906 voragine
1133 850 1176 890 rne
1200 836 1362 902 extraxistr;
1377 837 1466 893 loedus
1486 845 1575 894 tecum
1599 838 1692 910 pepigi
1707 857 1715 904 ;

913 921 1003 990 juravi
1026 930 1053 978 et
1067 923 1146 979 statui
1166 924 1303 981 custodire
1320 925 1424 994 judicia
1435 926 1547 996 institiae
1563 933 1625 982 tuae.
1641 927 1674 981 Et
1688 935 1716 983 tu

915 1009 1111 1067 misericordiae
1134 1020 1187 1069 tuae
1205 1013 1294 1068 sinum
1310 1014 1377 1068 mibi
1392 1014 1527 1086 aperiens,
1544 1015 1571 1069 in
1593 1031 1656 1070 enm
1672 1031 1716 1072 me

915 1098 1060 1171 collegisti,
1077 1100 1105 1154 in
1133 1116 1268 1172 quocum
1299 1102 1420 1158 suaviter
1443 1103 1626 1175 quiescerem,
1641 1105 1714 1159 diem

914 1188 1034 1242 bominis
1046 1188 1100 1244 vidi
1115 1195 1144 1243 et
1171 1190 1324 1261 concupivi.
1341 1193 1374 1246 Et
1398 1192 1512 1247 emisisti
1527 1199 1554 1247 et
1573 1193 1711 1248 nolentem

914 1284 941 1333 et
954 1277 1088 1332 uolentem
1103 1293 1111 1346 ;
1127 1278 1176 1333 sed
1199 1287 1288 1334 tamen
1305 1296 1349 1334 me
1372 1288 1429 1335 ate
1452 1296 1507 1335 non
1532 1281 1667 1336 dimisisti.
1683 1281 1712 1337 Si

913 1365 1100 1421 obliviscebar
1122 1366 1268 1438 aliquando
1283 1368 1334 1422 Dei
1358 1368 1423 1433 mei,
1437 1377 1464 1424 et
1485 1369 1508 1424 si
1533 1369 1714 1425 extendebam

914 1471 1009 1508 manus
1023 1470 1160 1524 measque
1176 1471 1229 1510 non
1239 1456 1481 1524 debebam,statim
1495 1458 1608 1513 interius
1621 1458 1711 1513 omnia

912 1559 976 1598 ossa
991 1544 1090 1599 animae
1106 1559 1173 1600 meae
1198 1544 1297 1601 baculo
1311 1545 1464 1616 discipliuae
1478 1554 1530 1601 tuta
1555 1547 1713 1617 confringe·

913 1631 977 1686 bant
1005 1633 1103 1689 secreti
1132 1633 1308 1689 conscientia
1342 1649 1409 1691 mete
1443 1643 1567 1698 tortores,
1588 1637 1712 1691 exterius

914 1735 978 1775 vero
992 1737 1073 1791 supra
1087 1720 1197 1776 dorsum
1217 1737 1307 1776 meum
1324 1722 1524 1778 fabricaverunt
1537 1731 1707 1795 peccatores.

50 1721 147 1791 judex,
162 1720 223 1791 ipse
237 1729 387 1786 aecusator,
403 1720 463 1791 ipsa
479 1721 564 1776 testis.
578 1721 696 1776 Secerno
710 1720 737 1775 in
752 1728 857 1792 partem
872 1747 900 1808 B

54 1809 214 1866 immundas
242 1818 269 1865 et
298 1811 442 1881 pessimas,
459 1810 538 1881 quasi
567 1810 694 1882 indignas
719 1809 816 1876 audiri,
832 1819 860 1865 et
914 1804 958 1858 Sic
981 1803 1134 1871 cadentem,
1165 1812 1366 1876 resurgentem,
1394 1807 1564 1874 morientem,
1581 1807 1709 1862 reviven-

57 1899 163 1969 absque
177 1898 252 1953 omni
265 1898 371 1968 judicio
383 1899 563 1963 damnandas,
576 1906 603 1953 et
616 1898 708 1953 debita
722 1900 858 1969 poeniten·
913 1899 976 1958 tem,
992 1891 1077 1947 multo
1104 1907 1148 1946 me
1168 1900 1290 1963 tempore
1316 1894 1467 1948 sustinuisti
1485 1902 1511 1949 et
1536 1897 1706 1951 sustentasti.

54 1988 99 2043 tie
114 1986 858 2059 poenaplectendas.Otiosas,odiosas,quasiqunsrlam
913 1977 983 2034 Cum
1002 1980 1037 2035 ad
1065 1979 1189 2035 ultimum
1205 1988 1231 2035 et
1259 1996 1373 2050 corpore
1390 1980 1534 2037 deficerem
1556 1991 1583 2037 et
1606 1992 1709 2052 mente,

59 2091 222 2132 muscarum
249 2076 468 2146 importunitates
494 2075 723 2148 abigoldmitto
753 2077 857 2131 interim

59 2165 139 2237 quasi
160 2164 359 2220 rationabiliter
372 2163 519 2219 audiendas
538 2173 565 2218 et
583 2163 753 2233 emittendas,
769 2180 858 2237 nego·

58 2254 143 2309 tiosss
171 2254 215 2308 vel
242 2253 438 2324 occupatorias,
454 2268 503 2307 sua
531 2251 571 2307 eis
595 2261 730 2323 tempora,
755 2268 859 2323 suaque

56 2341 118 2397 loca
141 2342 316 2397 distribuens.
337 2340 404 2410 Quae
428 2342 589 2396 damnantur
607 2341 713 2412 iudicio
743 2341 859 2412 pmpriae

57 2431 241 2497 conscientiis,
258 2431 361 2502 absque
376 2446 513 2485 muunure
537 2445 614 2485 suam
628 2430 781 2501 suscipiunt
791 2447 859 2485 sen-

59 2520 183 2575 tentiam.
199 2518 302 2575 Otiosae
317 2535 374 2574 rem
404 2519 525 2573 videntes
543 2519 614 2573 serio
639 2519 758 2585 actitari,
778 2517 859 2573 diliu-

56 2609 148 2681 giunt,
164 2608 207 2664 vel
217 2606 525 2671 alliciunturlentiores;
539 2617 666 2663 verentes
679 2608 859 2664 interturbare

57 2709 120 2762 quae
147 2700 287 2765 geruntur.
304 2692 462 2764 Negotiosae
491 2691 594 2764 negligi
624 2708 653 2746 se
682 2692 860 2759 videntes‚et

913 2068 986 2122 etde
1007 2076 1098 2123 ventre
1127 2069 1207 2124 inseri
1234 2070 1380 2125 clamarem
1405 2070 1440 2124 ad
1464 2078 1499 2137 te,
1525 2072 1614 2125 statim
1643 2071 1711 2127 mihi

913 2156 1022 2211 adluisti
1039 2172 1045 2211 :
1062 2157 1211 2227 porrexisti
1240 2173 1362 2225 manum,
1378 2157 1411 2212 de
1435 2159 1493 2214 lacu
1521 2160 1638 2216 miserim
1665 2177 1709 2218 me

913 2245 1041 2300 eduxisti.
1058 2246 1205 2302 Restituisti
1223 2246 1250 2300 in
1258 2247 1407 2318 antiquum,
1419 2248 1608 2318 etampliorem
1629 2266 1711 2321 quam

912 2333 987 2403 prius
1015 2333 1187 2390 salutatistui
1212 2335 1332 2390 laetitiam
1347 2335 1412 2389 mibi
1428 2336 1575 2391 reddidisti.
1594 2337 1641 2392 Sic
1661 2336 1710 2409 ini,

912 2417 1041 2484 Domine,
1054 2418 1093 2474 sic
1119 2435 1178 2474 sum
1197 2438 1202 2474 :
1219 2435 1253 2474 en
1277 2428 1348 2474 totus
1376 2419 1423 2474 tibi
1444 2419 1550 2474 adsum.
1564 2420 1636 2475 llala
1650 2437 1713 2477 mea

914 2522 974 2577 qua
988 2514 1089 2578 patent,
1110 2524 1160 2562 nec
1179 2515 1205 2562 te
1230 2523 1279 2563 nec
1298 2523 1342 2563 me
1366 2507 1472 2563 latent:
1490 2509 1538 2564 sed
1560 2518 1622 2564 sunt
1637 2510 1713 2580 plura

914 2612 974 2667 qnae
990 2612 1033 2651 me
1048 2612 1097 2667 per
1110 2596 1264 2652 eaecitatem
1279 2612 1366 2651 meam
1378 2596 1421 2652 vel
1436 2597 1598 2653 oblivionem
1616 2598 1712 2666 latent,

913 2700 973 2755 quae
988 2691 1079 2739 tamen
1103 2684 1150 2739 tibi
1173 2693 1275 2755 patent.
1288 2685 1316 2739 Si
1337 2685 1410 2740 bona
1424 2685 1451 2739 in
1474 2702 1517 2740 me
1536 2687 1601 2756 ulla,
1617 2687 1713 2743 incor-

56 2782 128 2836 sicut
156 2781 250 2836 causis
273 2783 331 2835 suis
355 2781 527 2837 cessantibus
554 2779 588 2834 ad
611 2781 748 2836 modicum
769 2782 858 2847 utiles,
915 2780 991 2844 lupia
1017 2773 1100 2837 nulla,
1117 2773 1180 2844 quia
1214 2774 1289 2844 plura
1304 2773 1370 2828 mibi
1395 2774 1535 2846 preripuit
1561 2776 1713 2832 inimicus:

55 2869 115 2939 jam
130 2885 218 2940 prope
232 2869 302 2924 inter
322 2869 427 2924 otiosas
441 2868 633 2938 computarise
655 2869 859 2937 erubescentes,
915 2861 958 2916 vel
991 2861 1014 2916 51
1048 2861 1099 2916 i¹0⁰
1125 2878 1178 2917 11011
1212 2861 1308 2932 11011111,
1329 2862 1425 2934 11110111
1457 2864 1539 2918 1110110
1570 2865 1715 2936 corrupit:

58 2958 199 3013 recedunt.
216 2957 262 3013 Sic
276 2973 343 3028 ergo
362 2957 486 3012 discussa
502 2957 699 3028 aliquantisper
714 2958 858 3030 cogitatio·
915 2950 1039 3021 quamvis
1053 2950 1130 3020 plura
1144 2966 1196 3022 ego
1206 2951 1280 3018 mibi,
1293 2966 1374 3023 quam
1390 2951 1524 3007 inimicus.
1536 2951 1610 3009 Ecce
1625 2968 1717 3009 coram

58 3061 123 3099 num
144 3044 277 3116 caligine,
293 3051 423 3100 converto
440 3060 483 3098 me
498 3043 534 3098 ad
556 3060 650 3099 earum
665 3043 809 3116 originem,
825 3044 860 3099 ad
915 3047 941 3092 te
956 3038 1037 3094 iacies
1061 3054 1131 3106 mea,
1149 3041 1225 3108 cujus
1250 3055 1349 3095 nomen
1365 3048 1405 3096 cst
1427 3041 1547 3107 miseria,
1563 3042 1598 3097 ad
1614 3041 1713 3098 faciem

56 3132 242 3188 ordinandam
258 3131 361 3188 scilicet
375 3130 519 3187 allectuum
534 3131 719 3203 disciplinam,
735 3141 762 3188 et
787 3132 861 3189 inve·
876 3103 901 3166 C
915 3136 1030 3196 tuam,o
1049 3146 1154 3185 summa
1167 3131 1359 3187 misericordia.
1376 3134 1499 3206 lingulos
1518 3133 1578 3204 ejus
1595 3136 1717 3192 occultos

60 3222 110 3277 nio
134 3222 300 3277 necessitate
326 3220 480 3275 solitudinis
497 3221 526 3275 in
545 3237 626 3292 quam
644 3221 786 3294 transfugi,
808 3222 860 3277 ob·
915 3227 940 3275 et
955 3234 1079 3273 recessus
1104 3234 1158 3274 non
1174 3219 1222 3273 tibi
1250 3221 1374 3287 oeculto;
1391 3222 1496 3288 tuscis,
1513 3237 1530 3276 o
1552 3223 1673 3293 veritas,
1690 3231 1718 3281 et

59 3317 178 3366 structos
192 3311 234 3365 eis
248 3309 339 3365 aditus
354 3310 488 3375 etexitus,
505 3309 531 3363 in
547 3309 589 3364 his
602 3325 661 3379 quae
676 3310 837 3365 carnissunt
852 3327 859 3365 :
914 3323 1011 3379 precor
1029 3316 1065 3372 te,
1082 3316 1111 3362 ut
1122 3323 1217 3362 coram
1235 3315 1259 3362 te
1274 3309 1326 3362 boc
1340 3308 1375 3362 sit
1388 3308 1495 3365 veritas.
1512 3310 1622 3365 Nullum
1638 3313 1711 3366 enim

59 3414 131 3471 qnos
157 3399 182 3454 si
207 3399 361 3453 invenirem
404 3406 539 3470 patentes,
567 3398 699 3453 conliteor
726 3398 862 3454 miseriam
914 3396 953 3451 sic
970 3396 1050 3451 timeo
1065 3396 1134 3451 sicut
1149 3411 1192 3450 me
1207 3396 1306 3466 ipsum,
1320 3413 1353 3450 ne
1368 3397 1411 3452 vel
1427 3397 1518 3451 sciens
1536 3398 1579 3453 rel
1593 3400 1718 3456 nesciens

57 3503 160 3553 meam,
170 3487 403 3559 suspectissimam
419 3488 546 3542 haberem
557 3485 742 3542 infirmitatem
759 3503 858 3543 meam.

57 3576 113 3632 Sed
129 3584 156 3631 et
171 3577 298 3648 princeps
325 3592 419 3631 eorum
435 3591 523 3641 amor,
540 3576 717 3648 pergratiam
743 3577 860 3646 ejusqui

55 3681 102 3721 rne
130 3664 276 3730 eoniortat,
292 3665 338 3719 uni
354 3664 403 3730 illi,
419 3680 500 3736 quarn
527 3672 601 3735 peto,
616 3664 725 3719 assidue
748 3679 858 3733 vacans,

56 3769 168 3809 emnem
193 3769 290 3808 eorum
321 3753 430 3807 turbam
456 3753 507 3807 sibi
525 3752 624 3824 redigit
637 3753 664 3806 in
682 3752 859 3808 servitutem:

56 3842 137 3916 leges
151 3841 206 3908 dat,
223 3840 322 3896 modos
341 3840 478 3905 inlormat,
495 3839 611 3912 praefigit
626 3841 765 3906 terminos,
791 3855 860 3910 qnos

56 3931 200 4003 praeterire
215 3945 270 3985 non
277 3929 415 3985 boetiam
432 3943 498 4000 ergo
508 3928 632 3984 discussa
643 3930 718 3983 omni
729 3928 858 4001 caligine,

57 4020 187 4075 saniores
200 4018 228 4073 in
251 4027 279 4074 te
302 4016 397 4074 oculos
409 4025 548 4085 converto,
565 4033 581 4072 o
601 4017 645 4072 lux
660 4017 780 4072 veritatis
798 4034 804 4079 ;
833 4024 859 4072 et

56 4107 179 4164 exclusis
197 4106 333 4174 omnibus,
350 4115 449 4171 terum,
464 4122 481 4161 o
496 4106 606 4171 veritas,
621 4122 665 4160 me
680 4105 810 4174 includo;
833 4113 860 4161 et

55 4195 230 4253 abscondens
258 4212 302 4251 me
316 4195 345 4250 in
371 4195 529 4251 abscondito
544 4194 636 4251 vultus
664 4194 713 4265 tui,
729 4195 859 4251 secretius

55 4296 82 4342 et
111 4285 275 4341 familiarius
304 4293 330 4339 te
358 4283 501 4357 alloquor;
519 4292 546 4339 et
560 4298 657 4339 earnes
684 4283 858 4339 conscientiae

54 4392 124 4432 mesa
141 4374 221 4430 sinas
240 4373 290 4427 tibi
315 4373 452 4443 aperiens,
469 4380 496 4429 et
509 4372 632 4444 proJecta
656 4380 730 4428 veste
745 4371 859 4441 pellicea

913 3484 1048 3555 decipiam
1080 3485 1225 3555 meipsum.
1245 3485 1374 3556 Nunquid
1398 3501 1451 3540 non
1478 3489 1561 3542 credo
1593 3492 1629 3556 le,
1656 3505 1711 3544 nort

913 3574 996 3629 credo
1010 3572 1069 3640 tibi,
1085 3588 1138 3628 non
1160 3574 1242 3629 eredo
1257 3574 1285 3627 in
1309 3582 1344 3640 te,
1361 3573 1434 3629 Deus
1450 3576 1552 3629 meust
1575 3577 1634 3632 Non
1650 3577 1715 3633 irri-

913 3663 995 3717 deant
1010 3678 1054 3716 me
1080 3660 1245 3717 diffinientes
1266 3661 1333 3716 lines
1357 3671 1386 3717 et
1404 3663 1535 3718 terminos
1549 3663 1710 3736 iideimeae;

912 3751 1004 3817 corde,
1021 3766 1078 3817 ore,
1090 3754 1183 3816 manu,
1199 3750 1312 3821 scripto,
1328 3751 1376 3804 tibi
1392 3749 1486 3818 offero,
1504 3753 1551 3806 lux
1578 3755 1715 3825 veritatis,

913 3839 1017 3893 scilicet
1041 3838 1222 3893 voluntarium
1238 3847 1265 3894 et
1288 3840 1398 3909 plenum
1420 3839 1549 3895 credendi
1576 3858 1718 3898 assensum

912 3927 940 3980 in
956 3926 1083 3982 omnibus
1099 3942 1159 3998 quoe
1177 3926 1210 3980 de
1221 3934 1248 3982 te
1262 3927 1350 3983 credit
1363 3927 1487 3983 Ecclesia
1501 3930 1645 3986 catholiea.
1662 3933 1718 3988 llos

912 4014 975 4069 fidei
992 4032 1061 4070 mem
1080 4014 1158 4082 lines,
1175 4014 1198 4069 si
1213 4013 1361 4082 sufficiunt,
1377 4016 1479 4087 imple;
1497 4018 1519 4071 si
1535 4019 1626 4073 minus
1642 4029 1715 4088 suut,

911 4104 1019 4175 supple.
1041 4104 1080 4158 De
1105 4119 1153 4173 spe
1177 4107 1267 4158 antem
1291 4102 1458 4160 confidenter
1482 4106 1544 4162 dicu
1560 4125 1568 4174 ;
1585 4110 1647 4177 quia
1664 4125 1719 4164 non

912 4208 978 4247 vere
1002 4191 1095 4260 credo,
1112 4192 1133 4246 si
1159 4191 1232 4246 alind
1257 4208 1348 4261 spero,
1366 4210 1444 4265 quam
1463 4195 1535 4264 quod
1560 4198 1655 4252 crede.
1676 4199 1715 4254 To

912 4280 1003 4348 credo,
1020 4289 1046 4335 te
1061 4295 1142 4350 spero
1152 4300 1158 4345 ;
1178 4285 1202 4335 te
1227 4282 1292 4335 mibi
1308 4281 1352 4350 da,
1367 4283 1440 4337 aliud
1461 4299 1515 4338 non
1540 4301 1643 4354 quaero.
1661 4287 1716 4342 Sed

913 4385 968 4425 non
992 4384 1084 4440 spero,
1102 4369 1124 4423 si
1150 4384 1203 4423 non
1223 4385 1303 4439 amo;
1331 4386 1381 4426 uec
1399 4386 1471 4438 amo,
1497 4372 1519 4426 si
1544 4389 1597 4428 non
1621 4391 1713 4444 spero.

54 4466 132 4532 Adae,
148 4478 233 4535 quam
247 4462 273 4517 ei
287 4461 376 4516 iecisti
397 4461 432 4515 ad
455 4462 654 4534 protegendum
670 4451 984 4532 opprobriuledeo,
1006 4458 1093 4519 Pater.
1124 4457 1186 4527 quia
1224 4458 1320 4513 misere
1343 4475 1419 4525 amo,
1447 4459 1577 4532 languide
1614 4480 1709 4533 spero.

55 4552 226 4610 conlusionis
253 4567 319 4618 suae,
335 4550 437 4606 nudum
466 4566 509 4605 me
524 4550 593 4605 sieut
615 4566 658 4605 me
685 4549 791 4614 creasti,
804 4548 852 4602 tibi

55 4642 197 4706 exhibens,
208 4639 253 4696 aio
265 4654 272 4694 :
285 4640 358 4695 Ecce
385 4655 439 4708 me,
457 4640 580 4706 Domine,
597 4654 650 4693 non
675 4637 784 4709 qualern
812 4653 856 4692 me

56 4730 145 4788 iecisti
159 4745 168 4800 ;
183 4728 233 4785 sed
262 4727 370 4800 qualern
398 4742 442 4782 me
468 4726 533 4793 leci,
548 4743 584 4783 ex
599 4743 654 4798 quo
668 4741 685 4781 a
700 4734 725 4782 te
752 4724 854 4781 deieci·

57 4820 129 4877 Eece
157 4817 275 4874 vulnera
296 4832 357 4871 mea
382 4816 500 4871 recentia
514 4823 540 4869 et
560 4816 689 4886 antiqua:
704 4814 769 4870 nibil
786 4815 855 4869 sub·

57 4909 145 4975 trabe,
157 4905 249 4963 omnia
263 4905 312 4961 tibi
325 4919 442 4976 expono,
459 4913 484 4959 et
497 4903 572 4959 bona
584 4913 642 4971 tua,
659 4911 685 4960 et
699 4903 772 4958 mala
781 4918 853 4959 mea.

54 4998 94 5054 tn
108 4995 260 5069 imaginem
284 5003 356 5050 tuam
376 5010 420 5048 me
434 4992 534 5049 creasti
547 4993 591 5057 ;in
607 4991 731 5064 paradiso
751 5000 796 5048 tuo
811 5008 854 5048 ma

54 5084 196 5142 collocasti
211 5103 220 5154 3
236 5083 264 5139 in
279 5082 370 5138 media
392 5090 466 5138 sorte
488 5081 606 5137 filiorum
632 5089 745 5137 tuorum
764 5081 854 5136 locum

52 5175 226 5233 nominatum
241 5171 306 5227 nribi
325 5170 442 5239 dedisti;
458 5170 493 5226 ab
513 5170 574 5243 ipsa
589 5171 703 5242 pueritia
721 5185 783 5226 mea
799 5169 852 5224 im-

52 5281 120 5338 pura
153 5276 295 5334 superma
317 5258 408 5315 lumen
435 5259 525 5315 vultus
539 5258 577 5314 tui
592 5258 717 5331 signasti.
735 5258 794 5332 Ego
818 5258 854 5315 de

50 5346 849 5427 paradisolugi;pmlocoquemdederascloacaminreni,

52 5446 77 5496 at
90 5439 120 5494 in
135 5451 170 5495 es
185 5450 231 5491 me
245 5433 365 5491 obvolvi.
380 5432 554 5505 signaculum
576 5431 666 5488 vultus
690 5432 732 5488 tui
753 5432 851 5490 affectu

48 5542 161 5601 semper
169 5523 257 5591 tenni,
272 5521 322 5579 sed
335 5536 418 5594 opere
432 5519 520 5592 abjeci
535 5537 542 5576 ε
558 5520 623 5595 quia
636 5521 774 5596 sequendo
785 5536 853 5579 eon·

193 5676 322 5735 Panos·
338 5671 472 5737 CLXXX.

911 4547 1009 4616 Sisque
1041 4545 1105 4601 dum
1140 4547 1212 4618 quod
1242 4548 1411 4618 supercrevit
1449 4549 1484 4603 de
1516 4550 1608 4605 radice
1640 4550 1715 4620 strici,

911 4633 1073 4703 marcescit;
1090 4634 1150 4705 ipsa
1165 4635 1245 4689 etiam
1261 4636 1340 4690 radix
1363 4636 1497 4692 lentescit.
1514 4638 1603 4695 Credo
1624 4647 1714 4696 tumen

909 4723 998 4778 adbuc
1013 4728 1049 4789 le,
1067 4731 1093 4777 et
1108 4738 1200 4792 spero,
1217 4731 1244 4777 ct
1257 4739 1329 4789 amo,
1344 4739 1361 4779 o
1378 4725 1432 4779 vita
1446 4732 1560 4780 aeterna.

946 4810 1079 4884 Opatria,
1095 4811 1283 4882 priusquam
1299 4812 1333 4866 de
1352 4812 1435 4882 longe
1456 4822 1481 4868 te
1492 4813 1572 4870 video
1592 4823 1617 4870 et
1635 4816 1711 4871 salu-

909 4908 960 4970 to;
981 4899 1026 4954 ubi
1055 4899 1125 4954 mela
1152 4899 1238 4965 nulla,
1255 4900 1327 4955 bona
1355 4901 1457 4957 omnia.
1475 4903 1514 4958 De
1543 4904 1620 4959 malis
1643 4908 1710 4972 seio,

909 4988 981 5061 quod
1005 4988 1042 5043 ibi
1068 5005 1121 5044 non
1141 4988 1197 5043 sint
1220 4989 1302 5053 mala,
1324 5006 1385 5060 qum
1409 5005 1453 5045 me
1476 4990 1596 5061 perfecte
1620 4993 1713 5050 docuit

908 5077 990 5149 longa
1015 5083 1043 5132 et
1067 5077 1177 5132 taediose
1204 5078 1390 5148 experientia:
1410 5079 1445 5134 de
1468 5080 1547 5135 bonis
1570 5099 1634 5138 vero
1650 5099 1710 5155 quae

911 5166 948 5221 ibi
964 5174 1037 5235 sunt,
1051 5166 1210 5236 inquantum
1229 5166 1312 5238 longe
1336 5174 1378 5221 est
1398 5169 1562 5239 experientia
1575 5186 1647 5237 mea,
1663 5171 1709 5226 in-

911 5262 1014 5310 tantum
1034 5255 1224 5328 peregrinatur
1248 5256 1283 5310 ab
1299 5256 1339 5310 eis
1355 5256 1469 5312 seientia
1483 5275 1555 5315 mea.
1570 5260 1708 5328 Miserere,

909 5344 1035 5411 Domine,
1053 5360 1116 5399 ecce
1130 5343 1235 5399 cucurri
1246 5344 1366 5400 etdirexi
1378 5365 1385 5409 ;
1398 5362 1513 5419 exsurge
1528 5348 1554 5401 in
1566 5363 1708 5404 occursum

910 5448 1011 5501 meum,
1028 5439 1055 5487 et
1070 5431 1132 5488 vide
1151 5432 1237 5498 (Paul.
1257 5436 1353 5504 avrti);
1370 5444 1463 5490 notum
1483 5435 1527 5490 lac
1542 5437 1606 5491 mibi
1624 5436 1707 5493 finem

909 5537 1013 5592 meum,
1029 5528 1055 5578 et
1081 5535 1225 5577 numerum
1248 5520 1353 5578 dierum
1377 5539 1509 5594 meorum,
1534 5525 1579 5596 qui
1602 5533 1656 5595 est,
1677 5532 1707 5583 ut
