3728 6000
118 199 150 256 te
582 194 788 259 mactatus
804 198 853 258 DE
871 193 1139 260 incitamenta
1158 199 1308 263 caatsrt.
1736 210 1770 269 tt

153 328 197 382 tre
207 325 671 398 jabeastatritisquemanenados
684 331 790 383 carecta
804 327 919 395 incurri,
935 327 962 387 Α
977 328 1017 384 lea
1045 330 1164 386 Creatori
1191 347 1240 386 suo
1269 340 1466 398 remanserant,
1493 331 1521 386 in
1544 339 1649 389 tantum
1678 336 1712 390 ab
1737 353 1770 393 eo

159 400 245 467 Quem
260 416 317 454 non
329 404 460 454 externe
473 399 644 470 pepulerunt
655 398 760 467 fingere
775 415 869 455 cauere

152 471 280 525 ltaterire
295 470 441 538 fluitantis
456 486 533 540 epar,
551 485 646 524 oerum
663 470 753 524 inrita
778 469 886 524 summi

154 542 256 595 Forma
271 541 345 603 doni,
364 543 450 596 linare
465 555 574 595 carena.
592 541 630 595 Ta
645 544 748 595 ‚erecta
763 556 886 612 superum

70 633 71 644 ,
155 612 242 667 Ducis
261 613 295 667 ab
309 613 449 683 exemplo,
470 610 622 683 patalarum
635 611 847 684 putcherrimae
863 613 923 684 ipre

153 683 293 738 aeneam
307 688 402 738 mente
414 697 524 754 ocreas,
540 689 592 737 eta.

117 806 228 860 Placuit
243 806 335 877 itaque
350 805 402 878 ipsi
417 820 546 875 supreme
565 804 634 878 regi,
658 804 774 861 Domino
798 806 856 861 Deo
871 819 924 860 no-

116 902 184 962 stre,
210 892 348 950 editicare
379 893 516 951 civitatem
540 893 603 960 eibi,
630 893 704 950 ittam
729 895 870 950 ooetestem
890 894 924 949 de

116 999 170 1055 qua
185 983 285 1039 dicitnr
303 984 329 1037 in
348 983 610 1051 permeatorem
628 983 706 1039 dieta
725 988 794 1039 eant
823 984 856 1040 de
885 988 922 1050 te,

115 1073 222 1129 ciritae
240 1074 292 1128 Dei
309 1071 406 1142 (Peat.
421 1087 533 1134 axxxrr,
548 1071 588 1141 3),
612 1073 693 1142 cujus
712 1087 807 1127 muron
822 1088 876 1128 non
891 1089 924 1128 ex

119 1176 167 1215 ana
183 1160 353 1227 substantie,
365 1159 414 1215 sed
427 1159 462 1215 de
476 1159 561 1214 nihilo
575 1159 687 1215 creavit.
701 1159 924 1230 intellectumque

119 1248 158 1304 eia
179 1248 301 1304 contulit
323 1264 377 1318 quo
391 1248 480 1319 ipsum
504 1247 613 1318 quidem
629 1248 775 1303 Dominum
796 1255 823 1303 et
837 1249 924 1303 Crea-

120 1346 210 1393 torem
224 1353 319 1405 suurn,
335 1353 364 1391 se
384 1353 452 1393 rere
466 1352 560 1393 serres
579 1345 604 1393 et
620 1347 772 1392 creaturam
787 1338 845 1405 ejus
863 1353 925 1392 esse

122 1425 452 1499 cognoscerent,ipsique
467 1426 527 1482 sine
540 1426 632 1496 aliquo
646 1426 741 1482 labore
755 1426 797 1481 rel
812 1424 924 1480 difficul-

121 1524 173 1570 tate
188 1515 347 1571 obediendo
368 1515 394 1568 in
419 1523 547 1585 perpetua
568 1529 629 1570 cum
646 1530 679 1569 eo
695 1514 863 1569 beatitudine
883 1513 943 1570 te·.

119 1606 205 1661 liciter
221 1611 429 1675 permanerent.
449 1604 506 1659 Nee
528 1611 619 1659 tamen
644 1619 693 1658 eos
718 1619 814 1658 omnes
828 1603 855 1657 in
871 1618 924 1658 uno

119 1694 208 1768 gradu
223 1694 345 1764 aequales
359 1707 424 1747 esse
449 1693 596 1757 ordinarit,
610 1692 659 1746 sed
678 1694 747 1747 sicut
762 1707 811 1762 per
825 1693 921 1746 isaiam

120 1784 217 1838 dieitur
233 1783 260 1836 ei
276 1781 437 1851 quirnteria
453 1782 647 1852 eatpraelatus:
662 1782 758 1836 Omnia
775 1781 846 1853 lapis
862 1796 927 1852 pre·

123 1869 925 1943 tioauaoperinrentamtaamcardias,topazionetjaspia,

97 1988 100 1993 ·
126 1959 928 2031 etebrprotitteuamayxetterittue(Eaecb.xrrrr,t'a),aap·

126 2044 435 2114 pitraa,enrt›arrcataa
446 2047 474 2099 et
488 2041 746 2114 smaragdinaQuod
758 2044 851 2097 beatus
860 2040 929 2097 Gre-

127 2133 218 2205 gorius
238 2132 267 2185 in
288 2131 408 2186 Romilia
431 2131 528 2188 decem
552 2130 743 2187 drachmarum
766 2145 927 2201 exponens:

132 2221 245 2285 ·ttace,
262 2219 359 2290 inquit,
375 2234 477 2275 nerem
500 2219 568 2274 dixit
590 2221 702 2276 nentina
720 2219 850 2290 lapidum,
866 2217 930 2288 quia

128 2309 250 2382 protecto
279 2324 384 2363 norem
411 2317 474 2362 sunt
497 2308 610 2363 ordines
638 2308 807 2381 angelorum,
831 2306 930 2378 quibus

129 2397 253 2454 omuibus
272 2397 318 2452 ille
331 2413 403 2451 rinus
418 2395 533 2469 angelus
549 2396 600 2450 tuit
614 2397 752 2466 praetatus.
771 2419 783 2445 ι
800 2396 855 2451 Sed
869 2411 929 2449 ma-

129 2483 296 2556 gnitudinem
317 2489 398 2551 atque
428 2480 622 2536 exceltentiam
638 2481 738 2553 gloriae
753 2488 781 2535 at
801 2479 931 2536 claritatis

131 2589 181 2628 enee
205 2572 277 2627 terre
304 2585 359 2625 non
386 2569 533 2638 sustinens,
558 2578 651 2625 centra
674 2571 830 2625 Creatorem
853 2582 931 2622 suurn

132 2659 263 2726 intumuit,
287 2659 358 2714 siant
380 2674 474 2712 rursus
491 2659 514 2713 ei
528 2673 579 2728 per
601 2657 727 2713 eumdem
742 2657 845 2712 isaiam
860 2656 932 2711 diei-

136 2757 197 2803 tnr:
216 2747 359 2817 Quomodo
374 2746 503 2803 cecidisti
517 2751 551 2802 de
565 2747 644 2809 coeto,
661 2746 774 2817 lucifer,
786 2746 835 2816 qut
850 2760 932 2801 marre

135 2839 276 2896 oriebaris.
286 2839 335 2910 qut
348 2834 473 2901 dicebas,
489 2836 521 2890 ia
532 2835 615 2892 eorde
627 2839 694 2892 tue:
710 2835 746 2890 tn
760 2836 860 2890 catam
872 2848 934 2888 coa·

136 2925 275 2989 rcendam,
294 2939 382 2996 anper
393 2928 473 2979 aetra
487 2924 551 2979 caeti
562 2924 695 2979 exaltabo
709 2924 812 2979 aetiam
827 2939 931 2985 meam,

976 418 1098 473 roborati
1122 428 1147 475 et
1169 419 1318 475 confirmati
1336 428 1398 474 sunt
1420 420 1545 491 ejusdem
1565 422 1642 477 liberi
1666 425 1771 479 arbitrii

976 508 1094 576 perlecta
1120 516 1143 562 et
1158 508 1319 562 immutabili
1340 509 1482 577 soliditate,
1499 518 1525 563 ut
1551 511 1653 566 nullam
1669 512 1776 567 ulterius

978 596 1104 665 peccandi
1126 596 1168 652 vel
1184 596 1360 668 superbiendi
1376 597 1494 652 habeant
1509 599 1683 655 veluntatem.
1699 600 1777 656 Unde

978 685 1060 739 etiarn
1077 686 1188 756 mystice
1204 686 1231 740 in
1247 685 1361 741 Genesis
1377 687 1501 752 exordio,
1518 701 1579 742 cum
1595 688 1696 744 dictmn
1712 689 1778 743 tuis-

979 781 1039 830 sat:
1057 773 1092 828 In
1113 775 1255 847 principio
1277 776 1384 830 creavit
1408 775 1484 831 Deua
1499 775 1601 831 eatam
1624 781 1652 832 et
1672 782 1778 833 terram

978 860 1059 930 (Gen.
1074 880 1092 929 r,
1105 863 1128 932 ll
1142 880 1148 916 :
1160 864 1256 918 Postea
1268 863 1294 916 in
1307 863 1419 919 secundi
1433 864 1485 917 diei
1496 864 1634 919 creatione
1648 866 1779 936 repetitur

979 950 1051 1018 ‹rrrod
1063 953 1169 1007 necaret
1178 952 1250 1007 Deus
1261 952 1488 1020 tricameratum,
1499 954 1598 1008 catam
1613 953 1693 1025 (Gen.
1709 971 1728 1019 1,
1739 955 1778 1026 8).

979 1040 1059 1108 Quod
1075 1040 1171 1095 beatus
1196 1039 1345 1108 Gregorius
1361 1055 1502 1111 exponens
1518 1040 1581 1097 dicit
1596 1043 1710 1097 virtutes
1725 1058 1778 1097 an-

979 1127 1091 1199 gelieas,
1100 1145 1170 1197 quoe,
1184 1128 1424 1199 ruentibuasoeiis,
1437 1144 1498 1185 ourrr
1510 1130 1569 1184 Dee
1580 1140 1776 1200 remanserunt,

979 1217 1006 1271 in
1018 1226 1092 1272 tanta
1107 1217 1243 1273 soliditate
1259 1217 1344 1272 tuisse
1364 1218 1551 1282 confirmatas,
1565 1226 1603 1281 ut,
1613 1219 1645 1273 ad
1662 1235 1777 1290 campa-

978 1306 1111 1360 ratinnem
1127 1306 1208 1375 hujus
1228 1304 1370 1362 firmitatis.
1389 1307 1531 1362 rideantur
1544 1309 1619 1378 prius
1639 1309 1717 1380 qnasi
1733 1309 1776 1363 in-

977 1392 1048 1448 firmi
1064 1404 1089 1448 et
1104 1395 1259 1450 imbeciltes
1277 1395 1359 1451 titisse
1372 1410 1378 1461 3
1391 1396 1438 1450 sed
1455 1396 1615 1452 insecundo
1631 1397 1685 1462 die,
1698 1397 1722 1451 id
1739 1403 1781 1453 est

978 1483 1006 1537 in
1028 1484 1077 1538 hac
1100 1483 1223 1553 sequenti
1247 1484 1466 1552 confirmatione,
1481 1485 1577 1540 merito
1603 1483 1702 1541 cultim
1724 1502 1775 1557 pro

978 1572 1113 1627 soliditate
1124 1572 1214 1627 vocari
1228 1572 1340 1627 debere.
1353 1573 1424 1628 Ecce
1438 1589 1505 1646 ergo
1517 1572 1639 1647 gloriosa
1650 1573 1687 1628 ilii
1703 1591 1778 1630 sum·

936 1679 963 1740 Β
979 1660 1015 1715 mi
1030 1661 1103 1732 regis
1127 1661 1221 1716 cintus
1235 1678 1348 1733 gravem
1365 1663 1469 1716 ruinam
1495 1664 1614 1733 pertulit,
1630 1680 1777 1733 murusque

981 1753 1038 1817 ejus
1054 1765 1107 1804 non
1127 1765 1211 1819 parva
1226 1765 1259 1803 ex
1282 1758 1357 1820 parte
1379 1746 1545 1820 interruptus
1561 1751 1619 1805 tuit.
1636 1751 1703 1805 Cnrn
1727 1768 1778 1807 au·

981 1846 1034 1892 tem
1050 1838 1132 1911 lenge
1147 1845 1208 1908 pest
1223 1837 1328 1892 ruinam
1344 1838 1418 1893 illam
1435 1839 1528 1893 Daniel
1544 1842 1678 1910 propbeta
1688 1841 1721 1895 de
1734 1841 1777 1895 his

981 1926 1027 1999 qui
1042 1934 1232 1981 remanserunt
1246 1926 1345 1982 dixerit
1360 1943 1367 1982 τ
1385 1929 1473 1983 ltittia
1489 1931 1614 1984 millium
1628 1931 1777 1984 ministra·

981 2015 1779 2083 bontei,etdecieemtttieecentenamittianasietebnntei

982 2104 1070 2176 (Dan.
1086 2118 1135 2170 tur,
1152 2103 1196 2172 to)
1214 2119 1221 2156 :
1242 2105 1304 2174 quis
1315 2103 1457 2169 aestimare,
1474 2103 1534 2173 quis
1557 2105 1676 2175 cogitare
1700 2103 1779 2159 snttr-

983 2193 1035 2249 ciat
1050 2201 1182 2263 quatenus
1204 2191 1288 2247 decor
1311 2191 1407 2247 domus
1430 2193 1500 2247 illius
1522 2194 1603 2248 tuerit
1626 2193 1671 2248 rel
1691 2193 1778 2263 urbis,

983 2282 1103 2354 quandiu
1126 2280 1232 2336 cunctis
1255 2280 1361 2336 civibus
1385 2281 1441 2336 suis
1470 2281 1577 2352 integra
1598 2282 1719 2336 mansit?
1739 2283 1781 2338 Ne

985 2385 1053 2442 ergo
1068 2378 1121 2424 tarn
1137 2369 1288 2440 speciosam
1303 2370 1438 2425 civitatem
1453 2370 1530 2425 ruina
1544 2370 1592 2425 illa
1607 2372 1648 2425 ret
1663 2372 1783 2426 interru-

985 2461 1042 2530 ptio
1056 2459 1156 2513 diutina
1179 2457 1367 2528 dedecoraret,
1384 2459 1482 2529 placuit
1496 2475 1615 2530 superno
1629 2459 1719 2530 opitici
1734 2475 1784 2531 pro

986 2547 1047 2617 ejus
1072 2548 1268 2602 restauratione
1293 2547 1411 2617 aliquam
1435 2556 1583 2602 creaturam
1605 2550 1735 2604 condere.
1753 2549 1782 2604 Si

988 2650 1052 2692 rere
1067 2637 1164 2708 aliquis
1175 2645 1277 2707 quaemt
1291 2652 1339 2692 cur
1352 2653 1385 2690 ex
1396 2636 1435 2690 eis
1447 2637 1492 2706 qai
1508 2637 1663 2692 ceciderant
1678 2637 1785 2709 angelis

988 2742 1049 2782 earn
1066 2743 1123 2781 non
1138 2726 1305 2789 restaurarit,
1322 2741 1382 2781 curn
1398 2725 1497 2780 viderit
1513 2725 1541 2779 in
1557 2727 1786 2797 subseqnentibus

988 2815 1178 2872 difficultatem
1205 2815 1385 2884 reparationis
1407 2814 1552 2881 humanam
1570 2815 1648 2870 tacite
1672 2831 1719 2885 per
1742 2832 1786 2871 se·

989 2904 1077 2974 ipsum
1097 2903 1195 2975 poterit
1209 2903 1377 2974 perpendere
1391 2902 1483 2972 lapsos
1507 2906 1621 2974 angelos
1635 2903 1787 2959 nullatenus

136 3014 282 3070 ascendam
310 3028 396 3085 saper
415 3013 601 3069 altitudinem
616 3012 745 3079 nubium,
763 3012 866 3068 similis
888 3026 935 3067 ere
949 2992 1044 3098 otim
1060 2993 1179 3063 reparari
1199 3008 1293 3092 Ρῡὸῦῗ·
1306 2991 1421 3091 'cittii‘
1439 2992 1528 3062 itaque
1542 2994 1619 3047 ⁰⁰⁰⁸
1634 2993 1785 3059 ¹¹⁰ffli⁰t²¹¹b

135 3103 299 3159 atticano?
312 3101 514 3170 (taa.xrv,12.)
531 3102 580 3156 ltto
596 3117 660 3156 cero
669 3109 763 3156 contra
777 3101 932 3157 Creatorem
989 3081 1103 3136 sednon
1116 3082 1377 3136 tantaesubtrmitatrs
1388 3089 1495 3151 quantae
1505 3081 1619 3154 angelos
1630 3081 1742 3148 lecerat,
1752 3096 1787 3137 ne

137 3191 255 3260 superbe
268 3190 474 3254 intumescente,
490 3205 545 3244 nen
560 3189 704 3245 defuerant
718 3204 751 3244 ex
767 3188 873 3260 angelis
888 3187 934 3259 qui
989 3171 1057 3225 f⁰l¹⁰
1087 3179 1114 3225 0²
1142 3172 1199 3242 ipse
1227 3171 1343 3241 8¹⁰¹'iflffi
1371 3186 1445 3224 ΒΜ
1480 3185 1534 3224 ¹¹⁰⁰
1562 3170 1665 3239 fetens»
1692 3178 1789 3227 ⁰0¹¹²itt

136 3294 164 3334 ae
183 3278 209 3334 ei
229 3278 436 3350 conjungerent
449 3285 476 3333 et
499 3278 633 3333 adsersus
654 3277 803 3332 Dominum
824 3293 886 3333 aum
901 3290 935 3331 eo
989 3254 1076 3309 Deum
1099 3254 1251 3325 wielbise‘
1266 3262 1294 3309 0²
1314 3254 1425 3324 delitet·
1445 3253 1486 3308 ΕΚ
1506 3253 1596 3351 {mim
1611 3269 1679 3325 &8⁰
1702 3255 1789 3310 “²⁶⁰¹

138 3367 317 3439 superbirem·
333 3366 388 3422 Sed
402 3365 448 3422 ipe
460 3366 551 3437 justus
562 3365 658 3438 judex,
671 3366 740 3421 „ihil
754 3366 935 3421 inordinatum
989 3344 1046 3398 nati
1063 3350 1090 3398 et
1104 3358 1186 3398 earne
1202 3358 1264 3398 curn
1279 3343 1430 3397 consistere
1444 3343 1538 3407 rolmt,
1555 3350 1685 3410 qnatenus
1699 3342 1790 3397 anima

137 3456 163 3510 in
191 3470 242 3511 sea
272 3455 381 3512 civitate
405 3455 557 3527 relinquere
584 3454 688 3517 velens,
711 3454 773 3509 illes
801 3453 937 3524 pretiosos

138 3544 266 3599 virtutum
281 3544 432 3600 coelestium
448 3543 564 3614 lapides,
580 3542 627 3613 qui
648 3552 741 3598 contra
762 3542 937 3599 Conditorem

137 3650 196 3689 sese
212 3643 369 3700 erexerant,
385 3632 512 3704 protinus
526 3633 561 3687 de
575 3634 645 3688 eaelo
659 3632 759 3702 dejecit
773 3639 801 3686 et
814 3630 939 3701 praecipi·

137 3724 214 3777 tatii.
228 3722 329 3792 sicque
342 3723 388 3794 qui
408 3722 483 3793 priua
498 3722 605 3776 tuerent
624 3721 725 3793 angeli,
742 3735 815 3776 nune
841 3719 938 3790 appel-

136 3815 226 3870 lantur
239 3814 353 3876 diaboti.
376 3817 428 3870 troc
450 3815 539 3886 ipsum
556 3815 672 3870 Domino
688 3815 714 3868 in
730 3814 881 3887 Evangelio
896 3821 939 3868 te·

136 3913 225 3959 smnte
240 3904 288 3958 ubi
303 3903 400 3958 dicitur
416 3920 422 3961 :
451 3903 578 3960 Videbam
594 3904 736 3959 Satnnam
752 3906 825 3959 sicut
841 3905 941 3975 talpae

94 4062 97 4066 Δ
138 3992 170 4049 de
184 3994 253 4049 coeto
264 3993 413 4049 cadentem
426 3991 608 4061 (Lue.x,18).
619 3993 668 4049 ilia
683 3993 706 4047 si
720 3993 819 4063 aliquia
835 3994 942 4065 quaerat

142 4082 279 4150 quemodo
296 4080 331 4134 ad
354 4089 409 4135 tam
425 4081 582 4151 praecetsam
597 4080 754 4152 dignitatern
770 4080 939 4151 angetenrm‚

138 4170 166 4224 in
192 4169 270 4225 coelis
285 4169 451 4241 positorum,
470 4175 524 4223 tam
544 4167 614 4223 mala
631 4176 740 4239 tamque
762 4169 843 4223 noxia
858 4169 942 4239 pestis

137 4257 277 4329 superbiae
305 4256 454 4313 ascendere
483 4256 526 4312 vel
553 4255 673 4328 irrepere
699 4255 827 4328 potuerit,
848 4257 943 4327 quisue

139 4348 247 4419 primus
268 4345 329 4417 eiua
352 4353 447 4402 auctor
468 4345 608 4414 exstiterit,
633 4345 676 4400 rel
700 4345 836 4418 quemodo
858 4354 940 4401 tnntae

136 4434 312 4492 celsitudinis
327 4441 452 4491 ereatura
470 4449 503 4489 aa
518 4434 657 4504 corrumpi
670 4435 712 4490 ret
727 4432 798 4490 infici
813 4435 939 4505 potuerit,

135 4523 220 4597 legat
241 4522 338 4578 librum
361 4521 467 4592 praetati
479 4520 582 4578 domini
606 4522 731 4577 Anselmi
751 4522 786 4577 de
800 4538 863 4577 casu
879 4522 940 4576 dia·

137 4612 210 4680 bati,
240 4610 288 4666 ubi
323 4618 421 4667 tractat
455 4627 503 4665 eur
539 4611 613 4666 Deus
646 4609 672 4666 ei
711 4611 940 4681 perseverantiam

136 4718 197 4757 nen
225 4700 311 4770 dedit,
327 4699 421 4771 ibique
445 4699 530 4754 multa
544 4696 666 4770 proficua
688 4698 809 4755 invenire
833 4700 939 4771 poterit.

137 4786 261 4861 Quidam
290 4792 372 4844 etiam
403 4788 526 4860 sapiens,
550 4787 613 4843 inde
631 4787 788 4859 requisitus,
809 4789 849 4844 sic
876 4788 942 4844 bre-

135 4880 213 4934 riter
227 4886 254 4933 et
268 4877 410 4950 eleganter
425 4884 540 4949 quatuor
556 4876 696 4932 versiculis
711 4878 851 4949 respondit
867 4895 874 4932 ε

137 5000 943 5072 Qnidpetirindematnm,camtintinnaeunetacreata?

192 5073 313 5144 detecta
325 5075 442 5144 proprio
456 5077 525 5128 auat
541 5075 626 5135 nanta,
643 5091 704 5141 quae
721 5078 796 5128 mittit
811 5078 878 5128 sant

137 5145 212 5203 Cum
228 5145 295 5199 uitio
311 5147 429 5199 careant
445 5146 564 5208 etenim,
580 5146 681 5199 uittam
708 5149 805 5199 tamen
821 5161 858 5200 ee
873 5161 912 5212 ae,

195 5215 231 5271 aa
245 5230 297 5286 per
309 5229 340 5270 ae
355 5214 443 5270 citior
456 5213 553 5271 datein
566 5231 650 5287 poma
666 5214 799 5270 trabant.

175 5367 335 5426 liuentibus
348 5375 441 5424 anem
462 5368 585 5440 superbis
604 5369 708 5442 angelis
722 5376 749 5425 et
763 5369 850 5425 libero
869 5369 943 5425 arbi·

135 5459 195 5520 trio
210 5456 284 5532 quod
298 5458 377 5533 priua
400 5457 550 5516 habuerant
564 5458 637 5515 mata
650 5458 754 5530 abacia,
770 5458 797 5515 hi
813 5459 860 5534 qui
875 5459 945 5517 tide·

993 3431 1106 3505 quidem
1128 3431 1251 3486 rationali
1274 3430 1467 3485 assimilaretur
1486 3430 1603 3502 angelis,
1619 3445 1703 3486 carne
1726 3445 1791 3486 vero

992 3536 1053 3592 quae
1074 3519 1109 3574 de
1133 3518 1198 3574 limo
1214 3527 1296 3573 terrae
1320 3527 1400 3582 esset,
1418 3534 1527 3588 semper
1554 3519 1590 3573 ad
1614 3519 1793 3574 humilitatem

993 3615 1195 3680 provocaretur,
1212 3608 1276 3662 dum
1291 3623 1320 3663 se
1339 3625 1372 3662 ex
1388 3623 1419 3661 ea
1433 3623 1526 3678 parem
1542 3606 1635 3663 bestiis
1651 3608 1707 3663 tere
1723 3622 1792 3663 aon·

993 3697 1179 3767 temptaretur.
1206 3696 1323 3751 laticem
1347 3705 1437 3751 tamen
1466 3705 1492 3751 et
1514 3696 1603 3751 ernnis
1630 3694 1793 3751 infirmitatis

993 3783 1037 3838 vet
1066 3782 1225 3851 indigentiae
1249 3798 1296 3836 seu
1324 3781 1503 3852 coemptionis
1532 3781 1678 3835 immunem
1703 3781 1731 3836 in
1758 3795 1792 3838 eo

994 3878 1065 3925 statu
1081 3885 1142 3924 eum
1165 3870 1276 3936 crearit,
1302 3877 1340 3937 nt,
1358 3871 1381 3923 si
1405 3885 1521 3939 peccare
1541 3870 1636 3934 nollet,
1652 3885 1792 3939 nunquam

995 3962 1156 4018 moreretur,
1175 3954 1196 4007 si
1211 3969 1276 4008 rere
1291 3954 1412 4008 Creatori
1429 3954 1591 4009 inobediens
1604 3962 1686 4020 esset,
1705 3953 1792 4025 proti·

996 4060 1046 4099 nus
1056 4043 1137 4097 morti
1152 4042 1286 4098 obnoxius
1296 4040 1385 4098 tieret.
1402 4041 1472 4112 Quia
1491 4059 1557 4098 rere
1572 4044 1606 4098 de
1622 4044 1792 4098 terrefactus

996 4132 1092 4199 tuerat,
1109 4132 1135 4185 in
1164 4133 1286 4186 terrestri
1314 4131 1384 4197 loco,
1402 4131 1428 4185 id
1454 4141 1497 4186 ast
1521 4133 1548 4185 in
1572 4132 1701 4201 paradise
1731 4148 1792 4187 eum

996 4219 1094 4290 posuit,
1120 4219 1288 4275 intellectum
1310 4219 1468 4275 rationalem
1484 4220 1510 4274 ei
1526 4220 1648 4285 contulit,
1670 4219 1793 4292 nihilque

996 4308 1068 4363 aliud
1086 4308 1260 4376 obedientiae,
1277 4307 1329 4362 nisi
1354 4315 1382 4362 nt
1405 4309 1439 4363 de
1454 4323 1511 4362 una
1534 4307 1592 4363 sola
1616 4309 1713 4366 arbore
1738 4326 1793 4366 uon

954 4392 981 4454 D
996 4396 1161 4461 comederet,
1178 4396 1203 4452 ei
1222 4396 1345 4466 injunxit.
1363 4396 1479 4465 Quodsi
1503 4405 1698 4467 contemneret,
1715 4414 1793 4453 nior-

994 4495 1047 4542 tcm
1064 4485 1135 4541 illico
1156 4486 1363 4540 subsecuturam
1380 4486 1405 4540 ei
1427 4486 1620 4542 comminando
1645 4488 1790 4557 predixit,

993 4574 1017 4628 si
1032 4589 1097 4629 rere
1123 4581 1253 4639 seruaret,
1272 4582 1391 4645 tempere
1406 4589 1527 4645 congrue
1543 4574 1577 4628 de
1602 4585 1675 4630 terra
1689 4575 1791 4631 levan-

994 4662 1070 4728 dum,
1085 4670 1112 4718 et
1132 4677 1193 4717 curn
1217 4663 1322 4734 angelis
1344 4663 1372 4716 in
1394 4663 1464 4718 emto
1486 4670 1711 4733 cognosceretne
1735 4664 1793 4720 tore

996 4751 1194 4806 collocandam.
1212 4751 1319 4805 Seeinm
1335 4766 1442 4822 quoque
1458 4750 1482 4806 ei
1497 4751 1531 4805 de
1545 4759 1621 4806 costa
1636 4768 1695 4818 sua,
1712 4753 1794 4808 idest

996 4840 1030 4895 de
1045 4841 1194 4910 semetipso
1210 4839 1316 4902 t‘actem,
1334 4856 1394 4910 qnae
1410 4841 1433 4894 ei
1449 4840 1554 4910 prolenr
1570 4846 1724 4911 generaret,
1742 4843 1794 4895 ed-

996 4929 1080 4990 didit;
1105 4928 1210 4998 etquid
1238 4929 1328 4983 tacere
1356 4929 1487 4983 deberent
1514 4938 1644 5000 utrosque
1673 4931 1790 4986 etlocnit.

997 5017 1125 5073 luridens
1139 5017 1263 5071 diabotus
1283 5018 1345 5071 illuc
1370 5018 1504 5071 treminenr
1520 5018 1554 5072 de
1579 5019 1642 5072 tinto
1657 5028 1733 5073 terra
1750 5020 1763 5073 t
1778 5048 1793 5060 ·

996 5116 1067 5161 atum
1088 5105 1234 5159 ascendere
1256 5105 1326 5159 arride
1341 5105 1399 5175 ipse
1422 5115 1475 5160 tani
1499 5106 1644 5177 praelarus
1659 5108 1793 5163 sciebatur

997 5195 1147 5257 corruisse,
1162 5194 1230 5247 sieut
1253 5193 1379 5248 errrnibus
1396 5204 1490 5249 notum
1515 5203 1556 5249 est
1571 5212 1619 5265 per
1642 5205 1793 5267 serpentem

998 5283 1138 5338 mulierem
1154 5283 1273 5346 scaturrit,
1291 5290 1316 5338 et
1332 5299 1379 5353 per
1395 5300 1453 5338 earn
1470 5284 1528 5338 rire
1552 5283 1666 5338 tractum
1683 5286 1794 5340 vetitum

998 5372 1142 5430 comedere
1162 5372 1259 5439 suasit,
1276 5372 1369 5444 sicque
1382 5380 1527 5444 utrumque
1543 5371 1595 5426 sibi
1620 5372 1747 5441 subdidit,
1764 5388 1796 5428 ac

999 5477 1049 5538 per
1060 5462 1126 5531 hoc,
1139 5460 1283 5519 consitium
1298 5460 1357 5533 Dei,
1374 5461 1447 5536 quod
1460 5462 1484 5518 ai
1499 5461 1797 5534 disposueraneeseere
