3728 6000
49 187 123 246 laet

421 314 511 372 cclx.

47 419 100 475 Ad
116 419 311 491 [Gregoricm]
328 420 675 504 episcopcmcccensem.
693 419 877 490 -ajracen

376 499 556 562 argumenta

328 591 425 658 (Anno
444 591 521 658 tter,
537 591 606 658 lul.)

187 686 296 758 [Ratun.
310 687 435 743 Miscell.
452 686 499 744 ed.
517 690 596 754 huc,
610 688 655 752 tv.
668 685 744 760 593]

89 786 226 841 Eucautus
240 784 410 857 episcopus,
429 802 532 841 servus
551 801 705 842 servorum
720 785 779 851 Dei,
793 800 879 841 vene·

50 873 138 928 rabili
160 873 241 930 tratri
257 876 290 931 c.
319 875 436 930 lucano
452 877 603 947 episcopo,
620 874 747 931 salutem
767 883 795 931 ct
809 889 881 947 apo·

52 962 190 1018 stolicam
211 962 462 1019 benedictionem.

90 1052 205 1107 Sanctae
232 1058 261 1106 et
286 1051 457 1122 apostolicas
481 1051 562 1107 sedis
583 1051 769 1108 consuetudo
791 1051 882 1108 fuisse

54 1141 245 1207 cognoscitur
260 1141 417 1211 religiones
438 1147 575 1205 statuere,
599 1148 627 1198 et
646 1157 696 1198 eas
714 1140 743 1197 in
757 1141 883 1197 dirersis

52 1228 126 1284 locis
143 1245 194 1300 per
210 1229 366 1296 mundum,
378 1235 539 1300 prestante
552 1231 689 1297 Domino,
703 1245 881 1303 propagare.

55 1319 120 1384 Quo
133 1320 273 1374 nimirum
288 1320 391 1374 intuitu
408 1319 646 1391 prodecessores
663 1320 755 1377 nostri
774 1320 801 1376 S.
824 1336 884 1376 me·

56 1407 158 1462 moriar
174 1408 299 1464 Romani
316 1410 365 1462 l’P.
399 1407 554 1464 ecclesiam
570 1408 598 1464 S.
623 1409 810 1466 Pantaleonis
825 1409 882 1466 ira·

56 1501 136 1552 trum
152 1497 230 1551 beati
244 1495 393 1565 Frigdiani
413 1495 603 1553 sollicitudini
618 1498 841 1568 commiserunt,
854 1504 885 1554 ut

55 1601 161 1641 eorum
176 1584 276 1640 studio
299 1585 449 1641 annitente
473 1584 585 1642 ibidem
611 1588 746 1643 canonici
769 1586 884 1644 ordinis

56 1674 269 1730 reformaretur
288 1673 401 1744 religio,
417 1679 445 1729 et
468 1680 588 1732 auctore
606 1678 741 1741 llomino,
756 1675 884 1750 inposte-

57 1780 125 1819 rum
150 1769 327 1818 servaretur.
344 1763 523 1835 Accepimus
539 1771 638 1821 autem
654 1766 799 1838 quoniam
814 1782 884 1824 cum

57 1851 204 1926 praedictae
217 1850 351 1908 ecclesiae
367 1851 472 1907 iratres
487 1853 514 1908 in
524 1854 884 1912 memoratamecclcsiam

58 1941 86 1997 S.
110 1940 298 1997 Pantalconis
311 1939 396 2008 juxta
412 1941 589 1998 mandatum
600 1947 738 2001 nostrum
752 1943 886 2001 introdu-

58 2045 124 2086 cere
139 2029 295 2094 roluisses,
312 2029 409 2084 Rodel.
432 2033 502 2086 Pan.
522 2032 686 2103 etquidem
701 2032 751 2089 alii
765 2032 797 2088 in
811 2037 838 2089 tc
859 2037 886 2090 at

58 2121 162 2177 iratres
180 2121 209 2177 S.
234 2118 382 2190 Frigdiani
406 2120 550 2177 assultum
577 2122 721 2193 injuriose
743 2123 886 2188 iecerunt,

58 2213 86 2265 ct
115 2209 266 2264 inhoneste
288 2212 501 2275 tractaverunt;
520 2208 599 2266 unde
625 2210 655 2267 in
674 2210 754 2282 ipsos
768 2226 888 2268 excom·

59 2297 268 2354 manicationis
281 2297 441 2353 sententias
455 2298 611 2371 protulisti.
626 2299 684 2356 Nos
694 2300 793 2370 igitur,
804 2299 888 2372 cnjus

59 2385 193 2444 officium
213 2391 256 2443 est
281 2385 360 2442 mala
380 2390 447 2443 acta
471 2388 629 2459 corrigere,
657 2394 685 2446 ct
701 2389 777 2446 benc
804 2395 889 2460 gesta

58 2474 190 2542 firmare,
205 2476 382 2532 sententiam
406 2491 461 2549 pro
474 2477 531 2533 hac
543 2492 639 2535 causa
658 2477 800 2535 canonice
821 2494 887 2550 pro-

59 2563 890 2638 mulgatam‚quiapraedictorumfratrumjustitiredeesse

59 2669 121 2709 non
142 2653 291 2720 volumus,
305 2660 403 2711 ratam
420 2654 578 2712 habemus.
590 2658 708 2713 Interim
722 2656 890 2715 verovirili·

61 2747 104 2799 ter
123 2758 208 2812 agas,
231 2747 259 2798 et
279 2743 440 2816 prudenter
461 2743 585 2816 cilicias,
608 2751 639 2803 ut
665 2746 780 2803 bonnm
807 2745 888 2819 qnod

60 2831 213 2904 inceptum
242 2837 296 2898 est,
322 2847 375 2904 per
397 2831 603 2890 sollicitudinis
630 2835 762 2892 studium
791 2835 891 2893 valeat

60 2921 174 2977 meliori
190 2920 270 2978 exitu
285 2923 499 2979 consummari.
517 2926 658 2981 Praeterea
672 2930 698 2981 te
711 2925 785 2982 scire
807 2924 888 2982 volu·

60 3026 130 3066 mus
150 3009 235 3084 quod
257 3011 281 3066 si
297 3011 467 3068 Manircdus
482 3017 511 3069 ct
531 3013 685 3071 lotharius
710 3013 888 3088 presbyteri,
905 3001 926 3060 C
944 2979 992 3037 *⁰¹

60 3099 244 3165 Lambertus,
262 3100 467 3174 cappellus,et
478 3104 619 3175 magister
634 3103 890 3177 cuillelmusejus·

58 3186 129 3243 ‹lem
153 3188 294 3246 iratribus
307 3206 397 3262 super
417 3190 474 3247 hoc
496 3192 641 3256 resistcre,
661 3193 708 3249 val
726 3210 831 3251 eorum
844 3196 889 3250 in-

59 3275 255 3333 testatoribus
267 3278 302 3333 de
322 3284 426 3335 catere
439 3279 538 3336 farere
552 3282 811 3355 presumpserint,
826 3287 892 3339 tan·

61 3381 156 3437 quam
186 3367 397 3422 mandatorum
429 3372 550 3425 tuorum
568 3374 598 3426 et
624 3369 704 3426 sedis
720 3370 892 3443 apostolicas

61 3457 299 3524 transgressores
315 3471 376 3512 non
395 3457 795 3532 praeteribimusimpunitos.

439 3564 512 3621 ccli.

66 3648 225 3707 Attalium
233 3650 439 3709 Messinmsem
452 3653 624 3711 monialium
632 3655 894 3713 Benedictincram

101 3722 242 3779 notitiam
261 3726 293 3778 in
309 3723 422 3781 diecesi
437 3726 549 3787 lorensi
561 3728 678 3798 suscipit
692 3730 725 3783 iu
739 3727 894 3796 protectio·

101 3796 894 3870 nencejasqaepossesstonesrecensetatquecoastcnct.

317 3887 415 3954 (Anno
433 3889 507 3956 titt,
522 3885 578 3943 Jal.
597 3888 655 3958 28.)

66 3969 169 4043 [lirum
184 3975 258 4045 Opp.
271 3973 344 4045 dipl.
355 3979 431 4055 tom.
447 3974 491 4041 lll,
509 3990 538 4046 p.
554 3977 599 4039 to,
610 3992 647 4033 ex
661 3977 788 4034 archivis
803 3977 896 4036 abba-

343 4055 389 4101 tiae
409 4046 621 4120 cassinensis]

105 4133 239 4187 Eucrruus
260 4134 426 4206 episcopus,
444 4151 549 4191 servus
568 4152 722 4194 serrorum
748 4136 810 4205 Dei,
823 4137 897 4195 dile·

676 183 860 244 artsronAE
877 181 922 242 ΕΤ
942 183 1147 244 rfltvrtacta

893 302 1141 368 hinviolabiliter
1157 311 1359 377 conservetur,
1376 310 1520 364 Praeterea
1544 306 1705 363 statuimus
1728 309 1763 364 ut

1691 182 1764 240 1288

932 415 1116 472 quecunque
1127 399 1208 456 bona
1221 399 1250 454 in
1262 395 1489 470 praesentiarum
1493 395 1607 468 justeet
1618 395 1763 452 canonice

933 488 1102 562 possidetis,
1116 494 1168 546 aut
1181 488 1355 545 infuturum
1372 485 1564 543 concessione
1576 484 1762 558 pontificum,

931 577 1197 650 largitionaregum
1207 577 1251 632 vel
1266 577 1447 650 principum,
1457 572 1608 631 oblatione
1629 572 1763 630 fidelium

933 684 988 723 seu
1007 667 1074 722 aliis
1090 667 1177 738 justis
1192 665 1301 732 modis,
1319 665 1379 722 Deo
1398 664 1537 737 propitio,
1549 663 1683 735 poteritis
1700 660 1765 719 adi-

934 755 1020 829 pisci,
1035 755 1123 813 firma
1137 754 1233 822 robis,
1250 758 1277 811 ct
1290 755 1337 810 his
1351 769 1419 826 qum
1436 758 1503 826 post
1511 767 1566 809 ros
1583 764 1764 808 snccessurae

935 851 1015 912 sunt,
1029 851 1056 901 et
1071 843 1396 915 illibatapermaneant.
1409 840 1623 914 lnquibushaec
1635 838 1765 913 propriis

936 934 1076 991 duximus
1095 932 1288 1006 exprimenda
1307 930 1481 988 vocabulis:
1495 933 1603 987 Locum
1625 931 1723 1000 ipsum
1734 927 1766 983 in

936 1040 997 1097 quo
1009 1023 1255 1087 eeclesiasitaest,
1265 1020 1506 1088 cumdacima,ct
1515 1019 1645 1076 annuale
1654 1018 1765 1084 iorum,
1782 1056 1785 1062 -

937 1112 1016 1187 quod
1043 1128 1145 1168 comes
1172 1112 1314 1168 liebertus
1334 1109 1461 1167 contulit
1479 1108 1612 1165 ecclesias
1638 1111 1765 1174 vcstrae3

938 1202 1018 1274 apud
1035 1204 1282 1274 lampernessam
1297 1197 1496 1271 xherquerias
1509 1200 1681 1270 etquartam
1695 1210 1767 1267 par-

938 1294 998 1347 tem
1010 1292 1108 1346 nnius.
1122 1290 1208 1362 Apud
1223 1289 1378 1359 alvergem
1392 1304 1429 1344 vu
1441 1303 1548 1344 mansa
1561 1291 1646 1342 terrae
1661 1302 1669 1352 ;
1683 1283 1767 1358 apud

937 1379 1013 1436 Eleas
1044 1396 1080 1436 vn
1108 1395 1214 1435 mansa
1240 1383 1343 1445 terrm;
1370 1377 1449 1449 apud
1479 1375 1650 1432 wideschat
1676 1389 1768 1430 xxvru

939 1485 1047 1527 mansa
1072 1473 1176 1535 terrae;
1198 1468 1290 1524 altare
1306 1466 1343 1523 de
1370 1467 1550 1523 Warnastun
1583 1470 1611 1520 ct
1631 1462 1767 1520 medium

938 1559 1083 1616 telonium
1101 1557 1138 1613 de
1160 1558 1263 1614 Duria.
1283 1556 1370 1628 Apud
1400 1554 1585 1625 l'crlinghem
1609 1551 1767 1608 dimidiam

901 1652 923 1709 B
939 1648 1117 1706 vaccariam.
1133 1647 1220 1720 Apud
1245 1645 1380 1715 duplices
1395 1658 1512 1701 montes
1536 1643 1649 1700 curiam
1663 1648 1692 1698 ct
1705 1640 1767 1698 duo

939 1736 1123 1803 molendina,
1140 1739 1218 1792 etxu
1239 1750 1346 1790 mansa
1366 1738 1461 1799 terrae,
1482 1740 1510 1788 et
1529 1736 1644 1805 partem
1668 1745 1765 1802 aqum.

939 1826 1093 1882 Decimam
1108 1821 1402 1892 dellerangies,ctde
1417 1816 1767 1892 llartinicampo,villam

939 1915 1091 1970 desectis.
1112 1912 1199 1983 Apud
1216 1916 1314 1984 iprum
1329 1927 1347 1966 x
1363 1909 1455 1966 libras
1469 1908 1507 1965 dc
1523 1923 1615 1965 censu
1629 1911 1659 1965 et
1681 1921 1768 1963 man-

940 2020 1011 2061 sura
1025 2001 1141 2059 Alchcri
1152 2007 1428 2072 etmansnrasquas
1440 2000 1524 2069 lingo
1532 1997 1628 2055 eidem
1638 1995 1769 2054 ecclesiae

941 2091 1074 2162 contulit,
1093 2091 1194 2147 villam
1219 2089 1356 2147 croisette
1374 2103 1445 2145 cum
1466 2085 1654 2161 appendiciis
1680 2085 1768 2152 suis;

943 2198 1081 2238 mansum
1096 2196 1191 2236 unum
1206 2177 1287 2251 apud
1297 2177 1410 2236 tlartini
1424 2192 1577 2248 campum.
1592 2175 1679 2248 Apud
1691 2175 1771 2231 Dua-

942 2275 1128 2329 cumtarram
1139 2267 1353 2342 quaedividitur
1367 2267 1397 2323 in
1412 2283 1451 2323 xu
1466 2271 1577 2339 partas.
1605 2263 1694 2338 Apud
1704 2263 1771 2320 dla-

943 2375 1050 2430 wange
1066 2374 1205 2416 mansum
1217 2361 1309 2423 terrae,
1333 2355 1483 2412 decimam
1510 2354 1610 2413 Sancti
1630 2350 1770 2410 lticharii.

942 2448 1031 2521 Apud
1051 2447 1231 2513 commines,
1251 2449 1370 2518 pratum
1386 2449 1414 2501 et
1432 2448 1541 2500 terram
1564 2459 1633 2517 quar
1647 2448 1773 2499 vocatur

943 2536 1027 2594 Ploitt
1042 2534 1287 2606 cumhospitihus
1301 2550 1395 2608 quam
1410 2534 1529 2591 iwanus
1540 2531 1664 2590 contulit
1675 2531 1770 2589 cidem

943 2624 1084 2683 ecclesia.
1100 2622 1185 2697 Apud
1202 2622 1354 2679 chemlam
1375 2639 1425 2678 viu
1440 2623 1551 2679 solidos
1567 2621 1771 2688 denariorum,
1850 2662 1856 2673 .-

943 2712 1137 2785 capellamde
1154 2711 1284 2769 Merhem
1297 2727 1366 2769 cum
1376 2710 1546 2768 redditibus
1556 2717 1585 2768 et
1596 2710 1678 2768 terris
1689 2709 1774 2782 adia·

944 2802 1091 2861 centibus.

980 2892 1114 2950 obeunte
1130 2904 1198 2946 vcro
1221 2893 1260 2955 tc,
1286 2903 1367 2946 nunc
1386 2888 1520 2962 ejusdcm
1535 2888 1594 2946 loci
1608 2887 1773 2955 abbatissa,

1006 2995 1111 3037 earum
1134 2977 1236 3049 aliqua
1258 2993 1328 3050 quas
1353 2976 1404 3035 tibi
1420 2982 1464 3035 est
1486 2993 1672 3044 successura,
1692 2975 1775 3036 nulla

944 3069 1019 3126 inibi
1042 3066 1177 3141 qualibet
1202 3064 1404 3138 subreptionis
1429 3068 1538 3124 astutia
1561 3083 1614 3124 seu
1634 3065 1775 3124 violentia

945 3164 1147 3235 preponatur,
1164 3158 1777 3231 nisiquamsororescommuniconsensu,

945 3249 1113 3307 secundum
1132 3248 1181 3305 tici
1198 3247 1334 3304 timorem
1355 3251 1384 3304 et
1406 3248 1436 3302 li.
1452 3247 1600 3304 Benedicti
1619 3245 1774 3320 Regulam,

946 3338 1124 3412 provideant
1138 3335 1318 3406 eligendam.

982 3427 1252 3494 Decernimusergo
1265 3428 1297 3480 ut
1308 3422 1511 3480 nulliomnino
1525 3423 1778 3505 hominumliceat

947 3515 1107 3591 praefatum
1123 3512 1294 3571 coenobium
1319 3517 1429 3569 tommo
1449 3512 1632 3586 perturbare,
1647 3516 1699 3570 aut
1712 3513 1777 3586 ejus

948 3602 1155 3678 possessiones
1170 3600 1287 3659 auterre
1298 3600 1612 3668 relablatasratiucrc,
1629 3600 1776 3670 minuere,

949 3698 1001 3751 aut
1012 3690 1162 3765 aliquibus
1174 3690 1382 3747 vexationibus
1392 3689 1536 3762 fatigare;
1551 3689 1605 3748 ssd
1620 3689 1724 3749 omnia
1734 3690 1779 3746 in·

948 3779 1779 3854 tegraconserventuraarum,proquarumgubernatione

949 3879 978 3929 et
996 3870 1210 3927 sustentatione
1223 3885 1369 3927 concessa
1387 3875 1466 3936 suut,
1482 3870 1586 3927 usibus
1595 3867 1779 3927 omnimodis

950 3959 1115 4035 protutura,
1124 3956 1293 4015 salrasedis
1306 3957 1657 4031 apostolicaeauctoritatc
1665 3961 1694 4015 et
1703 3954 1781 4014 dim·

950 4046 1191 4123 cesaniepiscopi
1204 4047 1351 4104 canonica
1369 4046 1494 4117 justitia.
1510 4047 1538 4104 Si
1551 4063 1613 4122 qua
1634 4047 1724 4118 igitm
1748 4044 1780 4102 in

949 4140 1083 4197 futurum
1107 4135 1305 4194 ecclesiastica
1330 4136 1520 4195 secularisve
1543 4153 1684 4210 persona,
1700 4135 1780 4193 hanc

69 4218 122 4274 ctis
138 4219 169 4274 in
189 4220 303 4278 christo
326 4221 454 4292 filiabus,
486 4227 575 4281 AEmnr
595 4225 767 4282 llecinensis
794 4226 896 4300 (vulgo
950 4233 1060 4286 nostrae
1073 4224 1292 4283 constitutionis
1305 4225 1450 4299 paginam
1466 4225 1573 4294 sciens,
1594 4231 1698 4283 contra
1712 4239 1781 4282 cam

69 4307 221 4381 Messines)
236 4310 365 4368 coenobii
376 4312 500 4385 ejusque
514 4314 897 4389 sororibustamprresenti-
913 4348 936 4404 D
951 4323 1061 4375 temere
1074 4315 1174 4372 tranire
1184 4315 1352 4382 tentaverit,
1365 4316 1500 4372 secunda
1514 4315 1636 4372 tertiove
1648 4329 1782 4371 commo·

68 4397 233 4469 busquam
260 4397 374 4468 tuturis,
399 4402 566 4473 regularem
589 4403 846 4478 vitamproiessis‚
865 4405 897 4463 in
952 4408 1024 4474 nita,
1047 4405 1151 4462 sinon
1174 4402 1375 4461 satisfactione
1405 4419 1540 4474 congrua
1565 4401 1780 4468 emendaverit,

68 4493 258 4558 perpetuum.
951 4492 1295 4569 potestatishonorisque
1307 4492 1353 4548 sui
1367 4491 1513 4563 dignitate
1520 4496 1629 4557 careat,
1637 4505 1782 4564 reamque

106 4574 288 4631 Desiderium
304 4577 385 4649 quod
401 4578 440 4635 ad
459 4577 609 4650 religionis
621 4582 809 4654 propositum
820 4582 897 4641 etad
952 4600 985 4642 se
1004 4584 1106 4640 divino
1117 4581 1231 4654 judicio
1246 4581 1370 4637 existere
1384 4579 1422 4638 da
1443 4583 1614 4653 perpetrata
1627 4579 1782 4654 iniquitate

69 4664 242 4721 animarum
256 4665 383 4722 salutem
399 4668 555 4739 pertinere,
568 4675 760 4740 monstratur,
776 4678 898 4729 auctore
953 4676 1127 4745 cognoscat,
1152 4674 1180 4726 et
1206 4685 1224 4726 a
1256 4668 1460 4726 sacratissimo
1487 4684 1612 4741 corpore
1634 4668 1782 4740 sanguine

70 4754 141 4819 Deo,
153 4760 197 4809 est
211 4753 274 4810 sine
290 4754 778 4833 aliquadilationecomplendum.
790 4763 899 4835 capro·
955 4764 1004 4818 Dei
1023 4766 1050 4818 et
1062 4759 1178 4816 Domini
1199 4757 1292 4813 nostri
1305 4757 1375 4813 lesu
1389 4756 1495 4814 Christi
1506 4757 1603 4814 aliena
1614 4757 1677 4827 fiat,
1692 4761 1784 4831 atque

69 4847 145 4914 pter,
165 4842 278 4900 dilecta
294 4843 323 4899 in
340 4845 465 4902 Domino
482 4845 560 4914 filice,
575 4848 680 4904 restris
694 4849 782 4922 justis
801 4855 900 4924 postu·
952 4851 984 4907 in
1011 4856 1145 4905 extremo
1171 4847 1308 4903 examine
1333 4845 1472 4903 districtae
1492 4846 1599 4903 ultioni
1621 4847 1783 4918 sublaceat.

69 4928 232 4987 lationibns
243 4932 403 4991 clementer
417 4937 592 5004 annuimus,
604 4941 632 4994 ct
646 4939 803 5011 praelatum
815 4938 898 4996 lisci-
953 4938 1072 4995 Cunctis
1082 4941 1182 4993 autem
1196 4935 1292 4992 cidem
1312 4933 1379 4992 loco
1395 4951 1448 4991 sua
1460 4935 1531 5008 jura
1545 4935 1735 4994 servantibus
1748 4935 1785 4993 sit

71 5033 165 5074 nense
185 5021 365 5089 coenobium,
386 5025 415 5080 in
431 5041 491 5098 quo
511 5026 613 5083 divino
638 5030 813 5101 mancipatas
829 5029 899 5086 estis
954 5043 1015 5101 pax
1040 5024 1156 5083 Domini
1180 5023 1274 5081 nostri
1292 5023 1361 5080 lesu
1376 5023 1492 5090 christi,
1508 5029 1656 5098 quatenus
1683 5030 1713 5081 et
1736 5023 1786 5082 hic

71 5107 295 5181 obsequio,sub
311 5111 342 5166 B.
361 5112 436 5168 Petri
452 5119 481 5170 et
494 5120 595 5171 nostra
610 5120 791 5189 protectione
807 5117 898 5175 susci·
953 5115 1083 5173 trucium
1092 5111 1310 5171 bonaeactionis
1325 5113 1610 5187 percipiantetapud
1618 5113 1785 5171 districtum

71 5196 172 5270 pimus
183 5205 210 5255 et
224 5201 376 5271 praesentis
386 5202 486 5275 scripti
497 5204 653 5276 privilegio
663 5206 898 5263 communimus.
951 5205 1085 5279 iudicem
1097 5203 1219 5276 premia
1238 5206 1358 5257 eterne
1371 5202 1452 5274 pacis
1466 5202 1628 5260 inveniant.
1643 5205 1748 5260 Amen.

69 5287 208 5359 inprimis
223 5289 246 5344 si
257 5289 381 5362 quidem
397 5295 570 5357 statuentes,
588 5298 618 5350 ut
628 5295 702 5351 ordo
717 5296 901 5354 monasticus
990 5298 1050 5368 ligo
1066 5292 1213 5363 Eugenius
1230 5289 1387 5348 catholice
1401 5290 1534 5348 Ecclesiae
1544 5293 1713 5366 episcopus.

70 5377 279 5434 secundumB.
297 5379 445 5435 Benedicti
461 5381 602 5452 Regulam
619 5386 647 5438 et
661 5383 900 5442 ctuniacensium

72 5464 179 5524 tratres
194 5467 410 5525 institutionem
426 5469 576 5544 perpetuis
587 5470 700 5530 ibidem
715 5473 900 5548 temporibus

182 5583 302 5641 Puram.
323 5583 455 5644 CLXXX.

990 5387 1053 5455 ligo
1064 5382 1200 5438 hibertus
1213 5378 1355 5437 Ostiensis
1365 5380 1536 5454 episcopus.

993 5475 1055 5550 Ego
1069 5475 1154 5545 lingo
1168 5466 1324 5544 presbyter
1338 5469 1500 5529 cardinalis
1519 5470 1561 5530 tit.
1578 5469 1609 5527 in
1628 5472 1749 5532 Lucina.

1610 5587 1647 5646 dc
