3728 6000
74 261 131 320 'tat

607 267 613 273 ”
669 266 720 323 DE
737 266 980 328 sactattssttro.
995 300 1032 315 -
1045 272 1109 329 Llll.
1129 274 1153 329 Ι.

1681 270 1736 329 ’lid

73 386 276 461 runtillaquas
290 389 424 462 Spiritum
443 398 566 449 sanctum
591 391 773 463 significando
797 397 919 458 mon-A
934 397 1034 471 dignus
1057 399 1103 471 qui
1125 398 1242 470 aperiret
1274 397 1373 454 librum
1408 405 1508 454 nostrae
1535 394 1732 467 redemptionis

74 484 195 533 strarant
222 479 365 536 visibiliter
392 481 569 547 invisibilem,
605 481 731 538 columba
766 492 878 554 propter

75 581 199 622 amorem
226 579 360 635 sanctum,
386 570 460 644 ignis
483 577 574 626 autem
597 578 712 641 proptor
739 571 878 626 charitatis

75 653 170 710 lumen
196 664 279 730 atque
304 658 460 728 iervorem;
486 668 512 715 et
536 669 648 731 peraeto
672 659 879 733 significationis

72 743 164 802 officio
191 745 348 815 corporales
375 749 429 804 illae
456 749 564 819 species
591 748 767 816 transierunt,
797 756 878 818 atqua

73 848 140 889 esse
154 834 267 891 ulterius
282 836 451 901 destiterunt,
473 837 542 893 sicut
565 837 690 893 columna
713 838 784 910 ignis
797 838 879 893 nubi-

74 921 136 978 losa
150 939 201 995 per
212 923 295 990 diem,
313 924 450 981 luminosa
474 942 524 996 per
539 935 655 981 noctem.
681 927 803 982 Christus
827 943 879 982 au·

74 1018 132 1066 tero
152 1026 208 1067 non
217 1013 366 1069 humanam
377 1014 412 1069 ad
435 1016 530 1070 horam
553 1016 667 1086 sumpsit
689 1015 819 1089 effigiem,
851 1015 879 1070 in

74 1115 131 1171 qua
153 1100 311 1157 hominibus
339 1112 491 1173 appareret,
523 1119 556 1159 ac
577 1104 677 1159 deinde
701 1104 809 1174 species
835 1104 881 1159 illa

75 1189 199 1261 periret:
215 1191 307 1246 sedin
324 1192 426 1248 unitate
450 1207 575 1264 persona
598 1209 664 1257 snae,
690 1201 815 1249 manente
834 1194 880 1249 in-

75 1279 178 1337 visibili
203 1280 252 1336 Dei
277 1280 374 1350 lorma,
398 1283 502 1353 accepit
520 1281 657 1337 visibilem
682 1283 798 1337 hominis
823 1284 879 1338 sor·

74 1385 163 1435 mam,
183 1384 238 1424 non
262 1370 350 1425 solum
369 1380 451 1425 natus
475 1371 501 1425 in
528 1386 562 1426 ea
586 1370 620 1425 de
644 1371 753 1426 homine
781 1381 879 1439 matre,

73 1458 272 1513 verumetiam
294 1460 382 1515 crevit
404 1459 432 1514 in
455 1475 497 1526 ea,
518 1460 705 1526 manducavit,
723 1460 789 1516 bibit
811 1462 879 1516 dor-

73 1546 164 1617 mivit,
193 1548 299 1603 occisus
327 1553 369 1602 est
392 1548 420 1603 io
441 1564 474 1604 ea
507 1549 670 1615 resurrexit,
702 1550 822 1605 ascendit
851 1551 881 1604 in

73 1634 186 1703 coelum,
203 1636 280 1692 sedet
293 1636 328 1691 ad
342 1636 484 1693 dextemm
499 1639 585 1694 Patris
600 1639 628 1693 in
643 1654 684 1706 ca,
701 1647 727 1692 et
743 1638 770 1693 in
790 1654 877 1711 regno

931 487 1026 558 (Apoc.
1046 505 1072 552 v,
1099 488 1143 560 3),
1166 488 1228 559 quia
1255 504 1345 560 neque
1375 486 1500 560 angelus,
1534 500 1623 556 neque
1652 484 1729 538 vivus

931 578 1127 646 hamanaque
1149 587 1279 642 mortuus,
1303 584 1406 647 quanto
1428 575 1516 629 minus
1536 573 1633 644 aliquis
1661 571 1733 627 inira

933 664 1071 720 homiuem
1088 664 1186 721 iactus.
1205 665 1358 720 absurdunt
1370 675 1408 721 est
1424 666 1507 737 igitur
1519 663 1553 718 de
1566 663 1613 718 Dei
1624 661 1733 731 sapien·

933 753 970 807 tia
999 762 1053 808 tam
1082 755 1161 809 stulte
1187 758 1299 822 sentire,
1327 754 1485 826 aliquasque
1514 752 1670 821 Scripturas
1698 748 1734 804 ad

933 842 1087 909 huiusmodi
1103 859 1212 899 sensnm
1230 844 1378 898 inilectere.
1398 842 1452 898 Cur
1465 842 1536 897 enim
1560 842 1632 894 Dens
1657 836 1735 893 lieret

933 931 1007 986 aliud
1023 947 1104 1003 quam
1120 931 1193 1004 qrrod
1208 933 1292 988 semel
1308 932 1394 988 luctus
1409 939 1460 1000 est,
1476 934 1558 986 homo
1580 928 1685 985 scilicet
1698 925 1735 981 ad

934 1029 1054 1075 nostram
1078 1021 1214 1077 salutem:
1237 1037 1299 1077 cum
1316 1022 1382 1075 nihil
1400 1021 1472 1075 aliud
1489 1034 1605 1090 opereur
1629 1017 1656 1071 in
1681 1030 1728 1069 sa-

935 1117 1083 1174 cramento,
1102 1126 1184 1181 quam
1200 1110 1272 1181 qarod
1289 1109 1373 1165 semel
1388 1117 1515 1180 operatus
1539 1115 1580 1162 est
1599 1105 1678 1161 nobis
1706 1102 1734 1157 in

933 1200 1034 1269 seipso,
1064 1199 1092 1253 in
1119 1215 1204 1255 cruce
1231 1199 1336 1254 scilicet
1363 1207 1389 1253 et
1416 1198 1507 1264 altari,
1532 1204 1656 1252 nostram
1684 1208 1732 1248 re·

934 1288 1138 1358 demptionem:
1155 1288 1189 1343 ad
1205 1303 1287 1359 quarn
1303 1287 1503 1358 semperdigne
1517 1282 1731 1354 suscipiendam,

934 1393 1044 1446 semper
1058 1379 1137 1448 sipno
1159 1393 1216 1432 suaa
1238 1377 1393 1448 praesentiae
1418 1384 1540 1430 nostrum
1556 1372 1640 1428 voluit
1654 1369 1732 1426 exci-

935 1474 992 1520 tare
1008 1466 1190 1531 devotionern,
1209 1481 1259 1536 per
1272 1467 1341 1520 tanti
1357 1465 1398 1520 sui
1414 1463 1540 1519 beneficii
1548 1460 1690 1534 praesentis
1704 1468 1732 1514 et

934 1555 1063 1625 praeteriti
1085 1554 1403 1610 commemorationem?
1429 1554 1503 1609 Sicut
1526 1568 1592 1622 ergo
1618 1548 1733 1620 Spiritus

934 1650 1044 1699 sanctus
1058 1644 1085 1698 in
1100 1644 1192 1714 specie
1206 1644 1339 1700 columbae
1366 1641 1410 1699 vel
1430 1641 1530 1714 linguis
1553 1640 1644 1712 igneis
1667 1637 1726 1691 sins

73 1741 126 1782 suc
153 1725 178 1782 ei
193 1727 241 1799 qui
256 1726 295 1782 illi
313 1728 428 1798 subjecit
450 1730 552 1798 omnia,
573 1730 623 1784 erit
637 1730 775 1800 subjectus
789 1731 816 1785 in
835 1746 877 1786 ea.
893 1760 920 1820 Β
937 1732 1037 1788 onitate
1060 1748 1183 1805 parsonae
1212 1733 1371 1804 apparuisse
1397 1731 1526 1797 creditur,
1549 1728 1589 1785 sic
1611 1726 1733 1783 Christus

112 1823 158 1880 Sic
173 1824 258 1897 igitur
275 1826 305 1880 in
325 1836 493 1882 sacramento
513 1828 635 1899 corporis
661 1828 769 1896 Christi,
799 1828 878 1899 panis
933 1821 960 1876 in
972 1831 1141 1878 sacramento
1156 1821 1235 1893 panis
1249 1827 1277 1877 et
1291 1821 1346 1877 vini
1361 1820 1541 1891 corporaliter
1559 1814 1665 1883 confici,
1684 1813 1733 1870 scd

73 1912 191 1969 somnam
214 1914 320 1970 Christo
349 1931 404 1970 non
428 1915 551 1972 dicamus
574 1917 784 1988 impersonatam
808 1917 876 1989 (ιι).

73 2003 141 2067 Sed,
153 2003 279 2075 quamvis
293 2003 351 2076 ipsa
361 2005 438 2075 panis
450 2005 602 2060 substantia
617 2006 729 2063 mirifice
738 2007 766 2061 iu
778 2022 877 2078 corpus

72 2091 177 2147 Christi
192 2107 327 2148 conversa
344 2093 388 2160 sit,
405 2093 483 2164 panis
507 2101 596 2150 tamen
620 2095 708 2150 iorma
732 2096 761 2150 in
782 2110 877 2152 sacra·

73 2189 169 2236 mento
183 2197 338 2249 remanens,
363 2199 491 2238 mansura
511 2184 703 2254 perpetualiter
725 2185 752 2239 in
774 2185 877 2242 Christi

72 2283 192 2342 corpore
207 2285 261 2326 non
275 2279 396 2343 putetur;
420 2272 478 2339 sed,
501 2274 569 2330 sicut
588 2281 687 2329 caetere
711 2281 878 2330 sacramenta

69 2368 135 2432 post
159 2360 232 2416 hanc
253 2360 336 2416 vitam
358 2361 470 2418 omnino
494 2361 625 2418 desistere
640 2364 776 2429 credatur,
792 2379 827 2418 nc
841 2364 878 2419 de

70 2447 260 2519 impanatione
292 2449 383 2522 aliqua
420 2451 495 2506 haere
517 2451 629 2507 oriatur.
661 2453 741 2522 Nam,
772 2452 794 2506 si
823 2451 876 2506 im-

72 2545 195 2608 panatur
209 2537 346 2606 Christus,
360 2538 402 2595 vel
424 2540 454 2593 in
477 2555 581 2610 paoem
601 2541 778 2609 convertitur,
805 2539 877 2610 quod

74 2633 119 2682 est
139 2626 283 2690 nefarium,
308 2643 369 2682 eum
394 2627 430 2682 sit
457 2628 642 2693 immutabilis,
669 2629 712 2683 vel
741 2628 770 2682 lit
797 2629 877 2698 panis

72 2715 146 2770 sicot
163 2715 281 2770 Verbum
296 2730 359 2771 earo
373 2715 474 2772 iactum
498 2726 548 2784 est,
574 2717 646 2787 qnod
669 2716 796 2772 frivolum
824 2724 875 2790 est,

71 2820 135 2861 cum
151 2820 206 2860 non
221 2813 322 2860 astruat
336 2806 483 2861 aiaetoritas
506 2806 665 2877 evangelica
688 2807 731 2863 vel
754 2807 876 2880 prophe·

69 2893 149 2959 talis,
164 2909 224 2950 tum
240 2895 407 2951 econtrario
422 2895 501 2949 otiam
522 2894 599 2965 panis
621 2894 667 2950 liat
690 2911 754 2951 caro
778 2895 876 2952 Christi

70 2985 111 3039 ita
121 2989 150 3038 ul
165 2998 220 3038 non
236 2992 376 3038 remaneat
391 2984 479 3054 panis.
496 2985 556 3039 Non
572 2984 642 3041 enim
659 2992 731 3040 esset
746 3000 875 3056 magnum

932 1925 986 1966 non
1002 1910 1201 1982 personnaliter
1214 1909 1284 1967 uniri
1299 1916 1444 1964 astruatur.

1233 2027 1347 2083 CAPUT
1370 2027 1410 2082 tx

933 2117 1009 2184 Quod
1022 2134 1110 2173 nanus
1123 2118 1208 2191 panis
1222 2121 1250 2172 et
1259 2118 1357 2173 ninam
1366 2118 1398 2171 ln
1408 2130 1511 2187 corpas
1523 2113 1629 2169 Christi
1636 2112 1731 2166 orato-

968 2194 997 2244 ta
1012 2205 1114 2244 novam
1128 2204 1235 2245 caraea
1248 2189 1289 2244 cel
1297 2191 1465 2260 sanquinem
1475 2203 1532 2243 aon
1542 2186 1692 2256 pererrant.

967 2276 1020 2332 Sed
1035 2277 1136 2334 iterum
1153 2277 1232 2347 hujus
1246 2275 1403 2332 mutationis
1416 2276 1526 2329 trallunt
1547 2272 1627 2343 aliqui
1652 2269 1733 2326 nimis

932 2366 1093 2437 simpliciter
1107 2367 1271 2422 acommuui
1286 2374 1384 2421 natura
1398 2360 1686 2431 similitudinariam:
1702 2364 1732 2412 ut

932 2455 1001 2511 sicut
1016 2454 1095 2525 panis
1110 2464 1137 2510 et
1152 2455 1244 2511 vinum
1259 2454 1286 2509 in
1302 2455 1437 2510 viventem
1450 2467 1560 2508 carnem
1573 2457 1600 2505 ει
1614 2447 1731 2520 sangui-

932 2560 992 2599 nem
1011 2544 1176 2598 transfertur
1201 2551 1333 2611 nostrum,
1363 2543 1407 2599 rel
1434 2541 1514 2598 etiam
1543 2539 1678 2594 virentem
1705 2542 1733 2590 ει

931 2632 1135 2689 vivificatricem
1151 2649 1260 2688 curnem
1277 2632 1363 2704 ipsius
1378 2631 1487 2696 Christi,
1509 2643 1591 2699 quam
1614 2626 1659 2681 din
1682 2641 1732 2680 no-

931 2721 1037 2778 biscum
1054 2730 1230 2778 conversatus
1254 2729 1295 2777 est
1316 2737 1366 2793 per
1382 2728 1505 2774 naturam
1532 2715 1728 2781 comestionis;

931 2811 970 2866 sic
985 2813 1067 2866 ctiam
1083 2812 1109 2865 in
1134 2810 1269 2867 virentem
1295 2818 1322 2865 et
1340 2807 1544 2865 vivificatricem
1566 2819 1675 2861 carnem
1704 2808 1733 2857 et

932 2901 1092 2969 sanauinem
1108 2900 1206 2956 Christi
1220 2897 1397 2955 transferatur
1420 2913 1472 2968 per
1494 2895 1612 2968 gratiam
1636 2906 1730 2948 sacer-

930 2989 1026 3047 dotalis
1045 2987 1250 3045 benedictionis.

70 3070 148 3143 quod
162 3072 305 3144 Apostolus
319 3072 353 3127 ad
376 3073 620 3129 commendandam
644 3073 800 3129 hominibus
823 3073 874 3129 Dci
967 3078 1019 3133 Sed
1036 3079 1117 3150 longo
1138 3079 1216 3133 aliter
1241 3077 1318 3149 panis
1342 3084 1368 3133 et
1391 3077 1482 3132 vinum
1496 3073 1525 3129 fit
1539 3087 1604 3129 caro
1623 3078 1650 3126 et
1664 3085 1730 3125 sen-

70 3161 259 3228 dilectionem,
287 3168 314 3216 et
340 3161 466 3217 humanm
495 3170 599 3218 naturae
625 3164 790 3234 dignitatem
828 3162 877 3244 ait,
934 3166 1109 3239 guischristt
1132 3167 1161 3221 jn
1185 3174 1363 3222 sacramento
1393 3181 1442 3236 per
1465 3158 1731 3236 gratiam‚quamin

72 3249 140 3325 quia
156 3251 245 3306 rtttae
256 3250 311 3306 Dei
325 3253 439 3323 ampelos
453 3251 716 3325 aouapprelteadit,
729 3252 880 3308 sacramen
934 3256 1079 3326 carjuslibel
1095 3256 1138 3311 vel
1153 3256 1233 3311 etiam
1247 3255 1332 3327 ipsios
1348 3253 1446 3310 Christi
1460 3253 1597 3308 stomacho
1612 3265 1661 3321 per
1680 3262 1731 3302 na-

70 3339 193 3396 Abrcltae
206 3339 403 3412 apprehendit,
420 3340 443 3394 si
458 3340 503 3396 ille
519 3340 565 3411 qni
586 3346 691 3397 naturae
711 3341 878 3412 angelorum
935 3352 1031 3400 turam,
1048 3347 1078 3399 ln
1094 3347 1235 3401 stomacho
1260 3344 1332 3399 enim
1349 3341 1447 3398 christi
1470 3341 1551 3412 panis
1575 3347 1601 3394 et
1621 3338 1730 3403 vinum,

70 3428 237 3498 contempsit
250 3428 431 3500 personaliter
454 3429 534 3498 uniri,
549 3429 726 3500 brutrapanis
751 3430 880 3485 substan·
934 3450 987 3489 non
1003 3440 1105 3489 mutata
1118 3433 1162 3489 vel
1177 3431 1317 3488 deliciante
1328 3431 1497 3495 substancia,
1509 3429 1556 3484 sed
1568 3428 1666 3491 forma,
1681 3439 1730 3481 uo·

71 3517 119 3573 riae
144 3516 355 3588 impersonatus,
385 3518 464 3589 panis
502 3517 583 3574 vellet
620 3518 690 3574 fieri.
722 3519 778 3574 Sua
802 3519 875 3574 enim
934 3539 1121 3579 vamcamem
1143 3520 1468 3593 etnovumsangninem,
1485 3515 1650 3588 corruptioni
1677 3514 1732 3571 ali·

71 3606 340 3679 iml>0l⁵⁰¹¹lll⁰lam
363 3622 418 3663 ¹¹⁰⁰
443 3607 599 3662 h⁰¹¹ll¹¹lbl¹⁸
628 3606 785 3680 Singularis,
816 3607 880 3679 quia
934 3610 1328 3689 quatenosobnoxium,cicut
1347 3606 1732 3677 incaeterishomioihusge·

72 3695 158 3752 etiarn
180 3695 297 3766 panibus
320 3696 389 3751 iacta
415 3696 581 3764 communis,
598 3695 664 3750 sicut
691 3697 816 3751 humanae
831 3710 878 3752 na.
934 3699 1057 3768 seravit,
1079 3701 1106 3755 in
1134 3708 1304 3756 sacramento
1332 3707 1423 3755 autem
1451 3701 1553 3753 mutata
1580 3692 1732 3751 substantia

73 3792 142 3841 turae
156 3785 292 3840 minueret
314 3785 541 3856 dignitatem,sic
561 3785 643 3841 ctiam
664 3785 713 3841 Dei
736 3800 803 3857 erga
827 3786 879 3841 ho·
932 3789 1097 3855 nonlorma,
1122 3790 1199 3860 panis
1225 3797 1251 3846 et
1274 3789 1368 3845 vinum
1397 3804 1452 3844 non
1479 3788 1509 3843 ht
1531 3802 1602 3843 nova
1627 3789 1733 3842 caroel

74 3874 162 3930 mines
175 3875 266 3929 minus
279 3874 486 3929 commendaret
497 3874 680 3931 dilectionem.
932 3895 1019 3935 novus
1046 3878 1168 3950 sanguis,
1197 3879 1247 3935 sed
1271 3878 1393 3933 existens
1419 3878 1569 3933 substantia
1595 3875 1676 3947 panis
1704 3880 1733 3929 et

108 3974 172 4029 Non
187 3989 256 4045 ergo
270 3982 378 4028 moreat
392 3990 556 4046 quemqnam
573 3973 645 4044 quod
658 3973 719 4044 ipse
734 3974 768 4029 de
784 3973 876 4029 seait:
932 3968 988 4022 vini
1004 3976 1122 4023 mutatur
1145 3968 1172 4023 in
1192 3969 1386 4023 coexistentem
1410 3966 1588 4022 substantiam
1611 3961 1732 4034 corporis

74 4062 130 4135 Epo
149 4080 215 4120 sum
228 4064 313 4135 ponis
333 4062 518 4129 vinasldoan.
536 4078 572 4128 vr,
589 4060 876 4136 at)‚s1gurate,qnie,
932 4056 1048 4124 Christi;
1072 4056 1110 4111 ita
1125 4064 1153 4111 ut
1176 4057 1295 4112 novitate
1315 4071 1365 4111 sua
1387 4055 1454 4111 nihil
1477 4055 1504 4110 in
1526 4057 1586 4125 ipso
1607 4052 1728 4120 innovet,

73 4157 95 4211 si
104 4156 165 4227 ipse
179 4153 299 4209 creditur
314 4152 394 4223 panis
410 4151 468 4207 heri
492 4168 568 4216 vere,
592 4152 730 4221 quomodo
752 4153 877 4208 eamdem
930 4155 1077 4211 mutatione
1100 4172 1148 4211 sna
1162 4155 1229 4211 nihil
1244 4156 1375 4211 immutet.
1396 4154 1424 4210 Si
1437 4154 1510 4210 enim
1525 4160 1566 4209 est
1580 4148 1728 4220 mutabilis,

75 4240 304 4313 redempllfflfflsst
320 4255 400 4312 (luam
416 4240 500 4294 semel
525 4238 588 4295 stell
605 4239 631 4292 ln
655 4254 749 4307 cruce,
771 4240 878 4310 operari
931 4244 973 4303 vel
984 4245 1011 4299 in
1027 4253 1201 4316 augmentum
1218 4252 1338 4299 mutatur
1353 4243 1396 4299 vel
1412 4244 1646 4299 indetrimentnn.
1663 4237 1727 4308 Sed,

74 4331 183 4404 Ρθῑθῐῑῑ,
209 4329 290 4385 ellim
308 4329 337 4383 1¹1
358 4328 436 4382 flllll'l
457 4327 600 4400 q⁰0¹ldlel
618 4326 689 4381 Nam
716 4327 760 4400 qui
790 4325 875 4383 80le
930 4334 953 4388 si
968 4342 1030 4407 eget
1045 4339 1203 4406 augmento,
1220 4349 1273 4388 non
1289 4333 1316 4387 in
1331 4332 1418 4388 virum
1433 4331 1580 4404 perlectum
1605 4343 1727 4384 resurre-

75 4421 248 4485 inssarssfllub
264 4417 345 4489 9θῦῙο
365 4417 454 4472 “linui
477 4417 511 4471 ab
535 4415 641 4488 angelis
664 4423 704 4470 0⁸²
728 4414 875 4469 ffll⁰⁰ffll¹1⁸
930 4423 969 4478 xil
986 4440 992 4487 ;
1008 4423 1030 4477 si
1041 4423 1202 4479 detrimento
1216 4422 1350 4478 obnoxius
1366 4429 1416 4487 est,
1435 4419 1635 4491 curruptionem
1655 4431 1729 4471 non·

75 4509 141 4581 quia
157 4508 244 4564 lactus
255 4506 402 4579 passibilis,
419 4507 465 4562 hic
484 4505 563 4561 toties
586 4505 748 4575 impanatus,
765 4502 876 4574 quoties
891 4477 998 4567 Delum
1014 4513 1111 4567 evasit,
1131 4512 1185 4567 sod
1200 4518 1311 4566 econtra
1327 4510 1502 4581 Augustinus,
1527 4508 1554 4561 in
1569 4506 1648 4577 epist,
1663 4502 1728 4571 205,

75 4600 102 4655 in
126 4598 205 4654 altari
225 4600 407 4661 consecratus,
423 4593 490 4665 ipsis
504 4593 659 4649 hominibus
680 4593 765 4648 multo
789 4591 879 4647 minor
933 4600 967 4655 ad
992 4600 1166 4657 Consentium
1186 4600 1220 4656 de
1244 4613 1359 4669 corpor„
1380 4597 1490 4652 pomini
1515 4602 1574 4666 post
1602 4608 1728 4649 rosum.

76 4695 165 4764 licret,
180 4694 347 4767 quiefactus
362 4692 536 4749 irrationalis.
553 4692 628 4748 Sicut
647 4690 718 4747 enim
741 4691 877 4762 impersc·
930 4689 1047 4744 ctionem
1064 4697 1096 4743 ιι.
1114 4690 1149 4753 11,
1166 4689 1218 4745 col.
1235 4691 1313 4757 ibit:
1333 4709 1344 4734 ι
1362 4686 1473 4741 Constat
1487 4685 1586 4755 itaque,
1599 4699 1650 4737 nec
1673 4680 1728 4737 ullo

76 4793 198 4849 nationis
210 4793 282 4863 jure,
298 4800 327 4846 ut
341 4807 421 4847 verns
437 4791 518 4845 homo
533 4798 604 4845 esset
628 4790 655 4844 in
666 4788 786 4853 homine,
798 4803 876 4844 acce·
932 4778 1015 4833 ¹1¹0th
1040 4778 1219 4832 dubllassdum
1247 4783 1295 4844 ⁰⁵¹·
1321 4790 1422 4844 ss⁰sl>1¹⁸
1446 4772 1554 4842 Chlsslla
1580 4771 1653 4870 quod
1668 4768 1731 4869 lilii

76 4882 114 4954 pit
129 4883 249 4939 animam
262 4897 322 4936 cum
339 4881 444 4936 ratione
459 4896 517 4941 sua,
533 4886 559 4934 er
577 4895 689 4934 carmen
706 4892 768 4934 cum
783 4876 875 4932 sensi.
930 4865 1113 4937 corruptionis
1145 4864 1315 4936 putredinem
1338 4865 1368 4917 in
1391 4861 1519 4933 sepulcro
1542 4877 1596 4916 non
1617 4859 1726 4927 viderit,

76 4972 127 5028 bus
141 4972 210 5037 suis,
224 4978 252 5024 ut
266 4973 294 5024 in
309 4984 341 5024 ea
356 4970 411 5040 pati
427 4976 529 5040 posset,
557 4969 596 5024 sic
620 4983 717 5039 panem
740 4966 877 5037 acciperet
931 4955 1002 5010 ιιιιιΙε
1014 4955 1142 5026 seriptum
1157 4965 1213 5011 est:
1230 4955 1283 5011 llec
1294 4953 1372 5009 dahis
1391 4955 1523 5008 sanctum
1539 4954 1620 5005 tuum
1635 4948 1728 5005 cidara

76 5077 141 5118 cum
164 5060 365 5115 irrationalitate
387 5076 460 5113 sua:
484 5067 511 5113 et
532 5058 569 5112 ita
593 5057 655 5126 qnia
684 5056 772 5112 minor
799 5055 875 5111 lieret
930 5046 1236 5118 corrupttoaampeaa.
1254 5060 1299 5106 xv,
1315 5044 1376 5112 l⁰);
1389 5042 1472 5097 clavis
1487 5050 1577 5094 tamen
1592 5048 1619 5093 et
1634 5040 1729 5093 lancea

76 5150 132 5205 suis
145 5148 303 5220 redemptis.
322 5164 374 5203 noo
399 5148 535 5203 videretur
558 5163 666 5216 aequom
689 5155 716 5200 et
739 5143 875 5200 sufficiens
930 5135 1070 5205 perrumpi
1086 5135 1179 5207 potnit,
1197 5150 1267 5188 nunc
1282 5131 1427 5187 omninoin
1443 5129 1644 5200 incorruptione
1659 5144 1728 5183 con·

76 5237 262 5311 assepretium
279 5236 482 5305 redemptionis.
500 5236 527 5292 Si
543 5237 614 5290 enirn
635 5250 722 5305 neque
744 5233 772 5288 iu
793 5236 874 5301 coeio,
929 5224 1054 5281 sisterem
1599 5310 1604 5320 Ι
1627 5308 1654 5319 ..
1698 5307 1704 5319 ·

76 5328 208 5404 usquein
232 5336 316 5393 terra,
338 5343 429 5398 nequo
452 5327 545 5381 subtus
567 5333 664 5380 terram
685 5324 812 5379 inventus
833 5330 875 5377 est
966 5316 993 5371 Si
1015 5316 1113 5389 qrraeris
1135 5315 1227 5387 itaque
1256 5312 1392 5385 quomodo
1416 5329 1460 5368 res
1485 5309 1670 5382 corruptibllis
1697 5324 1726 5363 ru

112 5475 169 5547 (ιδ)
184 5472 249 5526 Haeo
264 5469 357 5537 opinio
378 5470 496 5539 liuperto
517 5469 640 5523 tribuitur
660 5485 675 5524 a
698 5466 872 5534 bellarmino,
964 5458 1020 5530 (29)
1038 5458 1074 5540 S
1094 5458 1174 5515 loon.
1197 5458 1367 5513 Damascena
1390 5463 1416 5511 et
1440 5453 1585 5510 Paschasio
1601 5451 1728 5507 tribuitur

79 5561 159 5617 qoem
175 5541 275 5599 refellit
291 5541 431 5596 Cerberon
448 5542 473 5594 in
489 5541 618 5612 Apolopia
630 5541 757 5613 huperti,
770 5555 799 5610 p.
812 5541 873 5606 tto,
930 5530 988 5584 haess
1002 5544 1093 5598 optato
1107 5546 1121 5583 ιι
1137 5531 1177 5585 Cl.
1190 5533 1224 5589 dc
1238 5530 1337 5586 Merca.
1355 5529 1461 5601 Opust.
1481 5532 1500 5584 l.
1513 5529 1545 5597 v,
1562 5542 1588 5599 p.
1608 5528 1666 5596 lli,
1681 5525 1725 5581 ed.

79 5623 99 5672 t.
113 5615 162 5687 tv,
177 5613 232 5688 Op.
247 5613 317 5686 ttup.
333 5613 380 5669 ad.
401 5612 492 5670 venet.
510 5614 589 5668 ital.
930 5603 1076 5676 bamberg.
1088 5603 1168 5660 itta.
