3728 6000
154 226 207 300 tu
661 218 850 297 cnutum
867 218 1011 287 mmm
1029 219 1059 291 s.
1078 219 1296 285 mrooomoi
1448 190 1451 197 ’
1752 222 1809 293 tu

153 361 183 419 et
201 355 340 416 latitavit
351 355 384 415 ta
397 353 477 412 nobb
491 350 584 426 (loon.
593 352 624 426 i).
642 349 729 421 Quem
751 356 845 407 nutem
859 347 991 419 Phari-A
1004 349 1033 406 bt
1047 348 1094 423 qui
1107 348 1187 408 uobis
1215 346 1355 409 commissi
1377 354 1451 418 sunt,
1464 354 1493 408 at
1513 355 1656 419 tacemm3
1671 347 1699 406 ln
1712 350 1806 425 pravis

153 461 225 502 sarus
244 444 280 500 de
295 443 363 500 talsa
384 442 489 514 justitia
518 454 700 514 praesumens,
724 437 779 494 nisi
806 437 950 494 ludoicum
1004 436 1156 494 actionibus
1180 437 1318 509 incantet
1343 435 1521 494 correctionis
1538 452 1647 493 manum
1669 451 1726 493 non
1740 445 1805 495 ten-

152 534 283 606 populum
297 534 311 586 ‘t
327 548 407 603 quem
430 529 566 605 peccatrix
593 522 703 597 muller,
719 522 768 583 sed
781 522 817 582 ad
832 524 952 599 vestigia
1004 522 1093 581 dlrnus
1108 542 1116 590 ;
1131 523 1252 598 quotidie
1266 538 1317 598 per
1343 526 1444 581 multas
1472 525 1609 598 nequitias
1636 533 1761 597 pereunt,
1776 535 1807 582 et

152 622 262 678 Domini
272 622 384 678 veniens
399 629 425 676 et
450 620 571 691 plorans,
583 617 635 672 nisi
663 631 823 672 conversam
839 612 951 688 gentili-
1005 613 1102 670 eosad
1117 613 1253 670 infernum
1268 614 1382 670 tendere
1410 614 1582 687 negligenter
1598 613 1730 670 uidemus.
1748 615 1806 671 Sed

153 718 238 766 tatem
250 710 398 782 designat?
411 711 443 763 Et
457 706 574 762 infidelis
597 706 643 760 ille
659 703 773 776 populus
794 704 852 759 Deo
869 719 951 760 oscu·
1005 703 1114 777 quando
1129 719 1179 758 nos
1206 703 1289 758 vitam
1317 704 1455 775 corrigere
1470 704 1591 758 valemus
1615 702 1741 770 alienam,
1759 705 1807 776 qui

153 799 209 854 lum
228 814 282 854 non
310 797 394 862 dedit,
412 799 474 867 quia
503 794 633 850 charitate
660 804 753 848 amare
778 806 840 848 eum
867 789 954 849 nolalt
1005 791 1170 866 negligimus
1183 794 1311 847 nostrast
1325 793 1405 848 Curis
1423 791 1682 848 enimsaeeularibus
1696 794 1806 862 intenti,

154 889 201 960 qui
217 903 250 942 er
265 886 363 941 timore
377 885 496 941 servivit.
513 884 614 939 vocata
629 889 720 936 autem
739 881 880 953 gentilitas
894 882 951 937 lle·
1005 889 1082 937 tanto
1096 881 1316 937 insensibiliores
1344 881 1417 935 intus
1441 880 1572 937 efficimur
1599 889 1698 952 quanto
1721 882 1757 937 ad
1772 897 1808 938 ea

153 975 301 1046 demptoris
326 975 367 1029 sui
389 973 506 1045 vestigia
534 971 653 1027 osculari
682 982 738 1026 nen
767 976 864 1035 cessat,
888 967 953 1041 qula
1006 982 1067 1043 quae
1094 965 1161 1025 loris
1183 978 1244 1025 sunt
1272 969 1452 1025 studiosiores
1476 968 1609 1024 videmur,
1625 970 1681 1025 Usu
1702 971 1806 1042 quippe

153 1065 210 1133 ejus
237 1064 365 1120 continuo
391 1076 484 1117 amore
500 1059 626 1132 suspiret,
651 1058 811 1130 mysterium
824 1059 951 1114 incame—
1006 1074 1079 1116 eurae
1093 1067 1208 1115 terrama
1221 1059 1255 1113 ad
1283 1057 1394 1114 coeleste
1408 1057 1573 1113 desiderium
1593 1058 1700 1114 animus
1715 1059 1807 1114 obdu-

154 1153 235 1209 tionis
249 1153 307 1221 ejus
326 1168 361 1207 ex
386 1159 442 1206 toto
457 1144 539 1206 corde
563 1142 660 1220 diligit.
674 1146 708 1202 m
722 1146 783 1218 quia
797 1161 830 1204 se
854 1146 951 1204 Condi·
1005 1147 1096 1214 rescit,
1112 1149 1139 1202 et
1152 1142 1216 1201 dum
1231 1147 1349 1217 ipsosne
1362 1160 1415 1201 usu
1429 1145 1513 1201 dums
1528 1144 1643 1202 efficitur
1651 1163 1699 1218 per
1718 1147 1808 1203 actio·

153 1243 207 1297 tori
222 1257 271 1296 suo
299 1240 413 1312 obsequi
428 1255 478 1311 per
505 1253 627 1293 amorem
643 1239 731 1307 parat,
746 1236 871 1292 osculum
893 1238 952 1306 ejus
1005 1253 1069 1293 nem
1080 1235 1181 1305 saeculi,
1198 1235 1233 1289 ad
1254 1251 1287 1290 ea
1304 1250 1357 1290 non
1371 1236 1444 1291 valet
1457 1235 1572 1290 emolliri
1583 1251 1645 1307 quas
1672 1235 1809 1306 pertinent

153 1333 228 1386 recte
255 1329 391 1384 desiderat
418 1328 512 1383 dicens
528 1345 534 1381 :
549 1327 699 1382 Oscotetur
710 1342 755 1382 me
782 1327 952 1383 occulcatis
1005 1325 1041 1380 ad
1054 1325 1214 1380 charitatem
1238 1324 1301 1379 Dei.
1320 1323 1400 1378 Unde
1428 1323 1498 1378 bene
1526 1330 1622 1379 sancta
1636 1323 1758 1380 Ecclesia
1768 1325 1804 1379 de

154 1420 212 1475 sui.
1005 1414 1136 1471 membris
1163 1413 1218 1468 suis
1245 1411 1444 1468 infirmantibus
1472 1412 1559 1468 dicit:
1576 1414 1736 1469 Pocueruat
1759 1430 1804 1470 me
1855 1425 1856 1429 ’

188 1508 310 1564 Meliora
324 1510 395 1563 sunt
410 1507 498 1563 atero
511 1506 561 1561 toa
589 1504 665 1562 otoo.
681 1502 737 1574 (ts)
752 1502 843 1560 Ubera
859 1496 953 1574 sponsi
1005 1501 1154 1561 custodem
1170 1502 1203 1557 to
1215 1502 1324 1569 aneo,-
1337 1505 1450 1558 cineam
1464 1511 1558 1558 ineam
1580 1512 1639 1558 aaa
1654 1503 1804 1560 custodivi.

154 1603 218 1652 sunt
240 1597 435 1667 praedicatores
463 1593 560 1660 saneti,
589 1594 640 1647 ista
667 1592 744 1648 enim
767 1600 829 1646 sunt
855 1592 950 1660 ubam,
1006 1593 1210 1663 Vineaequippe
1234 1599 1333 1645 nostrae
1361 1591 1481 1645 actiones
1497 1599 1569 1658 sunt,
1586 1606 1654 1660 quas
1673 1607 1723 1645 usu
1737 1606 1810 1662 quo-

156 1701 216 1756 quae
230 1684 257 1738 in
284 1699 349 1740 arca
363 1683 517 1755 peccatoris
543 1681 596 1736 lixa
610 1681 680 1736 laote
695 1695 744 1736 noe
767 1687 872 1752 potant,
888 1681 992 1773 quiaB
1008 1680 1104 1736 tidiani
1128 1680 1232 1736 laboris
1255 1678 1405 1736 excolimus
1423 1680 1493 1748 ;sed
1524 1680 1654 1736 custodes
1667 1679 1695 1733 in
1720 1679 1807 1735 vineis

155 1773 220 1843 ipsi,
242 1771 347 1827 arcanis
375 1786 488 1826 summae
515 1768 751 1840 contemplationis
777 1767 950 1837 inhaerentes,
1007 1770 1088 1842 positi
1113 1778 1232 1825 nostram
1261 1768 1369 1824 vineam
1392 1768 1504 1824 minime
1539 1767 1718 1835 custodimus,
1745 1769 1811 1839 quia

156 1860 249 1917 subtili
263 1860 454 1931 praedicetione
467 1875 518 1915 nos
531 1859 664 1914 nutriunt.
1007 1859 1072 1914 dum
1087 1858 1223 1915 extraneis
1242 1858 1396 1914 actionibus
1418 1858 1603 1929 implicamur,
1625 1857 1808 1913 ministerium

193 1950 278 2004 Vrns.
287 1949 313 2002 t.
322 1979 356 1988 -
366 1947 806 2004 Adolesceetutcedtteceiuntte.
819 1944 954 2018 (comem
1008 1947 1123 2004 actionis
1139 1954 1237 2002 nostrae
1250 1947 1423 2018 negligimus.
1619 2020 1621 2024 Ι

157 2047 236 2112 ptura
264 2054 342 2094 sacra
363 2053 436 2108 saepe
464 2037 666 2092 adolescentem
693 2050 745 2106 pro
759 2034 878 2090 novitate
893 2034 956 2089 vitae
1046 2037 1129 2091 Varis.
1147 2039 1173 2091 6.
1189 2066 1223 2076 -
1239 2035 1337 2091 ludica
1349 2037 1421 2092 mite·
1432 2036 1723 2108 qoemditiqitootmc
1735 2053 1811 2093 meo.

155 2142 258 2202 ponere
273 2126 434 2191 consuet·it;
449 2125 583 2181 universae
608 2123 711 2196 quippe
739 2124 877 2188 Ecclesiae,
895 2140 955 2195 quae
1011 2126 1058 2182 ilbi
1065 2127 1170 2197 pascis,
1181 2125 1228 2180 ubi
1239 2124 1578 2196 cotoainmeridietltitt)
1588 2125 1815 2181 PasciturDomi-

156 2233 237 2272 unam
252 2215 423 2271 Catholicam
447 2213 557 2278 iaciunt,
573 2211 781 2268 adolescentulae
806 2219 954 2282 vocantur3
1008 2230 1069 2282 uus,
1084 2229 1146 2269 oum
1174 2213 1274 2268 nastris
1296 2213 1402 2269 actibus
1431 2214 1513 2269 bonis
1540 2214 1691 2269 delectatur
1707 2232 1714 2277 3
1731 2215 1813 2270 cubat

156 2320 211 2361 non
222 2305 283 2374 jam
299 2305 412 2360 vetusta
427 2313 476 2372 per
501 2296 623 2372 culpam,
641 2298 690 2355 sed
705 2296 819 2356 novelle
834 2314 884 2369 per
894 2316 956 2373 gra·
1009 2317 1074 2359 vero
1089 2300 1116 2356 in
1145 2300 1268 2367 meridie,
1285 2312 1346 2356 eum
1360 2312 1394 2357 cx
1422 2296 1564 2357 desiderils
1587 2303 1745 2358 carnalibus
1766 2319 1811 2357 ar-

155 2393 220 2448 tiam
236 2408 244 2463 ;
259 2407 315 2447 non
342 2391 418 2446 senio
445 2390 559 2457 steriles,
576 2388 623 2442 sed
638 2395 716 2443 aetate
730 2388 828 2443 mentis
855 2391 890 2443 ad
904 2389 957 2461 spi·
1009 2390 1176 2447 denticorde
1198 2391 1374 2462 reproborum
1395 2390 1550 2457 discedens,
1567 2391 1639 2461 apud
1663 2391 1811 2446 electorum

157 2479 285 2537 ritualem
309 2495 440 2552 congruae
457 2477 722 2548 fecunditatem.(ti)
737 2477 860 2532 Venienti
876 2478 958 2550 igitur
1010 2492 1119 2536 suorum
1151 2488 1260 2550 pectora
1292 2479 1467 2551 refrigerium
1501 2479 1604 2537 incenit
1636 2479 1812 2550 cogitationis

156 2585 256 2642 sponso
268 2569 377 2636 dicitur,
392 2567 613 2625 adolescentulae
633 2566 799 2622 dilexerunt
817 2570 853 2632 te,
870 2566 897 2620 id
917 2574 958 2622 est
1010 2569 1099 2625 bonae.
1116 2568 1279 2624 Ferventior
1293 2569 1394 2641 quippe
1418 2569 1446 2622 in
1458 2568 1572 2624 meridie
1585 2574 1670 2623 aestus
1691 2569 1812 2624 exarde-

157 2666 315 2715 sanotorum
330 2657 428 2712 animae
443 2656 534 2730 gratia
549 2653 719 2726 baptismatis
733 2662 880 2720 renovate,
896 2671 957 2725 quae
1009 2658 1071 2725 scit,
1087 2663 1114 2713 et
1139 2657 1299 2713 umbrosum
1324 2657 1413 2713 locum
1440 2657 1574 2712 Dominus
1593 2658 1696 2727 quaerit,
1727 2673 1812 2729 quem

157 2762 212 2803 non
226 2746 253 2801 in
269 2747 332 2803 ritae
346 2745 448 2801 veteris
462 2754 512 2800 usu
532 2740 672 2812 deliciunt,
688 2742 816 2799 seducti
837 2734 974 2799 hominia·
1010 2752 1092 2803 oestus
1108 2747 1172 2818 igne
1186 2758 1242 2802 non
1256 2744 1351 2803 afficit.
1369 2744 1399 2801 ln
1423 2740 1477 2802 lilia
1489 2758 1554 2818 ergo
1574 2747 1700 2803 cordibus
1714 2746 1812 2801 Domi-

158 2834 364 2892 conversatione
378 2834 548 2890 decorantur.
1010 2852 1063 2891 nus
1071 2835 1227 2907 requiescit,
1244 2851 1304 2906 quae
1329 2851 1404 2891 amor
1429 2835 1571 2907 presentis
1584 2835 1675 2892 saecnli
1696 2850 1753 2891 non
1768 2835 1811 2890 in·

192 2923 958 2992 Vnns.3.-laederemunquentorumtuorumcurre.
1010 2925 1189 2996 conditque
1212 2923 1304 2980 munis
1318 2924 1456 2979 desideria
1469 2939 1523 2980 non
1553 2931 1676 2990 exurunt,
1693 2923 1811 2995 quain-

161 3031 235 3071 mos.
251 3012 308 3084 (62)
323 3013 380 3066 Hoc
405 3026 507 3082 sponsa
534 3025 664 3081 sponsum
679 3007 835 3066 desiderans
855 3009 904 3065 ait.
923 3012 956 3064 ln
1011 3028 1095 3068 censa
1109 3014 1168 3068 suis
1189 3012 1389 3068 curiositatibus
1405 3013 1432 3067 in
1459 3013 1540 3082 hujus
1569 3013 1664 3068 mundi
1685 3012 1813 3082 concapi-

156 3103 297 3172 Suriptura
312 3114 389 3156 sacra
413 3107 612 3172 unguentorum
628 3097 758 3154 odoribus
771 3098 865 3168 opinio
886 3099 956 3154 solet
970 3065 996 3131 C
1009 3102 1121 3158 scentiis
1136 3117 1189 3157 nou
1204 3109 1339 3157 arescunt.
1355 3102 1432 3157 Unde
1452 3109 1480 3157 et
1500 3102 1593 3157 llariae
1608 3101 1704 3157 dieitur
1721 3117 1728 3156 :
1744 3102 1811 3174 Spi-

157 3191 260 3264 signari
283 3189 422 3246 virtutum.
438 3187 516 3244 Unde
530 3196 557 3244 et
581 3185 684 3242 Paulus
706 3186 855 3256 apostolus,
872 3187 955 3242 virtu·
1006 3193 1084 3248 ritae
1098 3195 1216 3247 cunctos
1230 3192 1410 3262 superveniet
1424 3192 1455 3246 iu
1471 3194 1510 3259 te,
1525 3195 1552 3246 et
1563 3192 1655 3246 uirtus
1669 3190 1812 3246 ditissimi

156 3289 215 3336 tum
223 3278 302 3335 laude
314 3278 440 3350 fragrare
450 3293 481 3334 se
497 3277 597 3344 sciens,
606 3275 657 3330 ait:
670 3275 775 3332 Christi
794 3277 955 3333 ammador
1006 3280 1180 3334 obumbrabit
1206 3279 1257 3333 titii
1283 3277 1362 3347 (tue.
1385 3280 1417 3347 1).
1435 3278 1570 3333 Umbrosa
1598 3278 1681 3350 igitur
1695 3279 1755 3333 loea
1781 3278 1810 3331 in

156 3386 255 3427 ruinas
270 3370 323 3424 Deo
339 3367 378 3437 (ΙΙ
391 3369 452 3424 Cor.
468 3369 529 3436 nv).
1007 3368 1120 3423 meridie
1131 3367 1165 3422 ad
1184 3368 1349 3438 pascendum
1364 3366 1499 3422 Dominus
1519 3368 1641 3436 requirit,
1658 3368 1722 3438 quia
1744 3367 1810 3422 tali·

189 3459 279 3514 Vana.
298 3457 553 3528 l.·-Niprasum,
568 3455 616 3511 sed
630 3457 767 3526 formosa.
788 3454 843 3525 (63)
868 3455 954 3509 Tanto
1006 3455 1058 3510 bus
1073 3454 1209 3509 mentibus
1241 3456 1361 3525 pascitur
1377 3471 1438 3524 quae
1463 3471 1511 3525 per
1526 3465 1680 3526 respectum
1712 3456 1810 3527 gratiae

154 3544 183 3602 tlt
198 3547 311 3618 quisque
327 3536 406 3599 uilior
422 3542 488 3612 Deo,
505 3550 607 3615 quanto
632 3543 777 3614 pretiosior
799 3539 853 3597 sibi
864 3550 953 3605 ;tanto
1007 3552 1165 3616 temperatae
1175 3540 1363 3614 corporalibus
1378 3543 1522 3598 desideriis
1538 3560 1592 3599 non
1611 3553 1735 3599 uruntur.
1747 3545 1811 3598 Plus

157 3632 304 3706 pictioslor
318 3624 387 3700 beo,
404 3636 624 3703 quantoproplar
638 3646 700 3685 curn
714 3630 801 3696 uilior,
818 3630 953 3702 sibi,quto
1007 3648 1074 3705 ergo
1089 3632 1170 3687 llario
1186 3633 1332 3702 peccatrix,
1361 3633 1410 3686 sed
1425 3633 1570 3703 paenitens,
1587 3632 1713 3703 pascebat
1732 3632 1809 3686 intus

156 3712 277 3778 tramitte
301 3720 426 3790 respicit,
436 3722 465 3775 et
487 3718 549 3775 utto
565 3732 583 3774 o
602 3721 682 3790 tonqe
705 3720 849 3789 coqaoictt
862 3714 952 3791 (tect.
1006 3734 1086 3793 quam
1103 3721 1257 3776 Pharisaeus
1273 3722 1422 3776 Dominum
1450 3726 1580 3790 pasceret
1595 3722 1670 3787 loris,
1686 3721 1748 3792 quia
1771 3721 1807 3776 ab

155 3802 288 3877 anniti).
316 3806 387 3861 tusti
412 3807 485 3862 enim
509 3814 681 3878 nequaquam
705 3807 739 3862 de
763 3797 876 3876 justitia
891 3805 952 3863 lnoe
1006 3812 1074 3866 aestu
1083 3809 1235 3866 carnalium
1250 3804 1419 3879 Redemptor
1431 3815 1525 3865 noster
1539 3806 1573 3866 ad
1587 3811 1662 3865 illius
1688 3817 1806 3863 mentam

157 3896 329 3969 superbiunt,
345 3885 620 3965 sedperbumiltiatls
638 3894 764 3967 gratiam,
781 3900 954 3966 peccatorum
1007 3894 1125 3972 digerat,
1155 3908 1236 3969 quam
1271 3895 1331 3970 post
1360 3899 1486 3955 sidorum
1507 3900 1602 3972 ignem
1640 3898 1810 3971 penitentie

156 3985 184 4040 ln
199 3998 229 4040 se
244 3980 416 4055 nigredinem
442 3976 620 4039 eoulltentur.
642 3982 710 4038 tlinc
730 3982 849 4037 loannes
864 3983 955 4039 aitzst
1007 3986 1103 4044 ambra
1119 3984 1301 4058 temperabat.

158 4074 318 4131 dixerimus
343 4075 409 4145 quta
427 4067 576 4144 peecatum
597 4080 655 4126 noo
674 4070 816 4141 hebetatis,
830 4075 955 4146 nosipsos
1048 4076 1133 4133 Vnus.
1149 4072 1176 4132 l.
1193 4073 1300 4133 -rttet
1328 4077 1487 4148 cognocetis
1503 4068 1539 4143 te,
1556 4072 1703 4151 apuleium
1732 4080 1812 4137 inter

156 4162 317 4220 teduetmut
332 4162 423 4231 (toan.
439 4166 471 4231 ι).
908 4238 912 4245 ¹
1007 4165 1152 4235 mutieres,
1169 4165 1308 4239 egredere,
1319 4172 1348 4223 et
1368 4165 1414 4223 att
1428 4169 1490 4239 post
1509 4166 1625 4240 vestigio
1639 4184 1766 4240 precum,
1782 4174 1813 4226 et

191 4244 277 4308 taos.
293 4253 319 4306 5.
335 4280 370 4290 —
384 4250 545 4306 Potuerunt
560 4259 605 4306 ma
626 4244 770 4306 custodem
785 4250 817 4306 in
837 4250 954 4309 electa:
1007 4262 1091 4331 poste
1107 4256 1198 4312 tedes
1209 4256 1281 4310 tuoe.
1296 4248 1350 4327 (dt)
1372 4254 1492 4310 solerter
1507 4255 1585 4311 electi
1607 4257 1706 4328 quique
1721 4273 1735 4310 a
1752 4273 1808 4330 quo

155 4343 270 4398 utneam
279 4334 589 4396 menmumteostodiut.
602 4340 658 4409 tot)
669 4336 846 4411 tlstquldam,
859 4341 956 4397 tratres
1010 4349 1037 4402 et
1050 4338 1084 4401 ed
1099 4343 1163 4416 quid
1193 4342 1277 4400 ereatt
1291 4344 1346 4399 sint
1372 4342 1551 4415 consptoiunt,
1567 4352 1604 4412 et,
1619 4352 1692 4401 reeta
1718 4341 1814 4401 consi-

157 4428 323 4516 bbarisslmi,
334 4420 407 4499 quod
421 4434 467 4482 me
487 4427 521 4482 de
545 4427 598 4483 tlta
613 4429 752 4498 pastorum
776 4418 995 4486 vehementerl)
1011 4424 1150 4490 damtione
1165 4438 1282 4504 acceptae
1309 4432 1447 4505 imaginis,
1463 4435 1539 4505 sequi
1562 4434 1637 4506 vulgi
1656 4430 1813 4490 multitudi-

156 4512 348 4590 antigraqoou
370 4516 512 4588 praedictae
533 4516 676 4571 sententiae
691 4514 836 4589 cougtult;
853 4508 901 4574 scd
921 4528 956 4575 ne
1012 4540 1075 4580 nem
1108 4521 1298 4593 dedignantur.
1315 4519 1391 4577 Unde
1423 4528 1540 4592 sponsus
1572 4539 1699 4595 sponsam
1732 4539 1813 4580 suam

157 4608 201 4666 ¹cul
216 4608 268 4664 boc
294 4604 451 4676 injuriosum
478 4605 606 4662 uideatur
631 4604 749 4661 tortasse
762 4602 835 4678 quod
855 4620 957 4673 assero,
1011 4600 1157 4683 alloquitur
1168 4606 1262 4663 dicens
1275 4628 1280 4663 :
1293 4608 1519 4680 lt'itteopnuuc'rte
1531 4610 1566 4677 tc,
1579 4627 1593 4666 o
1600 4612 1722 4684 putcliro
1731 4612 1813 4669 iuter

157 4700 202 4752 tlte
225 4697 333 4770 quuqtle
356 4694 460 4765 pariter
482 4706 592 4749 actioso.
608 4686 653 4748 Ad
678 4692 812 4750 exteriora
823 4699 897 4751 enlm
909 4706 959 4753 ne·
1012 4694 1155 4762 mutieres,
1169 4686 1197 4751 ld
1212 4706 1253 4752 est
1267 4696 1320 4751 nlsl
1334 4696 1464 4753 bonorem
1481 4707 1565 4765 tuum,
1578 4716 1631 4772 quo
1647 4688 1812 4758 adsimiliiu-

159 4786 233 4858 gotia
247 4778 347 4856 dilapsi
361 4790 467 4850 sumus,
483 4782 509 4838 et
524 4782 596 4838 atiud
610 4796 646 4837 ax
662 4782 763 4838 becole
778 4782 958 4856 suscipimus,
1012 4773 1104 4844 dln'em
1132 4774 1184 4841 'Dei
1212 4792 1243 4840 es
1267 4778 1384 4855 condita,
1400 4779 1469 4841 bene
1497 4787 1616 4844 'virendo
1635 4790 1811 4862 cognoveris,

160 4873 241 4945 atque
255 4872 329 4928 aliud
343 4872 433 4931 oltlcio
459 4872 574 4930 actionis
597 4864 771 4936 exhibemus,
782 4872 958 4930 ministerium
1013 4876 1190 4947 aconspeetu
1204 4880 1272 4930 meta
1297 4870 1536 4946 contemplationis
1550 4876 1691 4949 egredere,
1707 4881 1734 4934 el
1755 4878 1811 4934 im-

159 4960 360 5034 predicationis
387 4961 574 5032 relinquimus,
590 4969 615 5015 ct
642 4956 678 5016 ad
704 4968 811 5032 paenam
830 4970 958 5032 nostram,
1014 4968 1164 5039 peittotum
1179 4962 1262 5018 uitam
1288 4962 1392 5018 imitate
1407 4964 1577 5036 populorum.
1594 4954 1664 5021 Nam
1692 4984 1809 5040 gregum

159 5034 294 5117 littldeo,
310 5050 433 5122 eplsdopi
461 5052 602 5117 vocamur,
629 5051 674 5121 qui
707 5054 807 5106 nornen
837 5050 958 5120 honoris,
1014 5050 1256 5122 uoniineimperiti
1284 5051 1378 5122 populi
1407 5042 1596 5123 designantur.
1630 5040 1812 5128 Semetipsam

162 5153 216 5194 non
239 5139 367 5194 virtutem
392 5147 525 5195 tenemus.
540 5139 704 5212 Relinquunt
731 5156 848 5210 namque
872 5142 959 5197 Deum
1015 5156 1131 5212 namque
1147 5156 1180 5194 ea
1205 5150 1319 5211 quaeest
1347 5140 1417 5193 inter
1432 5141 1564 5197 mulieres
1578 5143 1693 5212 pulchra
1710 5160 1812 5216 cogno·

198 5317 254 5387 (ts)
272 5316 336 5371 Lib.
354 5332 410 5371 xxx
420 5315 528 5384 uarat..
545 5332 605 5387 cap.
622 5320 666 5374 to.
1050 5321 1106 5391 (tt)
1127 5319 1223 5374 blond.
1243 5317 1295 5374 libi
1316 5332 1392 5386 xmu,
1405 5329 1465 5390 cap.
1483 5317 1528 5376 ts.

199 5390 255 5456 (6⁰)
275 5388 336 5441 bib.
356 5403 403 5441 xix
418 5388 525 5453 bloral„
538 5403 600 5458 cap.
617 5392 643 5442 8.
1051 5392 1107 5461 tot)
1127 5384 1225 5444 llomil.
1243 5391 1276 5444 t't
1296 5391 1323 5443 iu
1343 5390 1502 5460 Evangelia.

200 5460 255 5525 (61)
274 5458 336 5512 Lib.
352 5458 655 5538 xxiv1lloral.,eap.l.
1051 5464 1096 5532 (85
1126 5460 1227 5517 ilbmil.
1244 5461 1278 5516 au
1293 5462 1320 5515 iu
1334 5460 1456 5534 Kadag,
1492 5472 1531 5519 ost
1547 5464 1679 5521 medium.

201 5529 623 5600 (otlflom.3³1nllvangelia.
1051 5534 1097 5607 (86
1127 5533 1187 5588 tibi
1203 5532 1372 5600 sciderat,
1387 5544 1448 5603 cap.
1463 5477 1490 5591 ἕ
1501 5574 1508 5590 .
