3728 6000
62 256 117 317 tls
458 258 642 319 conanti.
662 260 699 317 ΙΝ
718 258 852 317 cantic.
874 260 923 318 ΒΧ
941 259 1066 320 vanata
1084 262 1113 321 8.
1135 260 1320 322 enaoonu.
1667 274 1719 333 atto

62 382 205 439 desiderio
222 384 311 453 ardet,
328 386 402 441 nulla
412 387 471 457 jam
486 402 546 457 quae
561 385 587 439 in
601 384 703 439 mundo
718 392 781 439 sunt
794 382 905 444 con-A
920 391 1050 448 nostram.
1069 384 1205 440 Dominus
1226 387 1369 456 quosdam,
1387 396 1415 442 ut
1443 388 1479 444 ita
1502 390 1605 458 dicam,
1635 395 1718 452 saltus

64 471 191 543 cupiscit,
206 474 345 544 presentis
358 474 421 532 viter
435 473 636 547 longitudinem
652 485 763 544 poenam
782 488 866 542 repn·
921 471 1006 526 dedit.
1032 472 1126 539 Vultis,
1150 473 1248 529 iratres
1271 475 1434 544 charissimi,
1452 476 1528 549 ipsos
1550 480 1609 547 eius
1634 483 1718 538 saltus

17 546 20 557 '
67 566 112 623 tat,
128 558 208 616 exire
232 560 345 618 festinat
367 571 394 618 et
416 563 517 619 amoris
539 560 668 630 amplexu
697 559 725 614 in
752 560 867 617 caelestis
921 562 1094 630 agnoscere?
1108 561 1307 619 decoelovenit
1321 562 1347 616 in
1363 572 1481 632 uterum,
1497 566 1532 621 de
1555 576 1632 624 utero
1648 569 1719 625 veuit

66 648 163 718 sponsi
181 647 288 705 visione
310 651 493 723 requiescere.
512 650 589 704 hiens
612 647 707 720 itaque
728 663 790 720 quac
810 647 866 717 jam
920 648 949 703 in
962 663 1096 720 praesepc,
1112 649 1146 704 de
1161 665 1284 721 presepe
1301 651 1376 706 venit
1398 651 1427 706 in
1449 669 1567 722 erucem,
1582 656 1617 712 dc
1640 673 1719 713 cruce

67 735 125 790 talis
139 740 185 792 ast
205 737 309 792 nullam
323 737 464 808 pinsentis
479 738 542 795 vitra
563 735 777 793 consolationem
792 735 867 793 reci·
920 737 1039 792 venitin
1061 737 1223 810 sepulcrum,
1240 740 1274 794 de
1301 741 1428 810 sepulcro
1452 742 1524 797 redit
1544 745 1578 799 ad
1604 745 1715 802 coelom.

65 825 111 895 pit,
126 823 180 881 sed
194 825 232 881 ad
257 825 334 881 illum
364 832 445 898 quem
473 824 563 898 diligit
590 823 745 880 medullitus
773 824 867 895 suspi—
920 825 1002 891 Ecce,
1018 833 1047 879 ut
1061 840 1112 881 nos
1126 834 1188 895 post
1204 841 1234 881 se
1257 842 1365 883 currere
1389 829 1499 897 laceret,
1515 832 1645 901 quosdam
1667 850 1718 905 pro

63 921 111 979 rat,
132 912 234 980 servet,
248 915 382 970 comatur.
406 918 471 986 Ipsa
492 914 566 969 salus
588 912 633 969 ani
653 913 788 985 corporis,
805 929 867 985 quar
920 913 1000 968 nobis
1013 914 1099 968 saltus
1114 913 1287 970 manifestata
1302 931 1351 985 per
1364 917 1481 972 Carnem
1505 919 1610 975 Veritas
1632 922 1717 990 dedit,

65 1000 197 1057 transfixa
211 1010 253 1058 est
268 1003 380 1059 vulnere
393 1003 496 1060 amoris
509 1021 517 1066 ι
532 1002 603 1057 mala
624 1008 713 1057 nutem
738 1001 811 1056 salus
825 1008 867 1056 est
921 1001 985 1072 quia
1001 1003 1161 1058 exsultavit
1171 1007 1204 1057 ut
1218 1005 1297 1075 piper
1312 1004 1349 1058 ad
1362 1007 1534 1062 currendam
1543 1010 1716 1079 viothcol.

64 1088 166 1157 cordis,
192 1106 254 1160 que
276 1091 401 1147 dolorem
424 1092 514 1160 hujus,
530 1089 650 1147 vulneris
673 1091 773 1145 nescit.
798 1090 866 1145 Cum
920 1098 1011 1157 avrti),
1026 1097 1056 1144 ιιι
1082 1106 1133 1144 nos
1156 1091 1181 1145 ei
1205 1107 1238 1144 ex
1258 1092 1342 1146 corde
1362 1093 1537 1149 diceremus:
1554 1098 1641 1154 Prode
1661 1114 1717 1166 me,

63 1193 127 1233 vero
141 1179 275 1234 anhelare
287 1179 345 1249 jam
361 1181 388 1234 in
403 1180 514 1236 coeleste
529 1178 698 1234 desiderium
714 1185 741 1233 et
766 1178 866 1235 sentire
918 1183 983 1250 post
997 1183 1183 1235 recurremus
1197 1180 1228 1234 in
1243 1181 1356 1236 odorem
1376 1188 1586 1253 saecuculorum
1603 1190 1718 1244 tuorum

64 1265 163 1322 vulnus
180 1267 281 1323 amoris
294 1269 417 1339 ceperit,
432 1266 462 1322 fit
475 1269 566 1323 anima
589 1266 723 1323 salubrior
745 1282 780 1322 ex
802 1268 867 1322 vul·
920 1266 1013 1336 (Cant.
1031 1276 1066 1327 ιι.
1079 1267 1165 1332 llndc,
1181 1268 1280 1323 tratres
1299 1269 1458 1338 charissimi,
1474 1280 1578 1343 oportet
1601 1285 1631 1329 ιιι
1653 1276 1718 1334 illuc

63 1371 128 1411 nera
143 1372 209 1428 quae
223 1356 300 1427 prins
313 1357 466 1429 egrotabat
480 1373 516 1411 ex
529 1356 616 1411 salute
629 1373 636 1418 ;
653 1362 679 1411 et
692 1355 866 1425 percussione
920 1370 1065 1428 sequamur
1074 1356 1218 1411 ὓοιιιιιιιιιιι
1230 1356 1321 1426 corde,
1332 1357 1377 1412 ubi
1386 1372 1449 1413 eum
1457 1375 1571 1432 corpore
1582 1365 1717 1422 credimus

64 1444 97 1498 ad
110 1443 232 1499 salutem
259 1444 394 1501 reducitur
421 1461 481 1517 quae
509 1446 544 1500 ad
572 1443 744 1500 securitatem
771 1445 868 1514 quietis
919 1444 1086 1500 ascendisse.

64 1531 168 1588 intimse
190 1534 294 1590 amoris
316 1534 358 1589 sui
382 1534 591 1606 perturbatione
625 1541 779 1590 revocatur.
808 1534 866 1589 lloc
955 1533 1064 1588 Similis
1078 1532 1462 1608 estdilectarmeuccopreoe,
1479 1539 1717 1615 tricentoqoecer·

62 1635 154 1677 amore
166 1630 195 1677 et
209 1621 343 1678 desiderio
357 1622 424 1677 arsit
438 1622 561 1694 quisquis
581 1622 618 1677 ad
643 1621 785 1677 raritatem
799 1636 864 1692 per-
919 1637 1026 1677 corum.
1035 1621 1291 1692 Cervorumqnippa
1303 1622 1433 1679 hinnulus
1443 1624 1576 1683 Dominus
1589 1632 1716 1703 appella-

59 1709 167 1783 tingere
182 1710 278 1781 potuit.
294 1710 363 1767 Hinc
377 1726 494 1782 namque
503 1709 649 1765 Davidait:
661 1709 865 1766 Sitivitorrimo
878 1732 906 1796 Β
921 1715 964 1764 tur
979 1724 986 1775 ;
998 1709 1079 1778 juxta
1090 1718 1254 1780 assumptam
1268 1727 1388 1779 carnem,
1402 1714 1573 1787 antiquorum
1589 1719 1659 1775 tilius
1669 1739 1715 1793 pa-

60 1813 123 1854 mee
135 1798 396 1869 addeumsortem,
408 1799 500 1855 ouum
512 1817 521 1854 :
531 1797 860 1871 quondoceniometcp·
917 1807 1002 1854 trum.
1021 1797 1099 1854 Unde
1117 1799 1262 1866 Apostolus
1278 1817 1284 1852 ε
1303 1801 1427 1868 Quorum
1445 1808 1716 1880 putrescentibus

57 1886 241 1957 pareboonte
254 1888 359 1958 [aciem
368 1888 535 1957 belthsul.
547 1888 619 1952 ιιι.)
630 1885 860 1942 Hincnosadmo·
916 1886 1044 1943 Christus
1067 1887 1226 1942 secondum
1246 1903 1372 1953 carnem,
1392 1893 1441 1962 qai
1458 1898 1502 1948 est
1516 1910 1602 1967 cuper
1619 1900 1716 1955 omitte

58 1982 105 2030 net
118 1975 216 2033 dicens
231 1995 238 2030 ι
251 1976 373 2043 Qaoertte
383 1977 557 2046 sdcbmaiua
566 1990 678 2046 semper
688 1974 781 2037 (Paci.
793 1976 860 2045 civ).
915 1976 987 2031 Deus
1002 1974 1165 2029 terremotus
1175 1977 1207 2029 ιἰι
1217 1977 1323 2032 seculo
1338 1977 1426 2047 (Rern.
1440 1981 1481 2048 v).

58 2062 370 2135 llinclsaiaapropheta
377 2064 430 2119 ait:
445 2065 549 2119 Animo
564 2079 628 2119 mec
644 2063 814 2119 άιιίιιοναυίι
832 2067 860 2119 te
951 2064 1036 2118 Vans.
1054 2064 1084 2116 9.
1102 2093 1137 2103 -
1152 2064 1261 2134 Enipse
1271 2068 1330 2120 stol
1339 2071 1402 2136 poet
1417 2070 1556 2138 ,verterem
1572 2078 1712 2144 nostrum,

58 2153 91 2207 ιιι
104 2156 202 2218 nocte,
217 2152 266 2209 aed
278 2156 306 2208 et
323 2153 430 2224 spiritu
443 2168 505 2210 rnen
518 2152 550 2208 in
564 2151 726 2223 precordiis
741 2151 812 2207 mets
826 2149 860 2205 de
913 2152 1067 2223 respiciens
1080 2166 1132 2222 per
1140 2153 1295 2221 fenestras,
1303 2155 1478 2225 prospiciens
1492 2175 1543 2230 per
1561 2165 1711 2221 cancellos.

58 2256 145 2297 mone
160 2240 280 2313 vigilabo
294 2241 331 2296 od
345 2245 372 2296 tc
388 2240 465 2307 (laci.
480 2240 568 2309 xxvi).
583 2240 653 2294 ilinc
675 2255 743 2311 ergo
764 2246 860 2295 sancta
913 2241 970 2309 (75)
985 2239 1151 2309 Redemptor
1165 2247 1268 2309 noster,
1283 2242 1441 2298 incarnatus
1455 2261 1505 2315 pro
1514 2247 1592 2303 nobis
1602 2251 1709 2307 miseri·

57 2328 260 2399 noctemque
268 2328 294 2384 ci
303 2328 388 2384 dicit:
403 2329 557 2385 Vulnerata
567 2329 712 2384 clmritcte
722 2343 772 2399 epo
782 2344 856 2384 cum.
913 2327 1041 2394 corditer,
1061 2333 1125 2382 ante
1147 2327 1280 2383 humanos
1294 2329 1387 2385 oculos
1400 2333 1479 2402 qnasi
1502 2343 1564 2404 post
1576 2340 1709 2407 parietem

57 2417 166 2472 lustum
179 2422 221 2472 est
235 2423 265 2471 nt
278 2432 312 2472 ex
326 2416 429 2473 visione
443 2416 542 2471 medici
563 2416 700 2487 pertingat
724 2415 759 2471 ad
781 2415 858 2471 saln-
912 2417 995 2480 stetit,
1012 2414 1076 2486 quia
1089 2422 1117 2471 et
1130 2431 1180 2487 per
1195 2416 1394 2473 humanitatem
1408 2420 1523 2476 visibilis
1535 2428 1669 2494 apparuit,
1686 2436 1715 2485 et

57 2512 114 2560 tem
127 2504 186 2576 qui,
201 2521 250 2576 per
270 2512 380 2575 aestum,
395 2505 458 2576 ejus
479 2503 619 2572 desiderii,
634 2505 731 2561 vulnus
755 2506 858 2560 amoris
912 2520 978 2561 sese
1000 2503 1167 2560 invisibilem
1190 2503 1379 2562 indivinitate
1400 2510 1529 2566 servavit.
1550 2512 1620 2569 ilinc
1641 2516 1714 2573 enim

55 2600 150 2664 portat
161 2593 190 2647 in
204 2600 330 2663 pectore.
911 2592 1009 2659 ludaei,
1025 2591 1072 2664 qui
1086 2592 1160 2649 hunc
1174 2609 1209 2647 ex
1229 2594 1423 2665 prophetarum
1446 2601 1631 2658 sustinuerant
1642 2620 1711 2674 pro-

93 2681 181 2737 l'aas.
197 2683 224 2736 6.
240 2712 275 2722 -
288 2683 369 2739 lenc
379 2683 440 2753 ejus
450 2683 685 2754 cubccpitemeo,
697 2686 726 2736 et
736 2682 857 2737 dextera
912 2681 1051 2746 missione,
1068 2679 1190 2751 perlidiae
1204 2696 1259 2736 suaa
1274 2682 1374 2737 turbati
1387 2693 1452 2741 suut
1460 2687 1634 2755 confusione,
1646 2693 1711 2764 quia

55 2769 422 2843 illimomplexabiturme.
433 2773 489 2842 (ts)
499 2771 545 2827 Sic
554 2770 631 2826 vobis
639 2786 701 2840 quae
710 2775 859 2841 suppetunt
912 2785 974 2825 aum
990 2784 1071 2840 quem
1087 2769 1121 2824 ad
1136 2769 1306 2838 ereptionem
1320 2786 1397 2825 suam
1420 2773 1515 2830 venire
1537 2778 1710 2837 crediderant

53 2857 189 2923 exterivu,
213 2858 336 2915 serviant
358 2864 529 2932 quatenusa
550 2874 678 2930 aupernae
704 2857 858 2914 dilectionis
912 2857 1054 2913 mortalem
1063 2856 1203 2913 videbant.
1216 2857 1515 2933 hliraculaitaqueejus
1525 2865 1647 2923 videntes
1657 2877 1712 2926 tra·

54 2945 147 3002 sudio
159 2946 281 3002 animum
295 2962 350 3003 non
363 2947 510 3016 inflectant,
528 2963 562 3003 ne
586 2946 686 3003 luctum
711 2947 789 3002 nobis
811 2946 856 3001 in·
911 2947 1045 3002 hehantur
1059 2953 1088 3000 ut
1101 2945 1260 3008 crederent3
1277 2946 1327 3002 sed
1343 2963 1455 3005 rursum
1476 2953 1617 3022 passiones
1637 2956 1712 3015 illius

55 3042 142 3091 ternae
154 3036 382 3108 peregrinationis
395 3044 547 3108 temperent
560 3052 593 3091 ea
607 3052 668 3107 que
687 3034 715 3089 in
729 3035 856 3091 exsilium
872 3079 897 3143 C
912 3035 1108 3107 perpendentes
1122 3034 1339 3107 dedignabantur
1353 3037 1710 3116 Dominumcrederequam

54 3122 157 3194 positis
168 3123 318 3180 subsidium
332 3125 453 3194 prebent
469 3141 475 3177 :
492 3132 519 3179 et
539 3123 617 3197 quasi
639 3124 733 3181 felices
756 3139 807 3180 nos
829 3129 859 3179 ιιι
911 3139 994 3180 carne
1018 3123 1147 3180 videbant
1167 3126 1310 3180 mortalem
1328 3140 1334 3179 :
1350 3125 1421 3181 unda
1443 3126 1544 3184 lactum
1565 3141 1655 3190 estut
1675 3137 1711 3194 de

56 3210 225 3268 transitoriis
238 3212 420 3285 gaudeamus,
436 3212 499 3282 quia
512 3212 546 3267 ab
560 3211 676 3268 internis
690 3228 739 3268 noa
749 3211 858 3268 interim
911 3214 970 3281 eius
983 3212 1142 3284 cognitione
1155 3211 1320 3267 dubitarent.
1341 3213 1475 3271 Videbunt
1489 3219 1562 3273 enim
1585 3223 1709 3278 murian-

54 3301 176 3357 miaercs
189 3302 338 3356 cernimus.
355 3300 425 3355 ilinc
436 3307 479 3356 est
492 3300 567 3371 quod
581 3302 727 3357 electorum
738 3316 805 3358 voce
814 3301 858 3357 bic
876 3340 885 3355 .
911 3309 976 3369 tem,
992 3301 1139 3366 sitientem,
1155 3300 1356 3366 comedentem,
1379 3301 1528 3374 bibentem,
1552 3307 1708 3367 lascesser-

56 3388 125 3445 dicit
139 3387 284 3445 Ecclesia:
297 3390 375 3444 levo
395 3391 456 3460 ejus
474 3389 524 3444 sub
543 3391 638 3461 capite
654 3389 857 3456 mendectere
910 3398 979 3455 tem,
1003 3388 1203 3450 dormientem
1227 3396 1256 3442 at
1274 3404 1373 3459 purum
1394 3390 1467 3447 hunc
1487 3395 1624 3452 hominem
1649 3416 1708 3457 esse

55 3478 139 3534 ιιιιιιι
148 3478 363 3549 amplexabitur
373 3494 427 3533 me.
437 3476 509 3546 Quid
524 3477 856 3548 namquepersiniatram,
910 3476 1119 3532 existimabant.
1140 3476 1273 3531 Videbunt
1288 3485 1407 3533 mortuos
1419 3481 1603 3552 suscitantem,
1618 3487 1709 3560 lepro-

54 3566 120 3633 nisi,
137 3565 194 3621 vita
207 3565 421 3637 presenatquid
431 3581 508 3632 vero,
518 3581 567 3636 per
574 3565 724 3634 dexteram,
736 3565 788 3621 nisi
800 3583 858 3637 per·
910 3582 955 3621 sos
971 3565 1160 3633 mundantem,
1176 3579 1264 3619 cecos
1278 3565 1483 3635 illuminantem,
1501 3570 1635 3630 demonia
1655 3576 1708 3646 eji-

52 3662 136 3726 petua
144 3654 507 3727 vitaaignaturtSinistram
520 3653 580 3720 Dei,
592 3654 801 3726 prosperitatem
812 3654 857 3710 vi·
909 3654 1025 3711 cientem
1044 3670 1049 3706 :
1066 3660 1093 3708 et
1113 3668 1172 3708 esse
1196 3654 1268 3709 huno
1293 3654 1362 3709 ultra
1382 3657 1519 3712 hominem
1538 3662 1702 3722 sentiebant.

53 3741 157 3799 delicet
163 3742 305 3814 praesentis
318 3742 380 3797 vitae
395 3742 475 3812 quasi
492 3742 545 3798 sub
556 3742 642 3813 capita
660 3743 763 3814 posuit,
774 3759 855 3812 quam
909 3743 969 3812 lpsa
983 3742 1041 3810 ejus
1055 3740 1189 3795 miracula
1209 3740 1238 3793 in
1252 3756 1351 3796 eorum
1367 3744 1449 3799 corde
1467 3747 1585 3818 cogitata
1608 3751 1708 3808 huma-

53 3829 213 3887 intensionc
227 3830 328 3887 summi
341 3832 445 3886 amoris
460 3830 569 3901 premit.
586 3830 706 3887 dextera
724 3845 789 3888 vero
806 3831 856 3887 Dei
909 3833 977 3884 nitas
992 3830 1169 3901 perturbabat
1186 3829 1279 3885 :unda
1293 3838 1388 3886 anneta
1402 3832 1526 3890 Ecclesia
1549 3839 1600 3893 sub
1615 3843 1708 3912 sponsi

52 3932 117 3975 um
131 3918 314 3989 amplectitur,
328 3918 391 3990 quia
405 3919 456 3974 sub
470 3925 580 3976 aeternae
599 3919 659 3989 ejus
687 3919 855 3976 beatitudine
908 3933 976 3975 voce
1003 3926 1096 3989 aperte
1122 3918 1243 3989 speciem
1271 3918 1331 3988 ejus
1367 3920 1461 3977 nidere
1496 3923 1654 3984 desiderans
1679 3931 1707 3986 iu

53 4014 113 4063 tota
127 4006 275 4063 devotione
289 4007 452 4063 continetur.
468 4007 537 4062 llinc
557 4023 606 4079 per
627 4007 800 4064 Salomonem
815 4008 855 4064 di·
908 4006 1057 4074 divinitate,
1073 4022 1126 4063 uec
1138 4015 1227 4063 tamen
1245 4007 1349 4078 valens,
1363 4009 1425 4080 quia
1449 4013 1608 4070 aeternitatis
1633 4017 1706 4075 illius

53 4096 147 4153 citur:
159 4095 855 4168 lonpttcdodierumindeetcrncjua,inrinirtrc
907 4094 1023 4151 formam
1038 4111 1121 4167 quam
1143 4094 1239 4150 intueri
1260 4096 1462 4166 concupiverat,
1479 4101 1513 4155 ab
1534 4103 1594 4173 ojus
1618 4107 1707 4165 oculis

52 4200 118 4241 nero
132 4184 215 4241 iltius
230 4183 473 4254 divitioeetploric
482 4184 639 4255 terentii.)
649 4184 854 4255 Divitiaeitaque
906 4191 1049 4254 assumpta
1061 4183 1219 4238 humanitas
1234 4183 1434 4240 abscondebat.
1452 4188 1570 4246 lloerens
1595 4194 1638 4250 hic
1662 4196 1707 4252 di-

54 4282 82 4328 ct
94 4271 187 4345 gloria
201 4271 319 4342 qualiter
332 4271 387 4327 sint
400 4272 528 4327 habenda
542 4272 643 4339 docuit,
655 4288 716 4344 quie
726 4274 816 4342 posita
826 4273 853 4327 in
906 4272 957 4328 cit:
970 4272 1012 4328 En
1022 4273 1080 4344 ipse
1089 4276 1146 4327 etot
1156 4276 1218 4344 post
1227 4273 1367 4343 parictem
1381 4280 1522 4333 nostrum.
1534 4284 1570 4335 hc
1581 4283 1602 4336 si
1612 4293 1706 4354 aperte

52 4360 169 4415 sinistra
181 4359 351 4416 memoravit.
367 4358 436 4415 ilinc
451 4360 591 4415 Psalmista
607 4359 646 4415 ait
660 4379 666 4414 ι
682 4361 798 4418 Sulcum
808 4377 853 4417 me
905 4360 978 4417 dicat
993 4378 999 4414 :
1014 4361 1074 4433 ligo
1089 4362 1160 4417 huno
1176 4361 1206 4414 in
1221 4360 1376 4417 divinitatis
1390 4379 1447 4418 suae
1467 4365 1526 4434 jam
1548 4371 1639 4440 specie
1660 4373 1704 4428 vi.

52 4450 99 4517 [ac
113 4449 299 4505 dexteramei
311 4447 402 4517 (Prot.
414 4448 481 4519 aar).
491 4449 587 4521 Neque
602 4447 674 4504 euim
698 4448 737 4504 ait
760 4463 852 4520 manu,
869 4431 977 4503 Ddcre
998 4447 1134 4515 desidero,
1150 4447 1198 4503 sed
1221 4447 1308 4503 adhuc
1332 4465 1349 4504 a
1371 4449 1474 4508 visione
1493 4454 1564 4512 illius
1587 4475 1635 4529 per
1655 4478 1705 4517 ns-

51 4537 97 4593 sed
124 4536 253 4604 dextera,
277 4544 306 4591 ut
326 4536 461 4605 videlicet,
487 4552 548 4593 cum
571 4537 711 4593 dexteram
736 4538 852 4606 diceret,
907 4544 1023 4606 sumpte
1037 4537 1126 4594 carnis
1141 4536 1271 4608 parietem
1286 4538 1426 4595 excludor.
1442 4540 1494 4610 Qui
1509 4545 1581 4599 enim
1605 4548 1705 4606 huma.

52 4625 123 4697 qood
137 4632 271 4681 eternam
286 4624 401 4680 adulam
416 4624 702 4698 quereretindicaret.
716 4625 853 4682 llincrur-
907 4624 949 4680 nis
962 4624 1049 4682 oculis
1062 4626 1116 4684 hoo
1136 4624 1210 4699 quod
1239 4624 1273 4679 de
1302 4626 1412 4680 mortali
1440 4638 1534 4687 natura
1561 4639 1707 4710 assumpsit

52 4730 109 4770 anm
134 4712 267 4785 wriptum
288 4720 352 4769 est:
375 4715 500 4769 dextere
520 4729 624 4770 monte
643 4718 703 4781 tuo,
723 4715 851 4783 Domine,
907 4713 1033 4783 ostendit,
1062 4722 1089 4770 et
1117 4715 1145 4767 in
1182 4711 1273 4783 scipso
1310 4714 1458 4772 invisibilis
1491 4726 1647 4796 permansit,
1676 4728 1704 4783 in

53 4812 193 4882 confregit
202 4812 334 4868 inimicos
349 4810 449 4880 (deod.
464 4812 520 4883 ιιι).
533 4811 631 4868 lloatea
647 4810 720 4867 enim
729 4811 790 4881 Dei,
802 4813 853 4868 elai
906 4818 1002 4881 aperto
1014 4825 1044 4865 aa
1059 4811 1151 4866 videre
1175 4816 1365 4885 querentibus
1389 4821 1466 4890 qnasi
1485 4833 1546 4893 post
1570 4827 1703 4896 parietem

52 4910 205 4965 ministra
217 4908 374 4981 proliciunt,
389 4907 504 4965 dextera
522 4908 692 4981 tranguntur,
708 4910 771 4982 quia
793 4909 852 4983 ple·
906 4907 989 4975 stetit,
1019 4906 1082 4976 quia
1109 4907 1256 4966 videndum
1295 4930 1325 4969 se
1361 4916 1530 4974 manifestata
1563 4924 1704 4992 maiestate

52 5022 168 5079 ,umque
191 5021 295 5077 pravos
316 5005 372 5064 vita
394 5020 514 5077 prensens
537 5005 634 5072 elevat,
650 5007 700 5063 sed
720 5008 852 5065 adventus
905 5018 960 5059 non
974 5002 1101 5075 praebuit.
1116 5002 1202 5073 Quasi
1224 5007 1298 5063 enim
1319 5020 1381 5082 post
1401 5012 1534 5084 parietem
1558 5019 1640 5089 stetit,
1657 5022 1703 5094 qui

51 5112 163 5161 mamea
176 5102 485 5160 beatitudinisdamnat.
904 5099 1078 5156 humanitatis
1101 5111 1226 5159 naturam
1252 5120 1333 5178 quam
1355 5111 1504 5181 assumpsit
1528 5114 1657 5184 ostendit,
1677 5126 1703 5173 et

86 5202 175 5257 pm·
186 5206 213 5255 g,
224 5232 260 5242 ,,
269 5202 426 5258 gmmcp
437 5203 852 5273 ,argmrnmontepmgrame
905 5199 1051 5256 divinitatis
1064 5208 1188 5256 naturam
1210 5204 1334 5259 humanis
1348 5205 1434 5262 oculis
1454 5209 1610 5268 occultavit.
1627 5214 1703 5271 Unda

54 5301 125 5357 liem
139 5300 237 5357 colles.
253 5300 311 5371 (ιι)
325 5300 468 5358 veniendo
483 5301 583 5374 quippe
591 5302 626 5358 ad
635 5302 850 5375 redemptionem
906 5296 1078 5353 etsubditur:
1090 5299 1460 5375 Respicierupcrscnestrus,
1467 5312 1644 5381 prospiciens
1652 5328 1702 5384 per

8 5432 10 5457 Ι
88 5482 148 5549 (ιι)
163 5477 312 5559 Pastoralis
325 5486 399 5561 parta
411 5495 451 5548 ιιι,
464 5476 652 5539 admonitione
666 5486 714 5541 at.
942 5477 1000 5546 (⁷5)
1015 5478 1115 5535 Homil·
1129 5482 1162 5534 ¹3
1178 5479 1206 5534 11¹
1222 5478 1330 5552 &cehe
1346 5481 1398 5537 sub
1410 5480 1504 5540 finem·

89 5552 148 5623 ιιι)
161 5548 265 5607 Ηοιιιιι.
280 5554 314 5608 29
327 5566 356 5607 ιιι
370 5550 489 5625 Evang,
505 5552 557 5611 sub
570 5552 663 5612 finem
