3728 6000
109 204 142 263 58
476 201 522 258 DE
542 197 839 258 restauratione
858 195 1011 254 nabutte
1030 196 1058 252 S.
1081 196 1226 253 hhhTtNt
1244 194 1398 253 tonnae.
1730 196 1765 254 56

109 328 222 386 credere
237 326 320 383 vellet
334 333 364 382 ut
390 340 453 382 cam
476 341 532 383 non
563 325 699 383 duceretis
727 323 909 390 consulerem,
925 320 1042 387 Avenit
1054 329 1167 394 proptor
1183 322 1323 381 audaciam
1332 325 1493 385 eorumdem
1507 328 1665 387 videndam.
1683 327 1762 400 Qua·

111 416 251 489 quoniam,
274 415 520 488 quomodocunque
534 415 690 487 contigerit,
711 422 801 469 mmen
823 411 913 468 velum

112 522 199 578 super
213 513 295 575 eaput
309 520 387 559 suum
402 504 527 574 portavit,
551 511 578 558 et
602 503 770 559 sufficienter
786 501 821 557 de
840 499 913 555 silia-

112 596 163 650 bns
178 610 278 666 regum
289 602 336 648 aut
355 593 484 648 comitum
504 593 584 647 vobis
605 592 727 647 invenire
751 589 910 662 possetis.»

113 684 189 755 ltege
206 698 275 738 vero
293 681 320 736 in
336 697 370 738 eo
393 682 464 752 quod
493 689 614 753 coeperat
630 688 831 752 perseverante,
844 679 913 733 sub·

110 772 202 844 junxit
217 771 262 826 illc
280 771 322 825 vir
346 771 553 825 sanctissimus:
582 771 635 825 Vos
654 769 775 842 quidem,
804 767 913 823 dontina

113 878 174 928 rex,
198 860 315 916 consilio
336 876 396 915 meo
417 859 600 930 praetermisso
623 859 729 915 iacietis
748 857 820 930 quod
836 855 912 912 vobis

113 950 256 1023 placuerit,
273 949 321 1004 sed
336 949 382 1019 qui
396 949 497 1004 diutius
513 948 620 1013 vixerit,
637 955 703 1018 puto
723 947 796 1018 quod
811 946 916 1001 videbit

114 1055 168 1094 non
183 1039 231 1093 diu
246 1037 373 1111 tngtnm
393 1039 551 1109 gavisuram
581 1037 614 1092 de
642 1036 718 1108 prole
738 1053 800 1109 quse
824 1035 858 1090 de
882 1050 914 1091 ea

111 1136 176 1185 nata
192 1127 284 1183 luerit.
301 1129 367 1184 llaec
383 1142 436 1200 ego
447 1125 608 1182 adolescens
622 1141 684 1181 eum
699 1125 799 1181 dixisse
812 1123 913 1192 audivi,

111 1232 186 1273 nunc
198 1232 266 1272 voro
282 1231 382 1289 magna
395 1225 471 1286 parte
483 1215 564 1271 video
577 1215 634 1285 jam
650 1214 815 1286 contigisse.

149 1309 194 1360 lb.
212 1306 274 1362 Rex
288 1305 378 1376 itaque
392 1304 428 1360 de
448 1320 480 1361 ιι
505 1304 574 1360 duos
595 1301 667 1359 filios
683 1307 712 1358 ct
727 1318 808 1357 unam
829 1301 912 1357 filiam

111 1395 218 1469 gennit,
235 1393 361 1466 equibus
371 1391 763 1463 hliijamadoloscentes,dum
773 1391 911 1447 deNorth·

111 1483 225 1539 mannia
237 1483 265 1537 in
280 1482 405 1554 hugliam
422 1482 551 1549 redirent,
566 1481 652 1537 tracta
667 1495 736 1536 navo
746 1497 809 1536 cum
825 1478 916 1535 multis

113 1572 175 1629 aliis
187 1572 219 1626 in
234 1571 303 1626 mari
324 1571 471 1643 perierunt,
491 1570 576 1626 tlliam
591 1586 739 1639 vero,cum
751 1568 842 1625 multis
852 1568 915 1638 opi·

967 411 1031 466 dam
1045 427 1113 482 ergo
1128 411 1173 468 dic
1187 428 1249 468 cum
1264 414 1369 484 exiens,
1384 424 1411 472 et
1421 416 1579 487 juveniliter
1593 418 1628 476 de
1655 419 1762 475 tortitu-
1813 450 1822 465 ·

967 499 1094 556 dinesua
1108 501 1245 556 exsultans
1261 505 1368 575 rogavit
1383 522 1465 561 unum
1490 524 1522 562 ex
1543 508 1669 579 opposita
1692 509 1762 575 acie,

968 589 1077 645 nomiue
1097 591 1294 663 cosceguinum
1322 593 1355 650 de
1386 597 1492 663 Forest,
1520 605 1549 652 ut
1573 598 1646 652 solus
1667 602 1764 654 contra

967 695 997 734 se
1024 680 1112 735 solum
1145 680 1277 736 veniret:
1304 682 1453 754 Respondit
1480 685 1526 740 ille
1555 701 1585 741 se
1617 702 1672 742 non
1694 702 1763 742 ven-

968 776 1066 832 turum,
1096 770 1224 840 quoniam
1246 770 1372 826 dominus
1401 790 1467 828 suus
1498 782 1565 839 erat,
1587 784 1613 831 et
1641 792 1675 831 ne
1703 776 1764 832 lor·

967 859 1034 912 tuito
1050 874 1112 912 casu
1127 874 1188 912 eum
1203 858 1312 914 laederet
1324 862 1436 918 timebat
1447 882 1453 929 ;
1464 878 1557 918 comes
1571 880 1646 931 vero,
1667 866 1764 920 iterum

968 955 1050 1018 atque
1064 947 1161 1002 iterum
1173 963 1236 1002 eum
1251 949 1277 1002 in
1293 965 1322 1004 se
1345 966 1498 1020 provocans
1524 953 1637 1025 jamque
1656 970 1719 1010 enm
1735 955 1767 1010 ti·

968 1035 1073 1090 midum
1089 1043 1115 1092 et
1130 1036 1258 1108 ignavum
1273 1037 1426 1108 appellans,
1443 1047 1577 1097 utcontra
1601 1058 1631 1097 se
1659 1043 1766 1099 veniret

968 1125 1052 1181 nimio
1076 1125 1156 1181 taedio
1173 1129 1293 1184 extorsit.
1317 1132 1438 1189 Tandem
1467 1133 1556 1199 miles,
1588 1133 1685 1190 erebra
1708 1134 1767 1203 ejus

968 1222 1154 1280 admonitione
1169 1233 1342 1303 provocatus,
1364 1229 1486 1285 lanceam
1520 1231 1628 1299 levavit,
1644 1235 1672 1285 ιι
1695 1245 1766 1301 equo

968 1315 1144 1369 vehementer
1153 1312 1308 1371 solennibus
1322 1317 1440 1387 impulso
1451 1318 1581 1375 adversus
1593 1335 1655 1375 eum
1666 1334 1766 1376 circur-

969 1401 1015 1468 ιιι,
1033 1400 1182 1473 volensque
1201 1419 1263 1457 eum
1278 1404 1387 1460 militari
1404 1407 1466 1462 ludo
1488 1408 1522 1462 de
1538 1423 1609 1479 equo
1624 1422 1675 1463 suo
1697 1406 1767 1476 deji-

969 1504 1042 1556 cere,
1058 1489 1181 1547 lanceam
1190 1491 1215 1546 oi
1230 1491 1257 1546 in
1271 1493 1354 1550 corde
1369 1494 1435 1564 linit,
1451 1496 1509 1551 sine
1529 1511 1607 1552 mora
1628 1497 1766 1564 exstinxit,

969 1586 1106 1651 totamque
1126 1580 1267 1653 regionem
1284 1581 1368 1638 nimio
1383 1582 1456 1640 luctu
1484 1585 1653 1655 complevit:
1680 1584 1769 1640 maxi-

113 1656 167 1712 ΜΞ
180 1656 265 1712 ἓῑῧῑῦ
284 1665 359 1728 lille
376 1655 571 1724 ¹f⁸¹¹⁵¹¹¹l⁵⁸⁰ffli
583 1655 716 1710 llessllssffl
732 1655 914 1710 ll⁰fflfl⁰0f⁰¹¹¹
931 1684 959 1749 Β
974 1686 1025 1725 mae
1040 1669 1113 1725 enim
1128 1669 1211 1726 lamia
1227 1678 1253 1725 et
1267 1671 1359 1743 inclyti
1373 1672 1492 1728 nominis
1514 1672 1560 1729 ille
1587 1689 1681 1730 comm
1706 1681 1771 1730 tuno

113 1745 433 1818 lfflP⁰¹⁸10l⁶0¹¹ll¹ileffi
451 1745 536 1813 llum·
552 1744 713 1816 nuptiasque
737 1743 829 1799 Le⁰dll
856 1759 918 1799 ⁰⁰¹⁰
973 1758 1102 1830 temporis
1116 1765 1183 1824 erat,
1199 1767 1227 1815 ιι
1248 1760 1283 1814 ita
1303 1776 1400 1817 omnes
1422 1771 1544 1834 raptores
1564 1771 1590 1819 et
1604 1762 1722 1819 latrones
1736 1762 1771 1820 de

114 1849 221 1909 magua
234 1833 323 1906 gloria
336 1833 504 1902 celebravit;
518 1834 579 1900 sed,
596 1849 650 1889 uno
665 1831 720 1888 lilio
735 1848 767 1887 en
779 1832 920 1905 eageuito,

119 1923 207 1980 celeri
223 1931 311 1978 morte
331 1930 485 1994 preventus
504 1938 564 1979 eam
584 1921 694 1979 viduam
720 1920 837 1992 reliquit.
854 1920 921 1990 Quae

119 2011 235 2069 viduata
265 2028 358 2067 rursus
379 2011 472 2066 consiti
499 2010 689 2082 andegavensi
718 2011 819 2082 nupsit,
848 2024 920 2077 cum,

119 2100 211 2157 subito
222 2108 297 2172 patre
311 2101 373 2171 ejus
384 2101 411 2155 iu
428 2102 495 2156 urhe
511 2099 706 2172 Rotomagensi
722 2098 859 2166 defuneto,
869 2100 923 2154 hn-

117 2189 230 2264 glorum
245 2203 374 2258 proceres
388 2190 558 2259 Stephanum
573 2189 700 2245 comitem
722 2188 920 2253 boloniensem,

119 2277 231 2336 comitis
245 2277 396 2333 Theobaldi
414 2276 618 2346 campaniensis
642 2293 813 2349 germanum,
839 2290 923 2346 super

118 2383 149 2424 se
164 2383 261 2439 regam
276 2367 452 2423 constituunt.
472 2367 550 2423 Unde
566 2366 700 2422 liebertus
715 2365 825 2422 henrici
849 2363 923 2437 regis

119 2471 155 2512 ex
171 2455 328 2513 concubina
344 2455 425 2521 iliius,
440 2455 558 2527 graviter
571 2454 737 2528 indignatus,
749 2461 843 2511 contra
858 2469 924 2509 cum

117 2546 212 2618 palam
229 2544 385 2611 rebellavit,
401 2560 518 2615 eumque
536 2544 564 2599 in
578 2544 674 2616 prelio
688 2550 795 2615 captum
807 2543 833 2597 in
850 2557 920 2614 quo·

119 2634 185 2691 dam
201 2633 324 2702 castello,
337 2633 409 2704 quod
424 2633 473 2688 sibi
490 2640 567 2706 pater
580 2649 647 2688 suus
666 2633 787 2700 dederat,
804 2633 923 2689 vinctum

121 2724 244 2790 reclusit,
262 2729 289 2779 ot
302 2723 390 2778 sorori
400 2739 457 2778 ιιι
471 2731 499 2777 ut
510 2738 572 2778 cum
583 2721 637 2778 lilio
651 2738 700 2777 suo
714 2721 792 2778 citius
820 2722 847 2776 in
867 2725 923 2777 hn-

119 2812 206 2886 gliam
223 2811 349 2867 transiret
364 2817 391 2867 et
404 2826 519 2884 regnum
531 2820 671 2882 paternum
686 2810 838 2880 susciperet
851 2827 925 2866 man·

119 2902 207 2959 davit.
222 2900 283 2967 iila,
298 2908 398 2971 putans
412 2917 441 2956 se
462 2909 560 2957 cuncta
582 2915 717 2971 prospera
740 2909 923 2971 reperturam,

119 2989 252 3048 celeriter
276 2988 460 3061 pertransivit,
474 2989 525 3045 sed
549 3006 627 3044 secus
664 3005 745 3061 quam
770 2989 926 3046 crediderat

118 3078 247 3141 intends
263 3092 327 3133 narn
337 3078 438 3148 conjux
452 3077 580 3149 Stephani
603 3077 733 3149 principis
755 3077 806 3133 sibi
821 3077 925 3147 junctis

119 3167 230 3224 toroni
244 3165 269 3223 ei
285 3166 393 3222 restitit.
409 3169 473 3237 lpse
487 3183 596 3240 quoque
613 3167 766 3236 Stephanus
781 3174 842 3238 post
858 3183 925 3238 pau·

118 3273 171 3316 cos
189 3256 249 3312 dies
268 3255 429 3329 quibusdam
456 3256 627 3328 pactionibus
648 3255 769 3312 lieberto
799 3255 925 3313 reconci-

119 3347 213 3414 liatus,
239 3352 266 3399 et
291 3345 325 3400 de
353 3344 473 3400 vinculis
493 3345 616 3410 eductus,
642 3361 737 3399 rursus
771 3343 925 3417 huglornm

118 3449 241 3508 regnum
255 3433 382 3500 obtinuit,
399 3433 492 3506 sieque
504 3431 558 3488 filia
572 3433 645 3506 rogis
655 3433 762 3488 ilenrici
783 3448 852 3488 vana
873 3449 925 3505 spe

118 3524 249 3580 delusam
263 3523 322 3579 lore
336 3523 482 3596 ingemuit,
498 3530 525 3580 ct
540 3523 687 3579 futurorum
703 3521 811 3593 quidem
828 3521 924 3579 incerti

119 3613 306 3668 sumus.l10c
329 3628 396 3669 vero
419 3629 500 3667 unum
520 3620 614 3684 operte
628 3611 751 3668 videmus
769 3612 922 3668 secundum

119 3701 299 3775 prophetiam
318 3700 422 3758 domini
439 3700 560 3758 dunelmi
576 3700 690 3757 nundin
709 3700 833 3773 gavisam
862 3715 924 3756 esse

118 3789 251 3863 Angliam
281 3790 315 3845 de
337 3790 412 3860 prole
440 3789 513 3845 illius
537 3789 652 3863 reginas,
669 3805 730 3861 quae
755 3795 816 3860 post
833 3789 923 3844 velum

119 3886 259 3953 portatum
275 3878 333 3952 regi
351 3877 470 3935 ilenrico
498 3885 633 3950 nupserat,
649 3877 705 3935 imo
723 3877 827 3933 diutina
848 3876 924 3934 sedi-

124 3966 204 4024 tione
219 3975 356 4023 vastatam
371 3975 398 4022 et
412 3981 571 4039 oppressam
586 3966 622 4023 de
635 3966 755 4039 pristinis
765 3965 868 4021 divitiis
888 3966 924 4021 ad

119 4071 253 4130 magnam
268 4064 457 4129 paupertatem
472 4056 628 4113 devenisse.
644 4057 782 4128 Nonergo
796 4063 923 4112 contem-

118 4146 222 4213 nenda,
238 4146 286 4202 sed
305 4145 397 4217 potius
415 4144 570 4201 veneranda
584 4152 611 4201 et
622 4145 741 4202 timenda
755 4153 818 4200 sunt
840 4145 924 4200 verba

118 4234 289 4306 sapientium
304 4242 331 4291 et
341 4234 474 4291 Ecclesiae
487 4233 669 4305 praelatorum,
686 4234 814 4306 quoniam
830 4240 857 4289 et
871 4251 924 4289 sn-

975 1856 1046 1904 terra
1060 1861 1109 1903 sua
1124 1848 1272 1917 expulerat,
1288 1850 1358 1904 utin
1374 1849 1447 1905 nulla
1462 1852 1574 1922 regione
1588 1851 1675 1921 major
1683 1868 1735 1923 pax
1746 1860 1774 1908 ιι

974 1936 1106 1993 securitas
1140 1936 1304 1992 inveniretur
1322 1954 1403 2008 quam
1418 1939 1446 1994 iu
1460 1956 1523 1995 sua.
1550 1942 1592 1997 Eo
1606 1956 1673 2012 ergo
1700 1947 1775 1999 tanta

975 2026 1093 2091 levitate,
1110 2040 1159 2080 seu
1173 2025 1284 2081 stultitia
1300 2026 1360 2082 aine
1374 2028 1449 2098 prole
1463 2029 1613 2095 interiecto,
1630 2045 1699 2085 uxor
1714 2030 1774 2100 ejus

976 2113 1071 2170 relicta
1085 2114 1167 2170 vidua
1181 2114 1271 2187 nupsit
1283 2131 1368 2186 prope
1384 2117 1528 2172 Saxoniam
1539 2117 1642 2174 Simoni
1649 2117 1710 2175 duci
1720 2120 1775 2174 rtu-

976 2204 1065 2272 xutias,
1082 2203 1239 2276 peperitque
1254 2205 1280 2260 ei
1294 2204 1387 2276 plures
1400 2204 1483 2261 filios.

1014 2294 1060 2347 ta.
1074 2293 1208 2349 llobertus
1222 2294 1314 2364 itaque
1331 2310 1423 2351 comes
1439 2296 1614 2352 Flandreusis
1627 2303 1680 2352 tam
1694 2297 1776 2354 nobi-

975 2382 1038 2439 litor
1050 2381 1199 2437 distributis
1222 2381 1329 2438 filiabus
1350 2384 1418 2452 suis,
1434 2391 1517 2440 totam
1538 2385 1694 2441 Flandriam
1719 2401 1778 2442 mo·

977 2471 1051 2527 riona
1064 2471 1185 2528 lieberto
1207 2470 1263 2528 lilio
1288 2488 1339 2528 suo
1354 2472 1475 2543 reliquit.
1496 2477 1526 2530 ln
1550 2476 1627 2543 ouius
1654 2481 1777 2544 tempore

977 2561 1094 2617 domnus
1115 2559 1175 2616 Odo
1200 2576 1262 2617 cum
1286 2560 1395 2618 clericis
1413 2564 1470 2619 suis
1491 2564 1592 2622 saeculo
1608 2564 1778 2630 renuntians,

977 2649 1065 2706 sancti
1080 2649 1186 2704 hlarlini
1197 2651 1375 2707 Tornacensis
1390 2653 1531 2708 ecelesiam
1540 2654 1662 2719 intravit,
1672 2654 1779 2724 ipsum-

979 2755 1031 2810 que
1045 2739 1173 2794 comitem
1188 2754 1249 2796 cum
1265 2740 1414 2796 clementia
1428 2758 1476 2796 sua
1490 2742 1631 2797 liberalem
1651 2741 1702 2797 sibi
1723 2741 1777 2797 ad-

975 2829 1093 2897 jutorem
1107 2828 1218 2884 invenit.
1239 2827 1307 2897 Qum
1329 2830 1458 2885 nimirum
1482 2831 1630 2887 clementia
1649 2831 1684 2888 de
1709 2832 1779 2887 Bur-

978 2917 1079 2990 gundia
1093 2925 1163 2982 orta,
1180 2916 1231 2970 filia
1248 2916 1440 2973 luitcuillelmi
1456 2920 1677 2992 Burgundionum
1688 2919 1777 2989 ducis,

939 3022 1163 3107 Cgermanaque
1195 3006 1288 3062 domni
1308 3006 1441 3063 cuidonis
1460 3008 1622 3065 Viennensis
1645 3008 1778 3080 archiepi-

979 3095 1064 3165 scopi,
1082 3094 1127 3165 qui
1143 3094 1317 3166 postmodum
1331 3111 1402 3167 papa
1416 3097 1554 3153 Romanus
1569 3096 1778 3163 effectuavoca-

979 3191 1021 3239 tus
1036 3191 1075 3238 ost
1089 3183 1215 3251 calistus,
1231 3185 1373 3256 tenuitque
1388 3185 1778 3259 Remisconcilinmgenerale

979 3280 1102 3344 tempore
1117 3272 1225 3328 lladulfi
1240 3273 1449 3344 archiepiscopi,
1464 3276 1511 3344 qui
1524 3283 1636 3331 vocatus
1650 3283 1691 3331 est
1711 3276 1777 3331 Viri·

979 3362 1035 3429 dia;
1052 3377 1247 3432 successorque
1263 3361 1313 3417 luit
1337 3362 1478 3430 Manassae,
1494 3363 1682 3432 praedecessor
1709 3379 1776 3421 vero

978 3449 1317 3521 Ratnatdthndegavensis
1326 3450 1458 3520 episcopi.
1470 3451 1533 3507 Haec
1546 3467 1616 3506 vero
1627 3451 1776 3508 clementia

977 3551 1038 3591 cum
1052 3535 1086 3590 de
1101 3533 1161 3590 viro
1175 3550 1225 3589 suo
1244 3535 1344 3590 comite
1359 3534 1476 3591 lioberto
1487 3535 1629 3607 genuisset
1643 3535 1777 3593 tresillies

977 3623 1049 3679 iutra
1062 3630 1119 3678 tres
1137 3638 1233 3687 annos,
1248 3622 1346 3678 timeus
1357 3639 1392 3679 na
1404 3623 1426 3678 si
1440 3624 1534 3694 plures
1548 3624 1636 3680 adhuc
1650 3640 1773 3697 genera-

977 3721 1019 3769 ret
1038 3711 1190 3768 iutersede
1205 3709 1335 3767 Flandria
1349 3713 1553 3779 contenderent,
1570 3722 1627 3770 arte
1647 3715 1775 3770 muliebri

976 3799 1078 3871 agitne
1098 3797 1168 3853 ultra
1178 3804 1295 3868 pareret.
1319 3796 1397 3867 Quod
1411 3797 1515 3856 ultione
1530 3799 1622 3855 divina
1635 3800 1674 3857 sic
1687 3800 1776 3856 vindi-

976 3902 1065 3951 catum
1080 3901 1131 3959 est,
1152 3901 1180 3948 ut
1194 3901 1220 3949 et
1230 3892 1278 3948 lilii
1293 3893 1353 3962 ejus
1366 3910 1462 3950 ornnes
1472 3895 1520 3950 diu
1536 3903 1600 3952 ιιιι
1623 3911 1683 3951 eam
1710 3911 1773 3953 mo·

975 3992 1113 4057 narentur,
1128 3990 1154 4039 et
1168 3982 1228 4054 ipsa
1240 3983 1415 4053 postmodum
1430 3983 1459 4038 in
1483 3983 1614 4040 viduitate
1632 4001 1682 4040 sua
1705 3984 1775 4041 alios

976 4074 1091 4131 comites
1106 4088 1230 4138 cernens,
1252 4071 1393 4144 multaque
1419 4073 1489 4127 mala
1508 4074 1543 4128 ab
1567 4073 1607 4129 cis
1626 4074 1773 4144 sustinens,

976 4179 1039 4219 sero
1053 4162 1168 4218 defleret
1182 4176 1313 4218 sesecum
1328 4161 1404 4231 prole
1418 4177 1466 4216 sua
1481 4162 1681 4218 exhaeredatam
1699 4163 1768 4220 tore.

1013 4255 1058 4306 tn.
1076 4252 1142 4306 Post
1155 4250 1222 4306 duos
1232 4265 1299 4306 vcro
1308 4249 1463 4306 semiannos
1471 4252 1661 4307 conversionis
1670 4252 1775 4309 domiui

117 4324 275 4396 Pffllllsslflffl
303 4323 472 4396 Pl⁰l²l¹²ll⁸m
503 4325 692 4395 1¹⁰0¹¹l⁸l1⁸llae
722 4323 759 4380 de
788 4323 919 4378 halduino
979 4336 1086 4394 Odonis
1106 4337 1233 4393 Urbanus
1267 4352 1337 4408 papa
1364 4336 1392 4390 in
1411 4336 1527 4393 concilio
1558 4336 1775 4394 Claremonteusi

118 4412 222 4470 ⁰⁰fflll⁰
238 4412 406 4481 Flssssdlfflsli
422 4413 467 4484 qui
489 4412 717 4483 ⁰⁰ss⁸³¹¹il¹ll¹¹⁰ffl¹¹
737 4428 816 4468 ΒΜ
836 4412 920 4477 duxit,
936 4403 965 4468 Ῑ)
980 4426 1083 4482 monuit
1094 4426 1236 4484 universos
1250 4425 1394 4497 episcopos
1413 4433 1548 4497 quatenus
1563 4425 1617 4481 sibi
1644 4426 1775 4499 subjectis

119 4510 148 4558 et
177 4509 336 4573 sequentem
361 4500 465 4557 domini
480 4502 601 4557 huselmi
620 4500 655 4557 do
676 4516 742 4573 rege
770 4499 923 4573 bogiorum

121 4590 293 4646 verasluissc
308 4589 481 4645 manifestum
508 4597 559 4647 est.
575 4592 653 4646 Nunc
665 4599 754 4646 autem
770 4590 804 4646 ad
815 4605 847 4645 ea
863 4606 924 4660 qum

120 4678 158 4736 de
173 4678 292 4735 lieberto
306 4678 465 4735 Flandrensi
480 4679 580 4737 comite
606 4678 701 4752 ignota
728 4678 773 4734 illa
800 4687 923 4735 matrona

122 4776 222 4849 legatis
236 4775 297 4846 ejus
312 4775 434 4847 praedixit
448 4777 606 4847 redeamus,
618 4786 645 4833 et
659 4791 810 4850 quamvem
823 4775 923 4832 luerint

122 4864 408 4938 paucisexplicemus.

158 4965 202 5018 t't.
216 4963 354 5019 liebertus
368 4963 460 5037 itaque
479 4963 534 5031 ille,
558 4971 587 5020 ut
610 4980 695 5036 supra
716 4963 848 5037 stiriptum
867 4971 918 5032 est,

124 5061 278 5135 privignam
295 5075 373 5115 suam
406 5060 481 5117 dedit
504 5062 564 5136 regi
587 5063 757 5119 Francorum
785 5062 920 5134 Philippo,

124 5174 243 5216 sororem
257 5158 463 5215 Northmanniae
478 5159 569 5217 comiti
593 5159 749 5227 Guillelmo,
771 5176 786 5218 e
814 5158 922 5216 duabus

126 5253 241 5325 filiabus,
256 5270 340 5313 unam
354 5255 413 5330 regi
427 5257 563 5312 Danomm
578 5258 691 5325 canuto,
707 5257 742 5314 de
765 5271 820 5330 qua
842 5264 921 5312 natus

126 5352 306 5421 estcarolus;
323 5352 406 5409 aliam
421 5368 485 5409 vero
499 5354 591 5410 comiti
605 5354 769 5411 Brusellensi
784 5354 915 5411 Henrioo.

126 5450 175 5521 Qui
190 5467 254 5509 cum
264 5450 386 5507 audisset
400 5451 568 5508 Ererardum
583 5452 780 5510 tornacensem
790 5452 921 5508 castella-

126 5564 188 5606 uum
198 5547 400 5608 strenuissimos
415 5548 515 5609 milites
524 5565 618 5609 seeum
637 5551 748 5619 habere,
769 5551 920 5608 Turnacum

977 4515 1084 4587 populis
1098 4530 1148 4585 pro
1163 4514 1323 4570 remissione
1337 4522 1509 4585 peccatorum
1523 4530 1634 4570 suorum
1653 4514 1775 4587 injunge

976 4611 1035 4659 rent
1048 4603 1248 4675 lerosolymam
1262 4603 1314 4670 ire,
1330 4609 1356 4658 et
1370 4602 1526 4675 sepulerum
1539 4603 1710 4659 Dominicum
1721 4619 1775 4659 una

976 4693 1114 4764 cumipse
1132 4692 1240 4748 civitate
1254 4693 1290 4748 de
1305 4706 1475 4764 paganorum
1492 4692 1617 4745 manibus
1637 4689 1769 4747 liberare.

977 4782 1052 4837 Tunc
1067 4796 1133 4836 vero
1147 4796 1271 4836 cerneres
1291 4779 1517 4836 innumerabilem
1533 4778 1661 4851 populum
1675 4779 1710 4836 tle
1723 4779 1776 4837 Oc-

976 4870 1090 4926 cidentis
1103 4870 1235 4941 partibus,
1253 4885 1284 4926 ac
1298 4869 1322 4924 si
1343 4867 1474 4922 divinitus
1488 4875 1656 4938 preceptum
1665 4868 1773 4938 luisset,

975 4958 1094 5033 genitale
1108 4959 1195 5015 solum
1212 4959 1366 5030 relinquere
1377 4965 1405 5015 et
1416 4955 1565 5014 Jerusalem
1577 4957 1700 5015 hodera.
1717 4958 1776 5014 Hac

975 5058 1066 5131 itaque
1080 5056 1226 5115 occasione
1240 5055 1368 5128 praelatus
1381 5069 1473 5111 comes
1488 5054 1623 5111 liebertus
1638 5071 1691 5111 una
1711 5069 1776 5113 cum

976 5156 1124 5215 Godelrido
1138 5156 1237 5213 comite
1251 5153 1416 5222 boloniensi,
1431 5153 1551 5212 lieberto
1563 5153 1662 5211 comite
1676 5153 1778 5210 North·

975 5256 1102 5324 mannia,
1124 5253 1276 5311 ltaimundo
1298 5254 1397 5311 comite
1417 5252 1506 5310 sancti
1528 5251 1637 5325 AEgidii,
1660 5252 1778 5326 Hogona

975 5354 1074 5412 comite
1087 5350 1293 5418 Vertnandonsi,
1308 5349 1440 5406 halduino
1455 5349 1554 5406 comite
1569 5349 1713 5416 tlonmnsi,
1726 5351 1780 5406 hn-

975 5452 1061 5508 selmo
1092 5449 1127 5504 de
1157 5449 1331 5514 llibemonte,
1354 5446 1539 5504 clarenbaldo
1568 5446 1603 5503 de
1632 5446 1779 5514 vendolio,

977 5548 1122 5620 multisque
1151 5546 1211 5604 aliis
1235 5545 1417 5620 principibus,
1438 5544 1535 5603 relicta
1561 5543 1688 5602 Flandn'a
1716 5559 1779 5600 oum
