3704 6000
50 248 111 303 925

442 244 507 301 bill.
528 242 577 301 titt
596 242 848 303 tttsttttcoabtt
868 245 913 301 ET
929 246 1092 303 JUSTlle.
1111 276 1146 288 —
1165 247 1251 304 l'tlllS
1271 248 1304 303 ll.

1650 251 1704 309 aas
1769 226 1777 239 ”

51 370 171 429 concilia
185 370 376 444 episcoporum
400 378 427 428 et
447 371 597 427 amicornm
619 370 777 441 quaerenda,
800 387 850 425 aa·
866 371 894 432 Α
909 370 1030 426 damnari
1044 379 1189 441 antequam
1204 379 1381 429 accusatores
1391 373 1521 431 canonice
1537 376 1706 433 examinatos

51 477 118 517 nnrn
136 469 165 518 et
185 478 234 516 sex
249 477 358 516 menses
371 459 486 517 concedi
509 460 702 515 mandaverunt
718 477 724 524 ;
740 460 852 530 quidum

50 560 144 607 autern
168 566 283 619 annum,
298 550 324 604 iu
347 566 401 621 qno
422 548 530 620 plurimi
551 550 721 605 concordant
737 567 744 613 ;
760 549 853 604 urirrns

52 655 221 713 veroquam
232 654 399 695 sexmensoa
416 654 470 695 non
486 637 586 710 reperi.
603 638 724 694 Induciaa
734 654 853 710 namque

51 745 110 785 non
125 730 179 784 snb
192 738 309 801 angusto
329 736 450 800 ternpore
461 728 645 783 correedemlm
659 734 734 793 snut,
746 728 852 783 sedsub

52 818 141 891 longo
155 819 252 890 spatio,
268 827 297 874 nt
311 818 432 875 accusati
447 834 477 872 se
492 817 609 888 pleniter
636 832 743 871 armore
757 826 854 874 contra

52 908 229 963 insidiatores
239 907 346 963 soleant
362 915 389 963 et
403 921 569 978 praeparare.
583 930 594 955 ι

90 1033 159 1090 Car.
180 1033 335 1102 llll.Quorl
346 1037 436 1089 totam
445 1033 607 1105 synodalem
615 1032 742 1087 ordinem
752 1032 852 1087 bemu-

162 1122 292 1177 saspcpc
302 1103 424 1160 breuiter
440 1104 586 1177 lucideque
596 1104 744 1161 describit.

89 1227 146 1283 Sed
161 1235 188 1283 et
201 1228 336 1282 Damasus
360 1243 432 1299 papa
451 1228 510 1283 baec
531 1226 622 1282 omnia
644 1226 762 1282 brevitor
781 1226 853 1282 luei-

50 1315 144 1389 daune
159 1316 360 1389 perstringens,
379 1332 441 1386 cap.
460 1316 580 1388 l(epist.
604 1318 631 1383 l,
647 1333 672 1372 c.
685 1318 725 1385 9),
741 1316 777 1372 ait
791 1316 853 1373 Ste-

49 1407 147 1477 pbano
182 1404 420 1476 archiepiscopo:
449 1428 459 1453 ι
485 1405 630 1460 Discutere
658 1406 800 1476 episcopos
829 1412 855 1460 et

50 1509 177 1550 summas
204 1494 451 1550 ecelesiasticorum
475 1510 569 1549 sarisas
599 1496 773 1567 negotiorum
793 1510 854 1549 me·

51 1583 227 1653 nepotianats
242 1598 295 1637 una
317 1597 379 1639 cum
404 1583 532 1637 omnibns
552 1583 608 1638 suis
630 1582 854 1655 comprovincia-

51 1672 136 1738 libus,
154 1672 190 1727 ita
202 1680 320 1727 utnemo
330 1671 373 1726 bis
388 1671 468 1740 desit,
483 1680 510 1727 at
530 1688 625 1728 enarres
639 1673 665 1726 iu
681 1672 853 1743 singulorum

52 1760 222 1818 ctioeordent
235 1761 361 1833 negotiis,
377 1759 447 1816 licet.
464 1760 518 1815 Sed
533 1760 651 1815 diffinire
666 1776 761 1816 eorum
773 1770 853 1832 atiyne

53 1850 244 1908 Ecclesiarum
264 1865 387 1904 summos
415 1849 551 1921 querelas,
583 1850 624 1906 rel
638 1851 768 1905 damnare
792 1851 853 1921 epi·

55 1954 169 2009 scopos,
199 1940 303 2008 absque
327 1938 408 2008 liujus
433 1938 563 1994 Ecclesiae
591 1939 665 1993 sodis
692 1938 855 1994 auctoritato

57 2027 256 2092 nriuimelicet,
268 2027 395 2098 quoniam
411 2043 507 2082 omues
523 2028 674 2099 appellare,
697 2027 719 2082 si
741 2044 854 2083 necesso

56 2117 152 2182 luerit,
168 2117 269 2187 atejus
286 2115 375 2171 lulciri
390 2116 491 2172 auxilio
519 2124 640 2188 oportet.
664 2118 744 2183 Nam,
760 2124 790 2171 nt
802 2132 853 2172 no·

57 2207 120 2274 stis,
149 2206 284 2278 synodum
309 2205 367 2260 sine
391 2205 452 2275 ejus
480 2205 640 2261 auctoritato
660 2205 717 2261 lieri
745 2212 855 2261 nonest

57 2295 243 2351 catholicum:
261 2309 311 2350 ucc
326 2293 470 2365 episeopus
498 2295 551 2348 nisi
569 2294 595 2348 in
617 2295 737 2367 legitima
749 2295 854 2367 syuodo

58 2392 86 2440 et
101 2400 151 2439 sno
165 2391 289 2453 tempore
299 2383 449 2454 apostoliea
463 2382 605 2438 vocatione
620 2393 790 2456 congregata
801 2381 855 2437 dil·

62 2473 137 2527 tiaitc
152 2471 275 2527 damnari
287 2475 386 2543 potest,
400 2488 487 2542 noque
516 2472 571 2526 nlla
596 2473 712 2529 concilia
737 2487 857 2543 unquam

58 2569 118 2618 rata
133 2562 271 2632 legantur,
291 2577 351 2632 quae
366 2561 518 2632 apostolica
532 2576 586 2615 non
601 2569 663 2616 sarit
680 2561 748 2616 lnlta
759 2565 855 2617 aucto·

59 2648 240 2720 mauritta,
256 2663 284 2704 c.
303 2648 346 2714 l).
367 2648 479 2704 l'ocatio
492 2657 581 2702 antem
597 2649 654 2717 ejus
672 2649 707 2704 ad
722 2648 856 2720 synodum

60 2738 106 2808 qni
135 2736 275 2809 impetitur
296 2752 347 2806 per
374 2736 490 2807 spatium
511 2737 593 2792 debet
620 2736 677 2792 lteri
705 2751 856 2809 congruum

61 2836 142 2898 atryne
152 2826 311 2883 canonicum
328 2846 336 2891 ;
352 2825 425 2897 quia,
441 2825 493 2880 nisi
506 2825 637 2881 canonice
652 2835 763 2881 vocatus
778 2825 859 2879 luerit

61 2933 112 2972 suo
128 2924 261 2985 tempore,
277 2920 304 2970 ct
319 2915 449 2970 canonica
461 2915 644 2983 ordinatione,
670 2915 732 2969 licet
753 2913 858 2970 reuerit

62 3005 272 3062 adeonrentum
297 3019 457 3076 quacunque
485 3003 658 3069 necessitate,
683 3003 735 3057 nisi
758 3006 857 3073 sponte

907 468 1056 532 praesentes
1070 461 1179 525 lrabeat,
1195 459 1340 531 locumque
1356 462 1521 519 defendendi
1550 464 1661 533 lrabeat,
1677 465 1705 519 id

907 556 950 606 est
977 550 1102 605 inducias
1116 550 1318 605 ecclesiasticas
1346 552 1381 606 ad
1403 552 1538 608 abluenda
1567 560 1705 624 peccata:

907 638 985 706 (ibid.
1014 654 1043 695 c.
1065 642 1092 709 9)
1115 655 1166 695 nco
1193 647 1268 694 astra
1297 640 1436 711 propriam
1463 642 1511 696 liat
1540 643 1707 713 prouinciam

908 728 997 799 prima
1006 727 1182 783 discussionis
1195 728 1340 795 accusatio,
1356 729 1416 786 sine
1439 730 1591 802 apostolica
1609 740 1706 789 aucto-

907 817 996 881 ritate,
1013 816 1056 873 cni
1072 817 1099 871 in
1114 818 1243 872 omnibns
1257 819 1352 873 causis
1368 817 1482 875 debetur
1495 819 1647 890 apostolica
1661 836 1708 875 ra·

908 907 1048 971 versatim
1065 906 1128 976 quia
1143 905 1264 962 criminis
1284 907 1420 963 discussio
1448 907 1487 962 ibi
1518 909 1625 982 agenda
1653 917 1704 981 ast,

907 994 952 1050 ubl
967 995 1069 1050 crimen
1083 994 1232 1049 admissum
1244 1003 1293 1050 est.
1312 1018 1323 1044 a
1341 996 1375 1051 lit
1389 995 1415 1050 in
1430 997 1581 1052 canonibus
1608 999 1706 1069 praeci·

907 1084 991 1156 pitur,
1019 1100 1134 1156 quaque
1160 1084 1269 1155 negotia
1284 1083 1310 1139 iu
1339 1085 1395 1139 suis
1410 1084 1478 1140 locis
1498 1084 1543 1140 nbi
1563 1094 1622 1142 orta
1643 1090 1709 1141 suot

907 1172 1026 1228 liniendo
1042 1189 1114 1237 esse,
1143 1171 1326 1228 salvatamen
1352 1174 1379 1228 in
1404 1174 1533 1230 omnibus
1559 1174 1708 1246 apostolica

908 1262 1081 1317 auctoritato.
1099 1263 1170 1318 Ecee
1185 1262 1318 1317 Damasus
1333 1263 1491 1334 synodalem
1509 1264 1636 1319 ordinem
1652 1265 1709 1321 lero

908 1359 991 1407 totum
1006 1352 1168 1421 disponens,
1186 1351 1213 1405 in
1229 1352 1317 1423 primo
1342 1353 1486 1408 vocatione
1509 1354 1545 1407 acl
1573 1352 1707 1425 synodum

908 1440 955 1495 dat
981 1440 1114 1496 accusatis
1142 1440 1279 1511 episcopis
1306 1456 1353 1495 sex
1384 1441 1708 1498 mensiuminduciasad

908 1530 1010 1597 miuus,
1026 1530 1154 1599 itemque,
1170 1529 1355 1600 postquamad
1368 1529 1502 1599 judicium
1518 1531 1707 1600 renarint,sex

909 1619 1041 1673 meusium
1066 1618 1188 1673 inducias
1202 1617 1237 1672 ad
1253 1616 1344 1672 miuus
1367 1617 1400 1672 ad
1424 1635 1452 1674 sc
1481 1619 1702 1674 defendendum.

869 1707 1049 1794 BSpoliatos
1073 1722 1138 1762 roro
1154 1705 1236 1761 rabns
1269 1705 1421 1761 suisetiam
1450 1723 1511 1762 curu
1532 1707 1706 1764 venerintad

905 1796 1037 1867 judicium
1068 1811 1121 1852 non
1150 1794 1226 1867 prins
1251 1810 1312 1850 asse
1339 1796 1518 1861 accusandos,
1549 1812 1630 1868 quarn
1658 1812 1709 1852 sua

909 1885 1001 1941 omniu
1015 1885 1055 1941 eis
1067 1885 1101 1940 de
1117 1885 1226 1956 integro
1241 1885 1431 1939 restituantur.
1450 1886 1485 1940 Et
1499 1892 1593 1957 postea
1612 1885 1709 1941 iterum

911 1989 974 2031 curra
1003 1973 1138 2030 canonica
1154 1973 1295 2028 rocatioaa
1323 1974 1358 2029 ad
1385 1974 1520 2047 synodum
1546 1975 1664 2046 veninat,
1683 1982 1711 2031 et

912 2071 974 2118 tnnc
989 2063 1105 2135 primurn
1120 2069 1289 2118 accusentur.

912 2181 976 2235 Car.
993 2180 1060 2234 LlV.
1071 2179 1147 2246 Quod
1156 2183 1330 2234 accusatrice
1339 2180 1540 2235 communione
1553 2195 1610 2235 uass
1626 2177 1709 2236 debet

947 2250 1091 2320 satsperrlt.
1103 2251 1408 2375 nrttryunmcoauictus
1426 2252 1543 2313 sit,ratst
1555 2251 1665 2321 judicio
1678 2266 1709 2307 se

948 2322 1082 2378 subtrabit
1091 2325 1111 2376 t.
1120 2323 1171 2392 Spa
1186 2323 1262 2375 lutus
1281 2338 1343 2375 erro
1355 2325 1435 2379 rebrts
1450 2322 1509 2375 suis
1522 2322 1624 2377 torrdiu
1637 2321 1708 2387 ipsis

947 2392 1708 2518 restitugndtuscst,ynorrdtuspoliataserutantequam

947 2480 1046 2537 respon
1068 2479 1123 2519 ee.

948 2577 1026 2648 Quod
1044 2578 1066 2633 si
1086 2576 1222 2648 quomodo
1248 2576 1294 2632 alii
1311 2574 1395 2631 saucti
1409 2575 1528 2646 apertius
1542 2575 1710 2649 distinguant

911 2667 1062 2730 rideamus,
1079 2665 1154 2722 Felix
1166 2666 1188 2721 ll
1206 2681 1287 2737 papa,
1318 2682 1379 2736 cap.
1407 2668 1435 2719 ll
1454 2666 1546 2736 (epist.
1573 2668 1598 2732 l,
1614 2682 1639 2721 c.
1656 2664 1683 2734 6)
1701 2681 1708 2719 :

913 2780 924 2803 ι
945 2756 973 2812 Si
990 2755 1050 2827 quis
1063 2754 1209 2825 episeopus
1236 2754 1358 2825 legitime
1377 2761 1527 2817 accusatus,
1545 2760 1573 2809 et
1592 2753 1628 2808 ad
1642 2768 1711 2809 con·

912 2844 1003 2901 cilium
1018 2843 1151 2899 canonice
1166 2851 1330 2898 convocatus
1350 2842 1440 2909 luerit,
1466 2842 1568 2913 absquo
1584 2842 1640 2897 nlla
1655 2849 1713 2897 tra·

913 2933 1052 3005 pidatiouo
1068 2932 1105 2986 irc
1120 2932 1232 2987 debebit
1247 2951 1254 3000 ;
1272 2938 1298 2987 et
1313 2930 1335 2985 si
1356 2931 1396 2986 irc
1419 2947 1475 2986 uon
1490 2930 1599 3000 poterit,
1617 2945 1666 3003 pro
1681 2947 1711 2986 sa

912 3022 1033 3094 legatum
1053 3021 1089 3075 ad
1106 3020 1240 3093 synodum
1258 3020 1354 3075 mittat.
1379 3022 1525 3074 Accusatus
1552 3027 1713 3075 autemnon

62 3095 186 3160 voluerit,
203 3093 356 3149 nullatenus
371 3093 428 3148 suls
444 3092 620 3164 respondebit
639 3091 856 3147 insidiatoribus.
873 3091 1116 3182 (iprohjbeaym
1131 3108 1334 3173 communione,
1351 3107 1402 3162 njsj
1433 3107 1467 3162 „d
1488 3108 1637 3163 electorum
1663 3107 1710 3175 ju.

63 3183 183 3253 Dejectis
196 3190 286 3238 autom
302 3190 383 3253 atryuc
398 3182 478 3236 asuis
501 3183 583 3236 rebus
607 3181 774 3252 exspoliatis,
791 3180 859 3234 nibil

62 3273 141 3328 robis
164 3273 255 3327 rudus
283 3272 440 3343 significare
464 3286 544 3341 qtreo.
574 3285 656 3341 quarn
680 3270 752 3340 qnod
775 3269 858 3325 sancti

64 3363 158 3417 l’atras
173 3360 372 3416 destrriucrunt.
393 3363 433 3414 ltu
447 3360 518 3414 enirn
535 3376 568 3413 ex
584 3375 614 3414 se
630 3359 730 3413 liabent
747 3376 753 3412 :
769 3382 780 3405 a
795 3357 859 3429 Epi-

62 3466 162 3522 scopos
187 3451 299 3521 ejectos,
324 3458 405 3519 atquo
421 3448 601 3503 arebnssuis
628 3447 800 3519 exspoliatos,
830 3448 858 3500 in

63 3540 199 3596 Ettolesias
214 3538 339 3609 proprias
354 3538 442 3608 primo
457 3537 553 3606 recipi,
569 3544 596 3591 et
607 3552 656 3591 sua
670 3535 762 3591 onmia
782 3536 860 3607 lega--

64 3630 126 3684 liter
135 3628 221 3693 reddi,
238 3628 322 3682 sanoti
338 3643 459 3683 canones
476 3626 663 3681 decreverunt.
681 3648 691 3672 η
707 3624 740 3678 lit
765 3632 860 3695 postea

70 3719 161 3787 (idid,
175 3735 200 3773 c.
217 3721 244 3786 iij
262 3734 268 3771 :
288 3736 298 3769 a
318 3715 347 3772 Si
363 3715 425 3786 tynis
440 3731 487 3770 eos
510 3730 636 3769 acetrsare
664 3711 756 3778 rellet,
782 3728 861 3784 mque

64 3804 503 3879 periculosanciverunt,judices
531 3819 593 3858 esse
621 3810 696 3857 rectu
722 3801 862 3873 sapientes

63 3897 253 3961 decernimus,
269 3894 514 3962 otjustorolentes,
531 3891 666 3962 siroquos
682 3890 721 3945 eis
733 3890 863 3962 primates

64 3985 200 4049 dederint,
216 3986 274 4039 sire
293 3998 362 4055 quos
374 3981 425 4052 ipsi
435 3991 459 4036 ct
472 3997 609 4037 consensu
626 3979 861 4052 clegerinttibid„

63 4090 90 4132 o.
106 4078 144 4145 l).
161 4074 280 4145 Tempus
295 4072 431 4144 siquidem
443 4086 595 4143 congruum
620 4067 762 4140 praevideri
777 4084 861 4138 opor-

63 4172 111 4231 tet,
123 4163 232 4234 quando
241 4162 452 4231 uniuscuiusque
461 4168 597 4215 accusata
606 4174 730 4229 personae
741 4172 824 4213 causa
832 4156 861 4211 iu

64 4253 184 4308 medinm
200 4250 351 4308 rectissime
367 4249 540 4320 perducatur,
555 4265 635 4318 tyriam
647 4246 864 4302 omnesordina·

64 4342 155 4397 bilitas
169 4340 320 4401 intendant,
331 4338 468 4392 utadeam
479 4338 505 4391 iu
520 4337 648 4392 omuibus
663 4334 863 4390 rationabiliter

912 3198 1011 3253 dicium
1027 3197 1160 3253 canonica
1175 3204 1288 3250 uocatus
1304 3196 1374 3249 inlra
1392 3204 1449 3249 tres
1463 3202 1509 3249 ant
1523 3211 1571 3248 sex
1587 3194 1629 3249 rel
1645 3194 1710 3264 plu·

913 3304 957 3342 res
969 3302 1076 3342 incuses
1093 3302 1141 3355 pro
1156 3284 1212 3339 suis
1228 3284 1359 3338 rationem
1375 3283 1528 3338 redditurus
1551 3282 1641 3352 culpis
1657 3298 1710 3337 ve·

913 3376 970 3431 airu
985 3374 1129 3429 distulerit.
1149 3372 1266 3442 Quodsi
1296 3372 1412 3441 probare
1434 3371 1553 3441 potuerit
1575 3369 1710 3442 quodve·

913 3464 1001 3531 luerit,
1017 3464 1066 3519 sed
1078 3478 1133 3516 uon
1148 3461 1266 3533 potnerit
1279 3461 1383 3525 tenire,
1400 3460 1465 3514 nibil
1479 3458 1504 3514 ei
1518 3458 1637 3515 nocebit.
1661 3458 1711 3513 llle
1800 3458 1805 3463 '

914 3568 979 3608 roro
994 3553 1039 3623 qrri
1057 3552 1082 3605 ri
1095 3559 1141 3606 aut
1157 3552 1251 3605 timore
1267 3549 1408 3619 expulsus,
1428 3549 1539 3603 autsuis
1566 3547 1651 3602 rebus
1665 3563 1712 3602 ott·

914 3640 1048 3712 spoliatus
1062 3640 1150 3705 luerit,
1167 3654 1221 3693 non
1236 3638 1310 3708 prius
1324 3637 1478 3693 rocetnrad
1489 3636 1711 3708 synodumquaur

914 3731 939 3787 ci
955 3740 981 3786 et
996 3730 1087 3785 omnia
1096 3728 1203 3800 legibus
1219 3727 1449 3799 redintegrentur,
1466 3734 1493 3781 ot
1513 3725 1604 3781 tandiu
1619 3726 1647 3780 in
1670 3741 1712 3793 so,

914 3820 948 3874 de
959 3819 1066 3890 propria
1078 3834 1144 3888 paca
1160 3816 1322 3888 potestative
1344 3822 1441 3871 cuncta
1466 3814 1629 3886 disponens,
1645 3813 1714 3869 rasi·

914 3909 987 3973 deut,
1004 3907 1120 3978 ryuuodiu
1132 3905 1286 3977 expoliatus
1302 3905 1358 3959 suis
1381 3919 1475 3959 carcre
1504 3904 1581 3957 visus
1594 3909 1636 3959 ost
1664 3917 1712 3959 re-

915 3998 975 4053 bus.
991 3998 1058 4053 Curat
1074 4005 1165 4051 autem
1176 3996 1210 4050 ad
1221 3994 1356 4064 judicium
1379 3994 1494 4059 venerit,
1510 3992 1532 4047 si
1560 3990 1714 4048 volucritat

916 4103 1027 4143 necesse
1041 4086 1132 4152 luerit,
1149 4084 1265 4139 induciae
1283 4081 1424 4153 expretenti
1438 4098 1453 4136 a
1469 4080 1590 4136 Patribus
1609 4079 1713 4137 eonsti-

917 4183 978 4230 tntae
993 4174 1095 4244 absque
1110 4172 1305 4244 impedimento
1320 4171 1514 4233 concedantur,
1532 4179 1557 4224 ct
1568 4169 1676 4239 judices
1697 4184 1714 4223 a

915 4281 945 4319 so
960 4263 1200 4320 cleotitribuuntur
1216 4280 1223 4327 ς
1240 4261 1280 4315 rel
1298 4260 1324 4314 in
1342 4260 1403 4315 loco
1424 4259 1495 4313 nuda
1524 4268 1567 4312 est
1593 4258 1639 4312 ille
1667 4256 1714 4329 qui

915 4361 1067 4417 accusatur,
1084 4352 1127 4407 rol
1143 4350 1165 4405 si
1180 4349 1244 4404 inibi
1259 4350 1379 4418 aliquam
1391 4347 1444 4401 rint
1458 4349 1611 4402 temerariae
1635 4344 1711 4399 mul·

64 4430 256 4502 se5l³0¹¹tl⁰ss¹¹l=
272 4438 296 4484 θ’
309 4428 380 4496 ἱῦὃῗθ
395 4445 424 4481 50
441 4427 512 4482 lent*
528 4425 671 4481 ¹¹¹⁸¹¹ls⁰⁵¹⁰
698 4423 854 4480 ⁰⁵¹⁰¹¹l¹⁰¹¹²·
875 4449 904 4512 D
919 4443 1039 4497 titudinis
1053 4440 1184 4505 timuerit,
1201 4439 1289 4493 locum
1304 4438 1357 4491 sibi
1368 4452 1519 4508 congruum
1542 4434 1634 4506 eligat,
1660 4447 1713 4503 qno

63 4520 162 4576 Nullus
178 4524 268 4574 auteur
280 4516 466 4572 introducatur
481 4515 674 4584 personaliter,
685 4513 733 4568 sed
742 4512 862 4569 accusati

64 4616 91 4664 et
106 4616 277 4664 accusatores
287 4622 366 4676 seryua
381 4605 525 4660 audiantur
554 4604 670 4671 ratione,
697 4602 774 4672 jutta
789 4601 862 4673 quod

65 4708 202 4771 gestorum
230 4696 302 4751 ordo
330 4695 426 4765 exigit.
443 4698 622 4749 decimatores
636 4709 700 4746 rere
715 4699 741 4747 ot
752 4692 862 4759 jndices

65 4803 120 4843 non
137 4787 208 4841 idem
222 4785 276 4840 sint
292 4799 298 4849 3
314 4784 362 4837 scd
378 4799 428 4853 per
443 4798 473 4837 se
495 4788 678 4846 areensatores,
694 4795 742 4851 per
757 4796 787 4834 sa
812 4778 859 4848 ju·

65 4878 149 4943 dices,
166 4892 214 4947 per
228 4891 258 4929 sc
274 4881 363 4935 testes,
388 4888 439 4942 per
462 4888 491 4924 se
519 4871 647 4935 ucrruati,
674 4868 862 4938 rruusquisuue

65 4966 93 5021 iu
109 4960 472 5020 suoordinabiliterordine.
489 4960 632 5030 lnrcriptiu
648 4974 758 5028 semper
773 4957 861 5028 primo

66 5055 122 5119 tint,
154 5063 181 5108 ut
210 5052 336 5107 talionem
351 5050 530 5106 caltaruuiator
552 5048 675 5118 recipiat,
706 5047 770 5115 (ruia
798 5053 861 5100 aute

66 5143 271 5214 inscriptionem
301 5155 379 5195 tronto
401 5140 482 5193 debet
508 5137 625 5208 judicari
654 5136 696 5190 rel
726 5134 860 5199 damnari,

66 5231 328 5290 conratiamsaeculi
345 5231 421 5301 leges
449 5229 506 5283 lrrec
529 5228 625 5283 eadem
655 5225 803 5280 retineant.
832 5226 863 5278 ln

67 5322 153 5378 duciae
168 5320 303 5377 accusatis
318 5318 345 5372 in
358 5317 541 5373 criminalibus
555 5331 605 5370 sex
630 5313 774 5378 mensium,
790 5316 817 5367 et
831 5328 863 5367 eo

68 5410 197 5480 amplius,
208 5409 233 5464 si
244 5424 356 5464 necesse
365 5407 408 5471 sit,
419 5403 603 5461 concedendae
612 5409 674 5456 sunt
688 5400 776 5472 (istd,
786 5416 810 5455 c.
824 5402 862 5469 8).

68 5502 190 5557 llabetur
202 5513 310 5570 qnoque
325 5497 353 5553 iu
376 5495 492 5551 decretis
522 5494 629 5548 l'utrum
646 5490 781 5547 sancitum
809 5504 866 5544 uon

66 5591 127 5648 lore
139 5589 302 5648 carronicum
313 5599 478 5659 quemquam
493 5581 665 5639 sacerdotnm
688 5577 807 5649 judicari
822 5578 865 5635 rel

918 4532 1023 4602 absque
1039 4531 1140 4586 timore
1151 4544 1215 4582 suos
1230 4532 1315 4582 testes
1332 4525 1440 4591 babere,
1452 4533 1476 4578 et
1493 4523 1597 4593 absque
1623 4522 1714 4591 impe-

916 4619 1035 4674 dimento
1050 4635 1125 4673 suam
1135 4614 1439 4673 caraouioeseutentiarn
1455 4610 1534 4666 fiuiro
1545 4611 1644 4667 raleat.
1662 4631 1673 4658 u

916 4749 984 4804 Car.
1004 4747 1057 4802 tv.
1076 4742 1422 4815 Quudduodrciurjudices
1443 4741 1496 4797 stat
1514 4741 1618 4811 etiperc
1633 4738 1714 4796 debet

1152 4818 1305 4872 accersatur
1316 4814 1472 4887 episcopus.

952 4947 1137 5018 liujudicibus
1156 4960 1221 5001 raro
1236 4940 1513 5016 ‹yuatessodeboaut,
1539 4941 1576 4994 ait
1600 4939 1709 5010 Zephy-

917 5039 994 5095 riuus
1009 5053 1089 5108 papa,
1106 5052 1167 5106 cap.
1199 5036 1210 5087 l
1237 5033 1328 5103 (epist.
1348 5033 1371 5099 l)
1389 5049 1395 5086 :
1414 5055 1424 5079 ι
1446 5028 1709 5098 Duodecimjudiees

916 5128 1030 5199 quilibet
1044 5125 1193 5197 episcopus
1207 5128 1359 5187 accusatus,
1375 5120 1398 5174 si
1413 5134 1524 5174 necesse
1543 5116 1631 5182 luerit,
1662 5116 1713 5170 cli·

916 5224 965 5290 gat
982 5237 987 5271 :
1003 5232 1018 5270 a
1034 5215 1135 5284 ‹larbns
1148 5212 1209 5282 ejus
1220 5226 1299 5266 causa
1311 5209 1383 5280 juste
1395 5207 1545 5277 judicetur,
1570 5222 1620 5261 nac
1636 5205 1712 5276 prius

918 5307 1045 5363 nuntiatur
1068 5311 1114 5359 ant
1138 5300 1396 5365 excommunicetur,
1421 5312 1502 5366 quam
1528 5295 1581 5366 ipsi
1609 5310 1658 5365 per
1680 5310 1711 5350 sc

918 5397 1065 5464 eligantur,
1080 5396 1110 5446 ut
1123 5390 1285 5461 regulariter
1299 5401 1434 5443 asnorum
1463 5386 1552 5455 primo
1572 5388 1711 5441 conventu

919 5485 1112 5558 episcoporum
1129 5496 1178 5553 per
1194 5477 1324 5547 eosjuste
1338 5490 1422 5532 causa
1444 5473 1573 5531 audiatur
1585 5481 1613 5528 et
1630 5472 1713 5529 ratio-

918 5573 1048 5631 nabiliter
1059 5570 1237 5628 discernatur.
1256 5566 1444 5634 »Dictnmest
1460 5559 1715 5634 utsuperius,auod
