3728 6000
152 246 204 299 ota

587 271 588 274 a
664 232 853 298 (aurianum
871 244 900 297 ε.
920 228 1136 300 ruaoooarer
1156 246 1302 301 uacans

1751 246 1806 302 616

153 371 258 441 peccati
279 370 342 426 facit
370 384 456 424 ream.
487 370 582 439 ltaque
602 375 753 437 peccatum,
771 366 867 436 inquit,
894 382 948 421 oon
962 364 991 425 Α
1005 364 1067 422 lacti
1098 367 1215 423 hominis
1238 368 1385 439 aliquando
1411 368 1526 428 vixerat.
1543 369 1661 438 Revixit,
1685 372 1736 428 hoc
1764 381 1808 428 est

157 461 287 530 cognovi,
303 459 356 513 nisi
372 476 421 529 per
436 460 533 531 legem.
545 457 606 511 Non
634 455 713 518 dixit,
729 471 783 511 oon
813 454 874 521 leci,
900 455 953 509 nisi

153 549 310 620 perlegam,
324 547 371 601 scd
387 563 439 601 non
451 544 578 617 cognovi,
590 544 641 598 nisi
659 543 810 615 perlegam.
827 542 880 598 Sed
891 541 954 597 data

153 645 195 690 est
210 636 251 690 lex
267 636 348 703 utitis,
366 636 394 688 in
418 650 451 689 co
476 633 548 703 quod
576 639 716 703 peccatum
744 631 951 697 demonstraret,

153 726 216 795 quia
244 740 304 778 cum
333 732 473 794 peccatum
495 721 566 776 vinci
580 736 635 776 non
659 729 762 791 posset,
778 719 835 774 sina
862 720 953 792 gratia

152 814 214 878 Dei,
230 819 400 881 peccatorem
410 813 473 882 ipsa
485 808 738 864 reatussnllicitudo
753 808 786 863 ad
800 807 953 879 percipien-

153 903 214 956 dam
234 902 349 971 gratiam
366 902 549 955 converteret.
559 900 621 952 Non
635 913 760 969 ergoper
774 895 953 969 legemculpa

153 998 193 1045 est
222 990 310 1056 insita,
322 989 370 1043 sod
386 989 506 1060 cognita,
522 1003 573 1043 nec
588 1003 649 1042 eam
660 987 705 1041 lex
716 986 785 1050 tulit,
802 986 849 1040 sed
862 993 953 1041 umen

152 1094 236 1150 aquo
251 1079 390 1133 tolleretur
417 1076 544 1132 ostendit.
560 1076 738 1146 Consequens
765 1082 854 1129 autem
882 1080 950 1139 erat,

151 1168 319 1238 utquoniam
335 1165 455 1221 nondum
475 1170 590 1234 accepta
614 1163 730 1235 gratiam
753 1161 950 1233 concupiscen-

151 1258 197 1312 tiae
208 1258 294 1310 resisti
310 1272 363 1310 riou
378 1262 493 1325 poterat,
510 1260 657 1322 augeretur
670 1252 762 1318 etiarn,
778 1251 844 1321 quia
859 1252 949 1319 majo-

151 1360 196 1400 res
208 1344 290 1398 habet
305 1344 379 1397 vires
398 1342 627 1412 concupiscentia,
643 1340 757 1395 crimine
783 1339 950 1409 praevarica-

150 1433 232 1488 tionis
242 1433 378 1500 adiuncto,
393 1447 453 1486 oum
470 1431 550 1485 etium
565 1436 660 1485 contra
675 1428 763 1498 legem
779 1426 853 1493 lacit,
869 1443 949 1496 quarn

150 1522 173 1577 ai
202 1521 352 1592 nullalego
380 1520 579 1590 prohiberetur.
597 1518 661 1573 ideo
690 1515 948 1588 concupiscentiam,

151 1610 279 1683 quiddam
296 1624 349 1681 quo
364 1608 624 1677 cunctacourplexus
638 1613 689 1672 cst,
702 1604 949 1677 elegithpostolus,

1006 456 1099 511 sentiri
1110 458 1193 527 ooepit
1208 477 1214 512 :
1230 457 1312 530 coepit
1325 458 1469 525 rebellare,
1485 461 1569 531 coepit
1578 475 1722 532 apparere.

1042 545 1132 600 Vnus.
1151 545 1239 601 tu-
1257 568 1268 593 α
1287 546 1346 617 ligo
1360 552 1450 602 autem
1465 554 1590 604 mortuus
1604 565 1675 619 sum,
1693 572 1705 598 a
1722 548 1807 606 idest

1004 633 1200 704 praevaricator
1213 633 1300 691 lactus
1314 650 1385 699 sum,
1401 635 1448 691 vel
1463 637 1526 707 quia
1541 644 1678 693 mortuum
1693 654 1737 694 me
1751 653 1804 695 co·

1005 721 1100 791 gnavi,
1115 721 1159 777 vel
1175 722 1694 794 quiareatuspraevaricationiscertum
1705 726 1805 782 mortis

1005 809 1167 881 supplicium
1196 811 1433 867 comminabatur:
1451 829 1511 884 qua
1531 813 1706 885 ignorabam,
1737 830 1801 871 cum

1005 899 1242 969 concupiscentias
1256 915 1332 955 meas
1346 916 1478 972 sequerer
1492 901 1551 957 sine
1561 902 1728 974 cognitione,
1738 904 1803 975 quia

1005 986 1066 1042 sine
1080 987 1256 1044 cohibitione.

1040 1077 1127 1131 vans.
1145 1079 1188 1131 th.
1204 1099 1263 1124 -ι
1278 1078 1308 1132 ΕΙ
1324 1076 1464 1134 inventum
1491 1087 1531 1134 est
1552 1078 1618 1134 mihi
1642 1080 1802 1136 mandatum

1005 1162 1148 1234 quoderat
1164 1164 1306 1231 advitam,
1325 1187 1336 1213 ι
1354 1165 1378 1220 si
1392 1165 1559 1233 obediretur,
1578 1188 1590 1217 ι
1606 1183 1667 1224 εεεε
1678 1168 1712 1223 ud
1729 1184 1801 1223 mor·

1004 1259 1070 1317 tem,
1089 1276 1100 1302 »
1119 1252 1184 1307 dum
1199 1254 1229 1307 tit
1243 1260 1339 1309 contra
1352 1255 1509 1310 mandatum
1525 1270 1532 1322 ;
1549 1262 1576 1310 et
1585 1256 1730 1312 nonsolum
1739 1273 1804 1329 pec·

1004 1348 1093 1396 catum
1109 1341 1138 1395 lit
1153 1343 1223 1397 sicut
1237 1341 1321 1413 prius,
1338 1342 1480 1398 sedetiam
1495 1359 1512 1400 a
1526 1345 1628 1400 sciente
1642 1353 1670 1400 ει
1692 1361 1803 1415 pracva-

1003 1428 1105 1485 ricante
1120 1439 1257 1501 peccatur.
1273 1432 1344 1486 Bene
1360 1439 1449 1486 autem
1463 1432 1621 1487 mandatum
1643 1441 1684 1488 est
1699 1432 1734 1488 ad
1758 1433 1803 1488 vi-

1005 1523 1070 1584 tam,
1087 1535 1141 1574 non
1157 1519 1366 1589 concupiscere.
1383 1520 1448 1575 Sola
1462 1521 1610 1577 enimvero
1624 1522 1677 1576 vita
1692 1530 1735 1577 εει
1746 1538 1802 1577 non

1003 1608 1209 1678 concupiscere.
1227 1607 1317 1663 Ovita
1332 1608 1418 1663 dulcis
1433 1617 1460 1664 ει
1480 1609 1585 1665 dulcior
1611 1626 1692 1680 quam
1721 1610 1803 1665 volu-

117 1766 120 1773 ·
152 1708 283 1771 uuquam
307 1700 364 1754 haec
379 1704 452 1751 esset
466 1712 517 1752 vox
534 1697 603 1765 legis
617 1695 652 1749 ab
667 1695 742 1750 omni
758 1702 868 1765 peccato
882 1710 949 1763 pro·
964 1707 992 1771 Β
1005 1703 1066 1766 ptas
1081 1697 1320 1766 concupiscentiae.
1337 1697 1415 1752 Felix
1437 1697 1535 1761 anima,
1552 1714 1613 1767 quae
1641 1698 1804 1769 hujusmodi

151 1787 278 1853 bibentis,
297 1785 580 1855 «Nonconcupisces.
599 1806 610 1832 n
628 1782 949 1853 Quodquincuoqueim-
1004 1783 1229 1840 delectationibus
1258 1786 1421 1852 oblectatur,
1451 1786 1498 1840 ubi
1527 1787 1690 1857 turpitudine
1730 1787 1804 1842 nulla

150 1876 205 1948 plet
229 1876 384 1931 mandatum
414 1872 517 1928 nullum
556 1872 666 1928 omuino
687 1871 752 1927 lacit
788 1879 944 1941 peccatum.
1003 1872 1171 1945 inquinetur,
1188 1881 1215 1928 ει
1237 1874 1359 1928 veritatis
1374 1874 1521 1929 serenitate
1535 1883 1673 1946 purgetur,
1698 1875 1805 1931 scilicet

148 1965 245 2036 Neque
269 1965 340 2019 enim
368 1963 452 2017 ullum
473 1970 623 2033 peccatum,
656 1961 708 2014 nisi
732 1959 949 2030 concupiscendo
1005 1962 1114 2031 quando
1128 1962 1247 2018 delectat
1260 1963 1305 2017 lex
1316 1962 1377 2028 Dei,
1396 1970 1423 2017 et
1437 1963 1478 2017 sic
1492 1962 1617 2030 delectat,
1646 1971 1677 2018 ut
1703 1979 1803 2019 omnes

149 2053 333 2109 committitur.
347 2051 451 2109 Accidit
465 2060 555 2106 tamen
577 2049 679 2105 homini
705 2049 853 2118 aliquando
882 2062 949 2116 pec·
1004 2049 1113 2106 lascivae
1136 2050 1332 2106 delectationes
1359 2050 1511 2106 vincantur.
1542 2053 1601 2107 lloc
1627 2059 1719 2107 autern
1747 2068 1804 2108 non

150 2152 260 2199 catum:
277 2140 349 2213 quod
366 2140 446 2211 quasi
460 2156 511 2194 nec
534 2138 608 2203 lacit,
634 2153 685 2192 nec
710 2137 861 2200 committit,
887 2135 950 2206 quia
1004 2137 1030 2192 tit
1046 2139 1135 2193 statim
1151 2155 1213 2195 eum
1228 2141 1304 2196 venit
1318 2140 1400 2196 homo
1415 2140 1450 2193 ad
1476 2140 1604 2211 gratiam,
1619 2141 1667 2195 sed
1695 2156 1803 2196 concu-

149 2230 177 2284 in
192 2239 304 2301 peccato
324 2229 362 2282 nil
378 2228 589 2297 concupiscitur,
613 2224 660 2279 sod
676 2240 725 2296 per
747 2224 949 2295 impotentiam,
1003 2228 1132 2297 piscentia
1162 2236 1234 2283 tanto
1263 2226 1292 2281 tit
1319 2229 1347 2282 in
1373 2227 1531 2298 proliciente
1559 2229 1668 2296 lentior,
1700 2238 1803 2298 quanto

149 2319 191 2375 vol
206 2318 386 2389 ignorantiam
402 2316 537 2370 indicitur.
567 2314 618 2371 Ubi
647 2323 737 2368 tamen
763 2313 785 2367 si
810 2320 948 2384 peccatum
999 2316 1114 2386 justitia)
1130 2316 1158 2371 tit
1173 2316 1339 2387 prolicienda
1353 2317 1542 2388 propinquior.

149 2422 204 2461 nou
219 2414 302 2469 esset,
313 2407 448 2476 propheta
463 2419 516 2459 nou
533 2410 634 2459 oraret.
657 2425 667 2450 ι
684 2401 853 2473 Ignorantias
876 2417 951 2456 meas
1041 2405 1123 2460 l'ans.
1141 2406 1184 2459 ll.
1200 2434 1235 2445 -
1247 2427 1259 2450 ι
1275 2405 1345 2459 Nam
1362 2413 1503 2475 peccatum
1518 2406 1659 2462 occasione
1686 2411 1807 2479 accepta

149 2512 184 2549 ne
206 2493 366 2549 memineris
388 2493 575 2560 (thalami).
595 2515 605 2533 ι
623 2493 694 2545 Bona
723 2507 789 2561 ergo
817 2490 861 2544 lex
888 2507 950 2561 quae
1002 2492 1342 2564 permundatumseduxit
1371 2501 1476 2556 ms3et
1491 2509 1540 2564 per
1567 2494 1632 2548 illud
1655 2494 1768 2554 occidit.
1791 2518 1802 2547 ι

148 2583 280 2654 praecipit,
299 2606 309 2626 r
327 2583 390 2636 Non
405 2581 581 2652 concupisces
597 2597 603 2641 ;
623 2602 634 2627 r
651 2580 699 2634 sed
715 2580 761 2634 ubi
770 2578 887 2648 Spiritus
895 2594 950 2634 non
1002 2583 1147 2637 Peccatum
1163 2596 1218 2635 non
1233 2581 1354 2653 legitime
1383 2588 1462 2636 utens
1473 2582 1545 2653 lege,
1562 2598 1596 2638 on
1619 2584 1806 2653 pmbibitione

149 2671 269 2742 adjuvat,
285 2670 420 2739 inspirans
437 2683 486 2740 pro
502 2667 722 2739 concupiscentia
749 2667 822 2722 mala
848 2683 949 2722 concu·
1002 2679 1082 2726 aucto
1096 2669 1231 2725 desiderio
1245 2669 1351 2724 dulcius
1368 2669 1467 2725 lavatum
1497 2679 1590 2740 est,et
1618 2670 1682 2726 ideo
1707 2671 1806 2726 ieiellit

150 2759 308 2830 piscentiam
339 2759 448 2823 honam,
481 2759 590 2813 hocest
615 2755 770 2811 diffundens
791 2756 949 2810 charitatem
1001 2774 1056 2814 me.
1073 2758 1165 2813 Fallax
1179 2759 1250 2812 enim
1266 2758 1381 2814 dulcedo
1393 2763 1446 2824 est,
1475 2775 1559 2830 quam
1588 2759 1691 2829 plures,
1722 2770 1805 2831 atque

149 2847 177 2903 in
191 2846 322 2902 cordibus
336 2847 443 2912 nostris,
461 2846 584 2917 profecto
604 2845 648 2901 lex
664 2844 787 2914 quamvis
804 2843 884 2912 bona,
897 2860 947 2899 au·
1002 2847 1122 2915 majores
1150 2862 1294 2917 pennarum
1322 2846 1516 2901 amaritudines
1535 2855 1698 2917 sequuntur.
1733 2848 1806 2916 Quia

148 2942 195 3009 get
215 2936 388 3005 prohibendo
417 2935 580 2990 desiderium
609 2933 721 2988 malum.
749 2931 850 2988 Nescio
874 2934 947 2986 onim
1002 2951 1068 3008 ergo
1083 2935 1118 2990 ab
1132 2935 1288 2989 hominibus
1300 2935 1419 2990 nondam
1430 2934 1614 3005 spiritualibus
1629 2936 1702 3007 quod
1720 2943 1803 2991 veta-

148 3025 287 3097 quomodo
302 3023 374 3094 quod
390 3024 593 3092 concupiscitur
613 3023 718 3077 dulcius
733 3020 762 3074 lit
789 3037 850 3076 cum
870 3028 945 3076 veta·
961 3056 986 3120 C
1003 3032 1045 3079 tur
1057 3024 1168 3080 suavius
1179 3024 1339 3089 admittitur,
1352 3022 1420 3078 lallit
1448 3031 1589 3095 peccatum
1604 3023 1677 3079 laisa
1700 3024 1803 3081 dulce-

149 3121 193 3168 tur
210 3131 216 3176 ;
233 3121 259 3169 et
274 3115 323 3167 hoc
338 3111 469 3183 estquod
498 3111 526 3166 in
553 3110 748 3181 posterioribus
779 3109 852 3176 dicit,
882 3109 945 3180 quia
1000 3111 1074 3176 dine,
1090 3111 1154 3182 quia
1166 3113 1345 3174 voroaocedit
1359 3112 1438 3168 etiam
1454 3120 1544 3167 reatus
1557 3113 1802 3184 prevaricationis,

149 3201 219 3258 fallit
233 3209 374 3273 peccatum
390 3217 438 3272 per
453 3200 619 3265 mandatum,
645 3207 673 3253 ot
684 3214 734 3270 per
748 3197 814 3252 illud
829 3198 941 3253 occidit.
1000 3199 1110 3255 occidit.

149 3292 226 3347 Unde
240 3299 266 3346 et
277 3291 422 3362 sequitur:
1036 3289 1121 3343 vans.
1152 3292 1194 3345 ta.
1223 3320 1259 3329 -
1283 3289 1408 3360 altaque
1436 3288 1479 3344 lex
1504 3289 1613 3361 quidem
1639 3296 1744 3357 sancta,
1773 3295 1804 3346 et

184 3382 269 3434 Vnus.
282 3384 308 3434 8.
320 3409 354 3420 -
364 3402 375 3426 ι
389 3378 536 3435 Occasione
555 3385 644 3434 autem
660 3386 779 3450 accepta,
804 3382 945 3449 peccatum
999 3376 1158 3433 mandatum
1173 3382 1308 3445 sanetum,
1325 3379 1460 3447 etiustum
1474 3385 1500 3432 et
1516 3379 1629 3433 honum.
1649 3402 1660 3428 ι»
1676 3379 1803 3435 labenda

146 3484 197 3541 per
206 3469 362 3523 mandatum
377 3476 519 3538 operatum
541 3474 583 3522 εει
595 3467 622 3520 in
648 3484 692 3522 me
710 3482 818 3523 omnem
846 3480 946 3522 eoncu·
1000 3466 1071 3520 enim
1087 3465 1129 3520 lex
1141 3465 1228 3535 jubet,
1244 3475 1269 3520 et
1284 3466 1454 3535 prohibenda
1469 3467 1603 3537 pmbibet.
1634 3468 1668 3522 Et
1683 3467 1711 3522 io
1729 3468 1802 3523 male

147 3557 318 3629 piscentiam.
333 3583 344 3605 n
357 3557 422 3611 Erat
437 3557 508 3610 enirn
526 3564 552 3609 ει
567 3564 630 3610 ante
642 3564 784 3626 peccatum
814 3552 945 3624 concupi-

146 3646 259 3710 scentia,
278 3645 327 3700 sed
342 3660 395 3700 non
410 3644 499 3699 omnis
514 3651 579 3698 erat.
598 3644 707 3700 Fluvios
721 3660 770 3714 per
784 3642 874 3713 legem
889 3641 901 3695 f
931 3670 945 3681 -

146 3741 226 3788 natus
255 3739 305 3801 est,
331 3749 387 3786 non
415 3732 541 3787 siccatus.
558 3729 629 3798 Quae
650 3740 676 3786 te
691 3731 806 3786 ducebat
822 3729 945 3786 obicibus

146 3822 238 3890 nullis,
254 3820 343 3875 obruit
358 3829 393 3883 te,
404 3820 529 3874 obicibus
545 3820 642 3890 ruptis.
659 3821 749 3876 Minor
760 3827 826 3884 erat,
838 3818 945 3890 quando

1000 3561 1090 3608 utente
1106 3554 1201 3608 vitium
1217 3561 1267 3619 est,
1282 3569 1337 3610 non
1352 3554 1379 3608 in
1395 3555 1536 3619 mandato,
1552 3554 1625 3624 quod
1641 3555 1742 3610 bonum
1760 3564 1803 3611 est

999 3642 1063 3713 quia
1076 3643 1118 3697 lex
1131 3643 1202 3698 bona
1226 3649 1276 3708 est,
1293 3642 1316 3696 si
1332 3642 1439 3711 quises
1464 3641 1588 3714 legitime
1603 3651 1701 3699 utatur.
1729 3644 1801 3700 blale

999 3740 1089 3786 autem
1104 3732 1186 3787 utitur
1199 3731 1271 3801 lege,
1288 3730 1333 3800 qui
1347 3746 1401 3786 noo
1417 3747 1449 3785 se
1464 3730 1555 3785 subdit
1568 3732 1626 3787 Deo
1640 3732 1684 3802 pia
1707 3732 1800 3787 humi·

1000 3820 1088 3888 litate,
1106 3828 1137 3874 ut
1152 3819 1330 3891 pergratiam
1346 3819 1390 3874 lex
1405 3818 1489 3889 possit
1504 3818 1624 3888 impleri.
1640 3820 1799 3877 Pauloante

147 3906 711 3976 tuarnmovcbatlibidinem;omniscst,
728 3908 839 3980 quando
856 3916 944 3961 trans·
998 3908 1120 3980 (berall
1148 3907 1296 3979 Apostolus
1323 3908 1413 3979 legem
1442 3905 1602 3961 defenderat
1623 3922 1638 3961 a
1660 3908 1797 3978 crimine,

145 3998 238 4054 cendit
252 3997 351 4067 legem.
370 3997 415 4049 l'is
429 4012 511 4050 nosse
526 4011 606 4065 quam
627 3995 945 4067 magnussitihttende
999 3996 1258 4052 nuncvorodebito
1286 4010 1347 4051 eam
1362 3994 1500 4065 praeconio
1515 3994 1626 4050 attollit.
1647 3995 1686 4050 lbi
1712 3997 1796 4063 enim,

145 4085 212 4157 quid
241 4086 320 4151 rupit.
353 4086 520 4155 Praeceptum
548 4084 598 4139 Dei
627 4085 751 4150 dicentis,
770 4109 781 4133 ι
798 4086 944 4139 Νοιιεοιι-
1002 4086 1096 4154 «Lex,
1114 4108 1125 4133 n
1142 4084 1238 4154 inquit,
1257 4103 1268 4133 ι
1286 4090 1426 4152 peccatum
1443 4082 1598 4136 estihhsit
1616 4084 1622 4136 !
1640 4106 1651 4132 a
1669 4084 1729 4138 Uno
1759 4085 1797 4139 ibi

145 4173 269 4244 cupiscas
294 4174 392 4241 th'xnt.
417 4174 475 4233 xx).
495 4196 505 4218 ι
523 4171 588 4227 Sine
613 4174 674 4245 lege
703 4173 774 4227 enim
804 4180 944 4243 peccatum
999 4173 1083 4229 verbo
1098 4173 1253 4228 defenditur
1267 4170 1375 4238 veritas,
1392 4169 1455 4239 quia
1471 4185 1572 4242 magna
1587 4179 1628 4225 εει
1642 4171 1796 4228 detenden-

143 4269 281 4318 mortuum
295 4269 361 4327 erat,
379 4262 405 4314 iil
417 4269 458 4315 est
472 4261 584 4328 latebat,
596 4277 650 4317 non
665 4262 824 4333 apparebat,
833 4261 944 4316 omnino
998 4260 1032 4314 tis
1047 4260 1203 4315 auctoritas.
1219 4259 1268 4314 llic
1284 4274 1360 4324 vero,
1373 4280 1383 4305 a
1401 4257 1456 4323 lex,
1473 4281 1485 4307 a
1502 4258 1597 4329 inquit,
1616 4282 1627 4306 ι
1646 4269 1753 4327 sancta,
1770 4268 1797 4315 et

144 4349 421 4422 tanquumsepultum
450 4354 507 4404 erat
532 4351 560 4403 in
588 4351 753 4422 quibusdam
781 4349 940 4422 ignorantiae
1000 4347 1164 4402 mandatum
1180 4355 1312 4414 sanetum,
1327 4347 1481 4416 etjuslum,
1497 4353 1525 4402 et
1537 4347 1671 4402 bonam·
1689 4348 1794 4419 Recipe

143 4455 199 4495 suae
213 4439 342 4495 tenebris.
362 4460 373 4484 ι
389 4439 448 4508 Ego
475 4445 563 4493 autem
592 4439 716 4495 vivebam
741 4439 799 4493 sine
815 4436 937 4508 legeali-
952 4408 980 4469 D
994 4450 1061 4507 ergo
1080 4435 1247 4503 mandatum,
1263 4435 1329 4491 scito
1358 4452 1416 4491 esse
1431 4451 1509 4491 arma
1536 4441 1594 4503 tua,
1619 4452 1674 4491 non
1690 4438 1794 4509 quibus

144 4528 262 4600 quando,
281 4552 291 4577 ι
310 4528 337 4583 id
351 4536 392 4582 est
406 4526 480 4581 nullu
495 4543 528 4581 cx
557 4536 667 4597 peccato
696 4534 782 4582 morte
802 4526 937 4592 terrebar,
995 4525 1152 4591 teoccidat,
1178 4524 1226 4579 sed
1255 4524 1576 4595 quibusataoccidatur
1603 4525 1741 4597 inimicus,
1771 4526 1793 4581 ai

143 4617 270 4689 quianon
285 4617 446 4687 apparebat,
461 4631 522 4671 cum
546 4615 590 4670 lex
606 4632 659 4670 noo
687 4622 768 4671 esset.
798 4614 936 4679 vivebam,

140 4705 170 4763 id
198 4715 238 4762 est
265 4707 356 4762 vivere
384 4705 450 4759 mihi
474 4705 595 4760 videbar.
627 4725 639 4751 a
670 4704 723 4759 Sed
739 4719 801 4760 cum
820 4702 939 4760 venisset

142 4796 311 4859 mandatum,
328 4802 471 4864 peccatum
485 4793 595 4848 revixit.
615 4816 626 4842 n
641 4792 769 4859 Eminuit,
788 4791 915 4863 apparuit
930 4809 936 4856 ;

141 4899 197 4939 non
212 4891 303 4937 tamen
315 4883 392 4948 vixit,
409 4881 458 4936 sed
467 4881 574 4936 revixit.
588 4881 700 4937 vixerat
715 4878 938 4952 enimaliquando

142 4982 169 5035 in
184 4979 319 5050 paradiso,
337 4978 444 5049 quando
462 4978 658 5034 contradatum
674 4984 849 5050 praeceptum,
874 4976 939 5033 satis

141 5077 292 5149 apparebat
316 5076 476 5130 admissum.
506 5076 572 5130 Cum
609 5084 697 5130 autem
726 5074 938 5130 enascentibus

141 5175 408 5244 t1·ahitur,tanquanr
424 5179 557 5226 mortuum
573 5170 616 5242 sit,
646 5173 718 5240 latet,
749 5172 935 5243 doncerepu·

140 5287 229 5342 guaus
242 5272 357 5339 justitias
380 5269 480 5325 malum
510 5269 569 5338 ejus
584 5270 770 5340 prohibitione
785 5271 931 5327 sentiatur.

140 5369 206 5424 Cum
222 5369 294 5424 enim
308 5369 381 5423 aliud
393 5368 502 5436 jubetur
512 5376 593 5440 atque
608 5367 747 5439 probatur,
770 5369 843 5424 aliud
857 5369 935 5425 dele·

139 5472 195 5521 ctat
220 5470 304 5536 atque
324 5467 477 5522 dominatur
489 5481 496 5535 3
512 5475 652 5537 peccatum
681 5467 884 5537 quodammodo
906 5468 934 5522 iu

138 5561 236 5627 notitia
255 5562 312 5619 nati
325 5563 444 5619 hominis
459 5563 566 5632 revixit,
594 5564 667 5634 quod
681 5563 709 5619 in
731 5563 827 5621 notitia
854 5563 934 5637 primi

991 4613 1101 4669 humilia
1115 4613 1209 4679 fueris,
1224 4612 1292 4667 sicut
1304 4613 1509 4682 parvusDavid.
1526 4613 1553 4667 Si
1569 4622 1659 4669 autem
1674 4631 1792 4687 magnus

993 4700 1100 4757 Goliath
1116 4711 1141 4757 et
1164 4701 1302 4773 superbus
1331 4701 1423 4766 lucris,
1453 4701 1537 4756 armis
1567 4701 1618 4755 tuis
1646 4703 1789 4760 occideris.

993 4791 1102 4849 Goliath
1116 4791 1144 4846 in
1158 4798 1235 4846 scuto
1250 4798 1277 4844 et
1290 4790 1393 4857 lancea,
1411 4789 1513 4845 Pharao
1528 4791 1554 4844 io
1584 4790 1708 4847 curribus
1723 4800 1750 4847 et
1764 4793 1792 4848 in

992 4881 1081 4953 equis,
1109 4888 1137 4935 tu
1165 4878 1295 4935 antemio
1310 4878 1418 4933 nomine
1433 4878 1555 4934 Domini.
1574 4879 1629 4934 Lex
1644 4896 1710 4953 orgo
1732 4882 1789 4937 sive

992 4978 1063 5035 obsit
1077 4976 1202 5032 inanibus
1212 4976 1310 5048 gratia,
1326 4974 1384 5031 sive
1396 4976 1481 5047 prosit
1497 4976 1586 5047 planis
1601 4978 1698 5050 gratia,
1714 4995 1788 5035 sem·

992 5092 1041 5149 per
1052 5075 1127 5131 bona
1141 5082 1191 5140 est,
1204 5076 1275 5130 sicut
1289 5073 1331 5129 sol
1345 5088 1454 5144 semper
1467 5081 1507 5128 ost
1535 5075 1633 5142 bonus,
1649 5075 1707 5130 sive
1736 5076 1790 5131 do-

990 5172 1108 5230 lentibus
1121 5170 1209 5228 oculis
1217 5174 1325 5240 noceat,
1335 5171 1392 5227 sive
1402 5187 1483 5227 sanos
1493 5171 1657 5227 demulceat.
1669 5169 1790 5227 Proinde

990 5271 1061 5343 quod
1077 5276 1117 5328 est
1129 5269 1231 5324 sanitas
1242 5267 1329 5325 oculis
1345 5268 1378 5323 ad
1393 5268 1538 5325 vivendum
1554 5269 1651 5334 solem,
1681 5268 1734 5324 boc
1750 5276 1789 5324 est

988 5369 1079 5443 qratia
1092 5367 1229 5423 montibus
1242 5365 1277 5420 ad
1290 5365 1459 5436 implendum
1467 5366 1571 5437 legem.
1591 5367 1704 5422 Etsicut
1718 5366 1789 5424 oculi

989 5468 1048 5523 sani
1075 5480 1129 5521 non
1157 5464 1223 5520 solis
1238 5461 1417 5519 delectatione
1446 5461 1607 5530 moriuntur,
1618 5461 1665 5518 sed
1680 5462 1787 5519 illumi-

986 5568 1096 5632 nantur,
1113 5563 1234 5635 quivero
1248 5563 1306 5618 sani
1334 5576 1389 5618 non
1412 5568 1482 5630 sunt,
1507 5560 1605 5618 ictibus
1619 5562 1722 5635 asperis
1735 5578 1785 5621 ra·
