3728 6000
169 244 219 308 291
670 233 857 298 Ghlthatttt
878 237 1024 295 Abantis
1043 239 1073 295 S.
1094 235 1312 295 theonostct
1765 245 1820 300 292

168 391 202 430 ει
215 387 283 442 uno,
299 378 325 428 et
338 376 425 426 totum
449 384 482 423 ex
505 374 561 423 toto
586 367 672 421 Duum
694 372 721 420 ct
744 364 859 428 Filium;
875 380 964 434 neque
979 364 1007 424 A
1020 372 1163 429 creaturae,
1181 363 1228 417 sed
1246 362 1382 418 Crantoris
1396 377 1482 433 opera
1503 370 1576 419 sunt.
1596 364 1682 436 Igitur
1704 365 1820 435 Spiritus

167 478 218 535 per
233 461 402 517 nativitatem
416 458 524 525 deesse,
540 455 613 527 quod
633 463 707 510 totus
731 461 782 524 εει,
799 468 889 525 neque
912 453 967 508 hoc
1023 459 1131 506 sanctus
1145 467 1200 507 non
1214 460 1345 521 creatura,
1361 452 1410 508 sed
1421 452 1534 508 Creator
1542 461 1583 508 est
1595 469 1601 522 ;
1614 455 1677 525 qnia
1687 454 1820 526 quidquid

167 553 258 623 ipsum
273 553 358 605 totum
373 562 428 603 non
444 561 535 601 secum
551 543 690 599 nascendo
712 541 844 599 tenuisse.
862 565 873 589 ι
891 543 925 596 Ει
940 541 968 594 in
1022 546 1073 606 est,
1089 547 1133 594 aut
1148 540 1274 607 Creator,
1291 548 1337 595 aut
1351 549 1475 596 creatura
1489 549 1539 596 est.
1563 541 1590 596 Si
1610 542 1692 614 igitur
1706 544 1820 598 Creator

168 638 330 695 duodecimo
348 653 355 690 :
374 659 385 682 s
402 636 459 690 'lua
474 649 521 690 res
536 640 587 701 est,
600 632 684 689 Filius
697 639 761 686 tuus
776 640 802 685 et
810 629 967 701 unigenitus
1023 635 1073 693 est,
1089 628 1261 699 omnipotens
1276 636 1326 695 est,
1340 628 1523 700 omnisapiens
1540 637 1590 699 est,
1607 630 1630 685 si
1646 631 1683 686 ita
1697 630 1750 686 dici
1765 647 1817 703 po-

167 714 228 783 tuus
242 734 294 793 est,
311 741 365 782 non
379 725 477 796 portio,
493 738 550 778 non
575 720 725 792 protensio,
742 733 796 773 non
818 717 968 773 secundnm
1023 724 1085 783 test,
1102 725 1127 772 ει
1143 716 1277 788 quidquid
1292 717 1318 771 in
1335 717 1382 772 illa
1396 717 1525 773 ineffabili
1540 718 1708 791 simplicique
1723 729 1819 775 natura

168 815 374 873 efficientiarum
389 812 547 884 opinionem
561 824 665 865 nomen
680 805 793 877 aliquod
808 806 905 874 inane;
919 803 970 860 sed
1022 803 1228 876 intelligendum
1242 813 1302 874 est;
1318 815 1444 870 aeternus,
1459 806 1632 874 immortalis,
1653 808 1817 879 incorrupti·

168 904 252 960 Filius
266 920 300 959 ex
315 912 342 958 ιε
357 916 423 959 vero
438 902 496 956 lieo
510 900 590 953 Patro
605 898 677 952 Deus
697 911 789 962 verns,
805 902 833 949 ει
855 910 870 948 ε
894 902 920 948 ιε
941 893 968 946 in
1024 893 1094 962 bilis,
1110 893 1297 964 immutabilis,
1313 895 1401 963 rivus,
1417 896 1542 966 sapiens,
1566 904 1673 966 potens,
1696 906 1816 962 sanctus,

168 1001 271 1049 nature
286 1000 339 1047 tnae
354 989 481 1062 ingenita
507 986 618 1059 genitus
642 990 784 1056 potestate.
803 1007 814 1032 ι
831 981 969 1037 Videtisne
1020 982 1121 1050 justus,
1136 980 1239 1048 bonus,
1256 982 1362 1049 beatus,
1380 991 1498 1039 creator.
1514 984 1680 1056 Augustinus
1698 985 1725 1039 in
1742 985 1788 1039 lib.
1799 1000 1819 1039 v

168 1095 244 1153 ergo,
259 1096 276 1137 o
290 1077 428 1152 purpurati
440 1077 571 1148 juvenes,
587 1073 632 1129 vel
646 1088 696 1127 ros
720 1072 826 1142 saltem,
842 1086 859 1126 o
873 1067 969 1125 cucul·
1023 1071 1064 1126 Do
1080 1070 1209 1127 Trinitate
1226 1089 1232 1125 :
1252 1094 1263 1118 u
1280 1072 1319 1140 Si,
1333 1072 1454 1144 »inquit
1468 1092 1479 1123 ι
1491 1073 1624 1144 quidquid
1635 1073 1663 1128 in
1673 1089 1703 1129 se
1717 1081 1818 1140 manet,

167 1170 213 1226 lati
227 1168 316 1235 amici,
332 1168 377 1238 qni
393 1164 502 1221 thalami
518 1161 671 1219 Salomonis
687 1169 794 1216 secreta
819 1157 967 1225 rimamini,
1024 1166 1051 1214 et
1063 1159 1153 1231 gignit
1168 1168 1194 1215 et
1205 1166 1333 1231 operatur
1347 1160 1458 1230 aliquid,
1474 1161 1635 1232 principium
1651 1170 1693 1217 εει
1705 1163 1762 1231 ejus
1777 1161 1821 1218 rei

168 1258 277 1327 ridetis,
293 1257 414 1327 inquam,
431 1268 513 1326 qnam
528 1251 625 1307 devius
640 1249 703 1305 sita
718 1264 794 1318 vero,
807 1247 970 1320 qnisapien·
1024 1263 1106 1319 quam
1120 1248 1219 1320 gignit,
1236 1247 1281 1305 vel
1297 1248 1357 1319 ejus
1371 1264 1449 1319 quam
1465 1257 1600 1321 operatur,
1610 1265 1665 1306 non
1676 1266 1821 1321 possumus

167 1347 232 1403 tiam
248 1345 342 1411 Patris,
357 1343 384 1399 id
406 1350 445 1398 est
470 1340 565 1396 Filium
589 1338 650 1407 Dei,
672 1337 747 1403 dicit,
764 1352 817 1392 non
842 1335 970 1405 omnipo·
1024 1350 1124 1407 negare
1142 1336 1270 1407 Spiritum
1278 1347 1400 1392 sanctum
1412 1346 1483 1393 recte
1494 1338 1551 1393 dici
1559 1338 1738 1409 principium
1758 1341 1821 1409 qnia

167 1435 289 1499 tentiam,
306 1433 355 1489 sed
371 1430 515 1501 qnamdam
530 1428 679 1499 potentiam
700 1426 734 1481 de
750 1423 971 1494 omnipotentia?
1023 1439 1077 1479 non
1093 1440 1154 1479 eum
1175 1441 1337 1496 separamus
1357 1426 1392 1480 ah
1416 1425 1599 1497 appellatione
1622 1427 1755 1482 Cremonis
1772 1443 1778 1482 :
1794 1436 1822 1483 et

167 1522 212 1581 uel
226 1521 328 1594 aliquid
342 1536 374 1577 ειι
390 1522 476 1590 Ρειιε,
490 1533 553 1574 cum
568 1523 642 1572 totus
658 1522 743 1571 totum
759 1513 832 1569 idem
848 1513 883 1566 sit
895 1510 969 1583 quod
1023 1512 1208 1583 scriptumest
1222 1513 1257 1568 de
1271 1513 1326 1579 illo,
1343 1514 1415 1586 qnod
1427 1523 1567 1585 operatur,
1582 1522 1609 1570 et
1627 1515 1718 1585 ntique
1736 1516 1765 1571 in
1789 1533 1820 1572 se

168 1613 252 1667 Pater
280 1609 438 1665 naturaliter
466 1614 494 1663 et
522 1603 687 1662 aeternaliter
712 1618 773 1658 cum
802 1602 889 1666 Patre,
906 1599 971 1655 licet
1022 1612 1136 1652 manens
1151 1608 1290 1669 operatur.
1308 1600 1370 1653 Non
1384 1599 1456 1653 enim
1475 1600 1502 1653 in
1521 1600 1628 1670 aliquid
1646 1615 1738 1656 eorum
1757 1618 1820 1673 quaa

169 1702 247 1756 Deus·
262 1699 342 1754 Filius
362 1704 440 1752 natus
462 1697 497 1750 sit
520 1711 555 1750 ex
577 1693 679 1749 Petrei
704 1690 784 1746 Fides
805 1705 866 1762 quae
888 1703 968 1758 supra
981 1715 1009 1776 B
1023 1693 1160 1757 operatur,
1176 1687 1235 1758 ipse
1252 1695 1373 1742 mutatur
1387 1695 1412 1743 et
1427 1688 1547 1744 vertitur.
1567 1712 1578 1739 s

168 1787 275 1843 firmam
286 1795 392 1858 petram
407 1784 519 1841 fundata
533 1788 586 1851 εει,
601 1780 691 1836 invadi
706 1778 827 1850 quidem,
843 1777 892 1833 sed
906 1792 969 1832 mo·
1061 1775 1094 1829 Et
1108 1776 1240 1847 expositis
1254 1776 1306 1842 his,
1322 1793 1383 1849 qnae
1403 1776 1480 1846 juxta
1501 1778 1656 1848 Apostolum
1680 1788 1818 1850 operatur,

169 1875 227 1933 reri
241 1891 296 1931 non
311 1879 416 1945 potest.
1025 1863 1097 1918 idem
1112 1865 1280 1935 Augustinus
1294 1864 1432 1919 concludit
1446 1865 1486 1920 sic
1501 1882 1507 1920 :
1527 1888 1537 1912 κ
1555 1864 1622 1934 Quis
1634 1874 1708 1922 tanta
1730 1876 1821 1938 potest

204 1964 260 2021 Sed
272 1980 307 2020 ne
330 1971 466 2019 tantorum
488 1958 684 2030 multiplicitate
708 1957 855 2012 verborum
878 1968 969 2009 scrmo
1026 1951 1146 2022 operari,
1164 1952 1216 2006 nisi
1227 1954 1321 2007 beust
1336 1953 1410 2008 Sicut
1421 1953 1505 2025 igitur
1514 1954 1596 2009 Filius
1607 1956 1656 2009 Dei
1670 1958 1824 2027 semperdo

168 2060 264 2111 noster
280 2052 419 2118 silvescat,
446 2057 473 2104 ει
502 2048 604 2104 seueris
623 2046 736 2102 vilescat
753 2043 901 2114 iudicibus,
915 2043 973 2112 jam
1027 2039 1085 2094 lteo
1100 2048 1178 2094 natus
1194 2056 1306 2111 semper
1320 2048 1362 2095 est
1377 2041 1463 2105 Dens;
1479 2042 1519 2097 sic
1534 2049 1561 2097 et
1575 2041 1692 2113 Spiritus
1713 2053 1825 2101 sanctus

169 2151 197 2199 et
207 2155 281 2198 nunc
296 2139 369 2212 quod
387 2137 513 2208 ejusdem
527 2133 689 2207 perditionis
701 2139 867 2204 praeruptum
883 2137 973 2185 teneat
1027 2127 1062 2183 de
1073 2129 1152 2182 Patre
1158 2132 1185 2183 ει
1194 2128 1260 2183 Filio
1268 2144 1376 2200 semper
1383 2129 1797 2202 procedenssemperestllens.
1810 2156 1822 2184 s

172 2230 237 2297 iter,
253 2229 288 2284 da
314 2227 414 2299 Spiritu
438 2228 531 2280 sancto
554 2222 678 2294 loquens,
694 2219 896 2291 inexploratum
919 2232 973 2272 nnn
1028 2215 1104 2271 ldem
1113 2218 1279 2288 Augustinus
1289 2217 1316 2271 in
1327 2217 1501 2274 lihroeodem
1512 2219 1552 2274 De
1562 2220 1708 2276 Trinitate:
1723 2245 1734 2270 r
1747 2222 1825 2277 Sem·

172 2317 339 2389 relinquam.
351 2338 362 2363 ι
373 2313 539 2384 benignitas,
554 2333 565 2359 n
578 2309 674 2382 inquit,
689 2331 700 2356 s
713 2309 780 2380 ipsa,
793 2304 975 2379 quaeestSpi·
1027 2320 1077 2374 per
1090 2306 1214 2376 procedit
1230 2305 1346 2376 Spiritus
1372 2315 1492 2372 sanctus,
1508 2315 1535 2362 et
1558 2324 1612 2364 non
1636 2325 1669 2364 ex
1691 2316 1824 2379 tempore,

173 2406 244 2461 ritus
258 2411 379 2470 sanctus,
394 2417 449 2457 non
474 2409 515 2455 est
537 2400 565 2453 in
591 2398 649 2453 Deo
673 2397 762 2467 aliqua
784 2394 912 2467 potentia,
929 2393 974 2449 vel
1027 2394 1075 2449 sed
1089 2411 1122 2449 ex
1136 2395 1292 2450 eternitate
1307 2395 1429 2465 procedit
1446 2414 1451 2450 :
1469 2395 1517 2451 sed
1528 2396 1823 2469 qniasicprocedcbat,

173 2493 325 2566 sapientia3
342 2491 406 2563 quia
421 2488 495 2543 aliud
506 2494 557 2557 est,
574 2486 722 2558 benignum
736 2500 812 2547 esse;
828 2482 900 2538 aliud
923 2488 973 2548 est,
1028 2490 1057 2537 ut
1071 2491 1140 2538 esset
1153 2483 1289 2548 donabile,
1302 2483 1469 2550 jamdonnm
1479 2493 1550 2559 erat,
1563 2494 1589 2540 et
1599 2492 1742 2557 antequem
1752 2492 1825 2541 esset

171 2589 310 2655 potentem
325 2593 404 2647 esse;
422 2576 495 2633 aliud
510 2575 661 2646 sapientem
686 2589 758 2629 esse.
778 2596 788 2620 n
807 2573 861 2627 Cur
883 2570 974 2643 legitis
1028 2571 1070 2626 cni
1085 2571 1241 2625 donaretur.
1257 2570 1343 2625 Aliter
1365 2571 1439 2625 enirn
1459 2572 1628 2645 intelligitur,
1644 2589 1705 2629 cum
1725 2574 1826 2629 dicitnr

171 2672 235 2739 boc,
250 2685 267 2726 ο
283 2665 479 2735 insani‘lQuis
493 2664 545 2718 nisi
560 2662 663 2718 delirus
677 2661 821 2717 haereticus
835 2668 892 2715 eta
916 2660 974 2714 Deo
1028 2659 1140 2724 donum,
1155 2658 1233 2713 aliter
1255 2673 1316 2713 cum
1344 2658 1443 2714 dicitur
1467 2660 1607 2716 donatum.
1623 2662 1693 2716 Nam
1722 2661 1823 2718 donum

86 2742 91 2754 ⁵
174 2759 292 2815 traditus
316 2757 344 2811 in
357 2753 503 2825 reprobum
531 2767 650 2819 sensum,
673 2749 757 2805 audet
781 2748 846 2804 talia
873 2748 972 2814 dicore,
1027 2755 1193 2818 potestesse
1221 2754 1248 2801 et
1274 2755 1419 2819 antequam
1445 2746 1524 2802 detur
1540 2766 1546 2802 :
1563 2749 1694 2804 donatum
1721 2758 1820 2819 autem,

172 2846 322 2920 praesertim
337 2841 509 2898 defenderet
524 2839 592 2909 Quis
603 2839 638 2894 de
653 2837 826 2894 consolatore
840 2837 975 2907 orphano·
1027 2835 1079 2890 nisi
1094 2835 1185 2890 datum
1201 2834 1292 2903 luerit,
1306 2835 1379 2890 nullo
1393 2836 1474 2892 modo
1499 2853 1560 2892 ease
1581 2846 1681 2908 potest.
1703 2861 1714 2888 n
1736 2840 1770 2893 Et
1793 2839 1822 2893 in

171 2952 231 2992 rum
245 2933 353 2999 Christi,
369 2929 476 3001 quiade
490 2942 557 2984 nero
567 2928 681 2983 doctore
692 2924 884 2996 apostolorum
895 2922 972 2979 Chri·
1027 2923 1096 2980 libro
1112 2931 1206 2980 contra
1219 2924 1383 2979 assertiones
1397 2925 1574 2981 Arianornm:
1592 2948 1603 2974 a
1620 2926 1689 2982 lnde
1704 2926 1823 2998 Spiritus

173 3022 216 3088 sti,
232 3022 294 3092 quis
307 3020 344 3076 de
357 3018 541 3074 illuminatore
556 3024 711 3071 sanctarum
726 3014 888 3078 animarum,
907 3026 974 3084 quas
988 3059 1013 3122 (¹
1028 3019 1137 3068 sanctus
1151 3013 1237 3076 audit,
1252 3013 1323 3068 unde
1338 3013 1470 3083 procedit.
1487 3013 1543 3070 Scit
1558 3015 1630 3069 enim
1640 3014 1690 3070 Dei
1705 3014 1823 3071 Verbum

173 3109 319 3167 introducit
332 3109 361 3162 in
375 3122 483 3162 omnem
507 3103 659 3167 veritatem,
671 3109 724 3157 tam
738 3100 821 3173 impio
843 3101 975 3156 mentitus
1005 3095 1014 3119 ¹
1027 3100 1202 3170 procedendo
1217 3100 1289 3166 inde,
1305 3101 1377 3156 unde
1392 3103 1513 3158 nascitur
1536 3102 1664 3170 Verbum,
1680 3103 1717 3158 ita
1736 3111 1765 3158 ut
1788 3104 1824 3159 sit

173 3199 239 3255 esti
254 3220 266 3247 a
279 3196 332 3266 Qui
341 3195 441 3252 dixerit
451 3193 649 3264 blasphemiam
658 3191 685 3245 in
694 3192 798 3246 Patrem
808 3197 854 3245 aut
867 3189 972 3257 Filium,
1027 3189 1206 3244 communiter
1230 3187 1348 3260 Spiritus
1372 3198 1399 3245 et
1420 3191 1508 3245 Patris
1531 3197 1558 3246 ει
1583 3191 1712 3246 Verbi.»
1737 3192 1771 3246 Et
1793 3191 1823 3245 in

173 3289 329 3345 remittetur
343 3285 388 3351 ei;
404 3284 448 3354 qni
472 3290 565 3338 autem
589 3279 689 3335 dixerit
702 3280 729 3334 in
752 3279 883 3351 Spiritum
907 3294 974 3333 san·
1028 3277 1077 3332 lib.
1096 3292 1123 3333 vr
1147 3278 1187 3332 De
1208 3277 1359 3333 Trinitate:
1379 3277 1579 3349 «Quapropter
1600 3281 1683 3335 etiam
1706 3279 1822 3350 Spiritus

176 3385 258 3443 mum,
276 3390 330 3431 non
346 3373 499 3428 remittetur
512 3370 547 3437 ei,
562 3384 651 3439 neque
661 3368 687 3422 in
699 3354 754 3423 boc
763 3365 876 3437 saeculo,
885 3380 974 3437 neque
1027 3372 1134 3422 sanctus
1147 3367 1176 3419 in
1194 3365 1291 3420 eadem
1314 3366 1419 3421 unitate
1445 3375 1471 3422 ει
1492 3366 1645 3436 aequalitate
1666 3368 1824 3424 substantias

175 3464 205 3520 in
218 3463 309 3520 intnro
325 3462 434 3530 (natta
451 3459 511 3531 xri).
529 3482 541 3508 ι
557 3457 597 3512 Ad
616 3456 744 3526 Spiritum
767 3471 883 3525 namque
906 3468 975 3509 san·
1027 3454 1159 3510 consistit.
1176 3453 1243 3509 Siue
1256 3454 1328 3509 enim
1343 3456 1380 3509 sit
1402 3455 1492 3509 unitas
1512 3454 1662 3522 amborum,
1678 3455 1735 3512 sive
1755 3471 1823 3513 san-

174 3560 259 3617 ctum,
274 3552 340 3621 quia
354 3549 454 3605 donum
470 3554 521 3610 est,
537 3545 654 3615 pertinet
667 3544 779 3615 proprie
802 3550 975 3615 peccatorum
1027 3542 1115 3610 ntitas,
1130 3542 1190 3597 sive
1201 3541 1339 3609 charitas;
1355 3542 1415 3597 sive
1424 3542 1486 3597 ideo
1500 3543 1598 3606 unitas,
1610 3544 1673 3612 quia
1682 3543 1821 3614 charitas;

174 3639 313 3696 remissio.
328 3639 363 3692 At
378 3635 450 3691 istud
463 3638 575 3707 proprie
590 3640 699 3688 nonest
712 3632 794 3697 Petri,
811 3631 859 3686 sed
880 3633 974 3702 Angu-
1028 3637 1056 3684 et
1079 3629 1142 3685 ideo
1169 3630 1295 3698 charitas,
1312 3630 1373 3701 quia
1398 3632 1528 3686 sanctitas
1545 3649 1551 3685 :
1568 3631 1741 3687 manifestum
1769 3640 1822 3702 est,

175 3727 258 3797 atini,
275 3726 408 3798 quianon
427 3730 468 3777 est
491 3722 525 3777 ad
549 3735 673 3792 ρειεοιιεε
696 3719 910 3785 distinctionem,
925 3719 974 3774 sed
1027 3717 1090 3789 quia
1104 3717 1203 3789 aliquis
1217 3717 1333 3773 duorum
1355 3734 1410 3774 non
1434 3728 1483 3785 est,
1500 3735 1554 3791 qno
1572 3728 1685 3792 uterque
1705 3721 1823 3790 conjun-

176 3815 210 3871 ad
225 3812 425 3879 ostensionem;
442 3809 506 3880 quin
521 3808 593 3879 quod
608 3808 686 3863 Pater
706 3813 733 3862 et
755 3806 842 3863 Filius
866 3815 976 3878 peccata
1027 3814 1116 3878 gutur,
1124 3820 1178 3873 qno
1189 3807 1465 3879 genitusaqignente
1473 3807 1823 3880 diligatur,gonitoremque

177 3903 323 3969 dimittunt,
339 3914 391 3971 per
405 3912 483 3953 snam
499 3896 659 3964 bonitatem,
672 3895 724 3951 hoc
748 3902 797 3960 εει,
814 3911 865 3966 ρει
887 3894 977 3966 Spiri-
1027 3910 1105 3949 suum
1129 3894 1243 3967 diligen
1259 3895 1365 3964 sintque
1388 3911 1443 3950 non
1464 3896 1683 3968 participatione,
1704 3897 1754 3953 sed
1777 3914 1823 3953 es·

174 4000 231 4048 tam
246 3996 369 4045 mactum
392 3987 539 4051 dimittunt,
554 3985 584 4039 id
605 3993 657 4051 εει,
674 3999 729 4040 non
752 3999 786 4038 cx
807 3982 909 4049 debito,
925 3983 976 4038 sed
1027 3982 1114 4037 εειιιιε
1128 3997 1188 4049 sua,
1203 3998 1291 4052 nequa
1305 3983 1377 4038 dono
1392 3985 1544 4054 superioria
1568 3985 1694 4057 alicujus,
1709 3986 1757 4042 sed
1772 4001 1823 4044 sno

174 4078 295 4153 gratuito
308 4076 395 4132 dono.
424 4074 546 4146 Apostoli
560 4088 612 4129 vox
627 4079 669 4129 εει
684 4088 691 4128 :
706 4095 717 4121 l
735 4072 773 4127 Ex
796 4071 866 4142 ipso,
884 4080 911 4126 et
925 4087 976 4142 per
1027 4070 1150 4141 proprio,
1161 4079 1301 4126 servantes
1314 4071 1444 4127 unitatem
1460 4071 1578 4143 Spiritus
1593 4075 1622 4128 in
1637 4074 1748 4131 uinculo
1771 4091 1824 4146 pa-

174 4162 275 4240 ipsnm,
292 4172 320 4221 ει
334 4164 362 4219 in
377 4163 438 4236 ipso
453 4170 516 4217 sunt
527 4161 621 4218 omnia
635 4163 723 4229 (Rom.
740 4160 790 4230 xa).
808 4182 819 4208 n
838 4159 922 4227 Quasi
935 4160 976 4214 di·
1028 4159 1077 4215 cis.
1093 4161 1133 4213 lta
1159 4166 1222 4213 sunt
1246 4159 1293 4214 illa
1321 4159 1385 4227 tria,
1410 4161 1484 4216 Deus
1513 4178 1592 4228 unus,
1608 4163 1682 4218 solus
1695 4178 1822 4235 magnus,

175 4263 261 4313 cerat.
281 4255 320 4309 Ex
335 4254 425 4318 Patre,
443 4268 491 4323 per
504 4250 612 4319 Filium,
628 4249 656 4304 in
679 4247 780 4320 Spiritu
795 4252 900 4304 sancto.
916 4249 975 4304 llo·
1027 4246 1145 4317 sapiens,
1168 4254 1287 4314 sauctus,
1303 4246 1410 4317 heatus,
1432 4249 1614 4319 omnipotens,
1639 4250 1786 4323 benignus.
1809 4275 1821 4301 ε

174 4359 236 4400 rom
246 4343 317 4399 enim
327 4349 456 4398 etnatura
465 4340 563 4395 eadem
571 4346 647 4394 estet
656 4337 786 4409 operatio.
802 4337 868 4391 «Ex
878 4336 971 4408 ipso,»
1026 4336 1060 4390 Ει
1074 4335 1167 4390 inira:
1188 4358 1199 4385 u
1216 4334 1334 4408 Spiritus
1359 4345 1468 4393 sanctus
1491 4353 1634 4394 commune
1658 4346 1699 4395 est
1719 4340 1823 4412 aliquid

175 4447 293 4503 namque
306 4454 318 4480 s
331 4437 357 4486 et
367 4429 524 4501 peripsum,
535 4434 563 4482 ει
572 4428 600 4481 ιιι
610 4425 681 4497 ipso,
700 4404 1013 4483 nvocessnntunst
1029 4425 1132 4492 Patris,
1148 4431 1175 4479 et
1188 4423 1261 4493 Filii,
1287 4423 1418 4496 quidquid
1438 4425 1508 4481 illud
1526 4434 1576 4482 est.
1601 4429 1634 4482 At
1657 4428 1718 4499 ipsa
1740 4444 1822 4484 com-

174 4521 351 4591 eamdemque
373 4517 553 4575 substantiam
577 4513 774 4585 significantes,
798 4514 871 4585 quod
895 4518 973 4586 Apo-
1026 4513 1119 4568 munio
1142 4512 1380 4568 consubstantialis
1409 4518 1436 4569 et
1461 4524 1596 4570 coaeterna
1621 4525 1671 4571 est.
1701 4515 1772 4585 Quas
1798 4518 1823 4573 si

175 4610 260 4666 stolus
273 4607 397 4665 clausola
408 4604 583 4676 subsequenti
599 4602 786 4675 patentissime
800 4602 971 4658 declararit:
1025 4601 1144 4656 amicitis
1181 4600 1373 4657 conuenienter
1406 4601 1458 4657 dici
1496 4603 1590 4673 possit,
1620 4604 1742 4671 dicatur;
1771 4605 1822 4660 sod

179 4696 265 4769 alpsi,
277 4690 970 4766 »inquiq-nonipsis,gloriainseaculasaeculornm.
1024 4689 1113 4760 aptius
1127 4688 1230 4744 dicatur
1242 4689 1372 4746 charitas.
1391 4713 1402 4739 s
1419 4690 1455 4744 Et
1468 4690 1500 4748 S.
1518 4691 1638 4747 Hilarius
1653 4693 1680 4747 in
1695 4691 1767 4749 libro
1781 4709 1821 4748 ιιι

175 4789 273 4843 Amen.
292 4808 304 4835 ι
321 4783 439 4839 Emersit
453 4781 489 4836 ab
505 4778 969 4851 inierisnuperalterliacedonius,
1025 4779 1065 4834 Da
1092 4777 1227 4833 Trinitate
1256 4797 1263 4832 :
1289 4799 1301 4826 ι
1324 4778 1461 4834 creaturae
1488 4795 1588 4837 nomen
1612 4797 1648 4836 ne
1667 4782 1696 4836 in
1725 4789 1821 4838 sancto

176 4873 225 4946 qni
251 4872 359 4929 callidis
391 4868 619 4941 disputationibus
649 4868 768 4924 intentus
800 4868 970 4939 praedicaret,
1025 4865 1128 4938 Spiritu
1143 4867 1256 4938 quidem
1280 4872 1325 4922 tuo
1347 4868 1443 4938 patiar,
1460 4885 1493 4922 ει
1519 4876 1545 4924 ιε
1572 4870 1706 4940 proiecto,
1723 4878 1749 4926 ει
1771 4887 1822 4942 ρει

175 4960 305 5033 Spiritum
319 4964 445 5016 sanctum
459 4973 516 5013 non
531 4973 588 5013 esse
604 4958 701 5013 Deum.
717 4957 746 5012 Si
759 4958 831 5012 enim
846 4957 972 5028 omnipo-
1024 4953 1122 5011 Filium
1140 4955 1238 5012 misso.
1260 4976 1272 5006 ι
1289 4956 1359 5011 Sane
1382 4971 1447 5011 sana
1461 4957 1582 5013 doctrina
1600 4966 1737 5030 praeeunte
1752 4962 1821 5015 satis

174 5054 370 5115 tensnonest,
384 5048 457 5103 Deus
471 5053 598 5103 nonest:
620 5045 715 5116 quiesi
730 5046 866 5114 Deusest,
880 5045 972 5102 omni·
1024 5043 1053 5099 in
1082 5043 1203 5099 omnium
1229 5045 1258 5099 in
1282 5043 1336 5099 fida
1364 5045 1393 5100 S.
1423 5045 1562 5100 Trinitatis
1597 5056 1821 5118 regeneratorum

175 5155 272 5220 potens
283 5152 341 5209 εει;
355 5145 456 5217 quippe
470 5143 516 5216 qui
530 5143 576 5199 uhi
590 5143 651 5198 uult
665 5144 760 5215 spirat,
772 5143 818 5215 qui
834 5150 971 5200 scrutatur
1023 5134 1162 5189 communi
1177 5131 1357 5201 confessione,
1372 5134 1537 5204 rationisque
1552 5134 1631 5190 simul
1651 5145 1677 5191 et
1700 5137 1823 5193 anctori-

174 5257 275 5300 araana
288 5242 350 5303 liei.
367 5240 412 5311 qni
426 5239 515 5311 replet
527 5240 623 5296 orbem
641 5247 783 5307 terramm,
799 5243 845 5309 qni
857 5247 971 5310 sposto-
1024 5231 1087 5286 tatis
1101 5231 1281 5297 attestatione,
1299 5229 1402 5300 liquido
1423 5232 1592 5302 propalatum
1615 5239 1697 5304 atque
1719 5233 1821 5291 contir-

173 5337 216 5394 laa
237 5337 362 5404 inebriat,
386 5336 431 5408 qni
452 5335 603 5392 Ecclesiam
627 5336 763 5403 iecundst,
788 5335 833 5408 qui
858 5342 971 5406 peccata
1024 5336 1130 5386 matum
1145 5338 1186 5384 est
1200 5328 1328 5401 Spiritum
1341 5337 1465 5386 sanctum
1477 5330 1567 5386 Deum
1586 5346 1661 5387 esse.
1677 5335 1711 5387 At
1732 5333 1823 5390 Deura

175 5435 288 5503 relaxm,
304 5432 349 5504 qni
363 5448 433 5489 unas
444 5440 526 5505 atque
540 5431 613 5490 idem
635 5433 758 5506 spiritus,
773 5429 898 5489 dividens
913 5431 971 5487 sin-
1025 5442 1097 5495 case,
1111 5427 1163 5485 hoc
1176 5433 1227 5495 εει,
1242 5442 1325 5482 unum
1339 5443 1410 5495 essa,
1423 5427 1541 5500 simplex
1557 5444 1627 5498 esse,
1639 5443 1733 5487 verum
1747 5445 1821 5499 esse,

176 5527 248 5604 galis
269 5535 351 5602 prout
373 5528 440 5610 uult,
462 5527 628 5585 charismata
654 5527 802 5601 (ιιερειιεει.
830 5527 895 5586 llaec
915 5543 971 5587 noa
1024 5529 1080 5585 imo
1093 5543 1166 5586 esse.
1182 5525 1228 5584 Sic
1240 5526 1314 5584 enim
1327 5526 1413 5600 ltopsi
1424 5525 1538 5598 iubetur
1551 5542 1558 5583 ι
1572 5526 1641 5585 Hoec
1660 5528 1736 5587 dire
1748 5528 1821 5600 filiis
