3728 6000
10 152 16 199 Ι
66 164 135 220 luta
580 164 737 224 RELATIO
758 167 829 226 PRO
851 168 1082 228 MONhSl'lllllO
1103 168 1253 228 uoruhsl
1723 186 1792 236 1651
1837 220 1840 225 -

10 288 13 327 l
61 289 214 348 mensium
228 289 428 364 adagendum
443 292 480 350 de
494 292 555 352 vita
570 291 799 364 sua,seilicetde
811 310 887 368 prrs-
903 298 926 353 h
940 294 1042 353 nensis
1064 295 1223 354 monaterii
1241 299 1269 354 et
1298 311 1367 355 eura
1390 290 1581 368 redemptum
1601 292 1769 352 reddidisse

59 378 167 435 bendis
188 381 259 445 suis,
273 382 311 438 de
330 382 485 439 usufructu
506 399 635 456 quarum
655 384 685 439 iu
701 384 820 442 servitio
836 385 886 442 liei
941 385 1071 443 abbatiss
1084 387 1182 443 Sancti
1197 386 1315 443 Albani.

59 467 157 525 rivere
172 469 331 541 debebant,
349 472 636 545 etservitioquarum
648 473 776 530 ordinati
789 480 884 543 erant,
976 475 1018 531 lli.
1035 474 1117 541 Quod
1141 480 1240 532 autem
1262 475 1365 532 dicunt
1388 472 1637 543 andegavensem
1650 470 1763 543 episcc·

58 556 192 614 obtinere
207 575 268 617 non
295 567 462 633 potuerunt.
477 562 559 619 Circa
569 562 634 619 illos
649 562 728 619 eirca
743 580 818 636 qnos
835 564 884 622 de-
941 580 1013 636 pum
1031 564 1134 621 iecisse
1148 565 1283 622 chartam
1297 565 1339 621 eis
1353 565 1383 621 in
1406 562 1609 620 testimoninm
1620 558 1726 632 judicii
1737 563 1766 618 et

57 646 121 702 cuit
131 646 243 706 iactum
259 665 319 706 non
341 650 405 716 luit,
430 652 502 723 quia
516 651 596 708 circa
609 652 751 708 abbatem
764 658 793 709 et
808 655 885 712 circa
939 653 1127 721 investitura,
1138 654 1234 724 magis
1250 654 1365 711 videtur
1380 653 1422 709 eis
1434 651 1553 708 olficere
1567 664 1660 722 quam
1675 648 1765 721 proli·

55 737 604 810 canonicosregularesSanctoellariar
620 741 658 799 de
671 741 883 800 Boscoiactum
939 757 1014 808 cere,
1035 743 1106 815 quia
1125 758 1186 800 non
1206 743 1259 799 luit
1275 741 1443 815 composita
1457 756 1510 813 per
1529 753 1598 796 eum
1618 737 1671 810 qui
1695 740 1764 796 aute

56 839 119 880 nou
137 825 201 893 luit,
213 843 343 900 quorum
357 835 471 886 tantum
486 833 549 887 erat
562 834 591 887 et
601 830 766 902 proprietas
781 835 885 904 etpos·
939 835 1001 889 erat
1022 833 1165 903 magister
1192 833 1363 889 scholarum
1376 849 1384 889 .·
1397 846 1467 887 cum
1496 829 1526 886 iu
1552 828 1764 899 hudevageusi

57 915 155 972 sessio
167 917 403 990 saepissimejam
417 919 680 991 proelataecapetlre
692 918 884 979 datreetcoa·
938 921 1063 978 eeclesia
1083 922 1162 979 nulla
1176 921 1280 978 charta
1294 921 1434 978 derebus
1448 919 1487 976 ad
1513 917 1762 987 andegavensem

53 1002 181 1062 firmatae
197 1021 250 1079 per
264 1008 514 1079 andegavensem
525 1009 711 1082 episcopum,
721 1024 774 1078 per
788 1010 883 1067 arohi-
937 1010 1153 1082 pertinentibus
1168 1011 1262 1068 soleat
1275 1009 1439 1083 recipi,nisi
1456 1024 1474 1065 a
1490 1008 1649 1077 magistros
1663 1004 1764 1062 chola-

52 1092 228 1161 diaconum,
249 1110 303 1167 per
317 1097 620 1171 archipresbyterum,
630 1113 679 1170 per
689 1098 840 1156 decanum
855 1103 883 1156 et
937 1111 1002 1154 rum
1016 1097 1126 1156 dictata
1136 1104 1164 1155 et
1178 1098 1301 1156 laudata
1320 1098 1415 1154 tuerit.
1428 1094 1574 1151 sedimus
1584 1092 1763 1166 quodcher·

55 1182 220 1254 capitulum
234 1184 334 1242 Sancti
344 1187 720 1261 Mauriciipereapsltanos
736 1187 813 1245 illius
832 1203 882 1246 ca·
938 1191 966 1244 ta
986 1187 1035 1243 illa
1050 1203 1109 1244 non
1129 1189 1260 1245 eontinet
1275 1188 1388 1261 priores
1403 1189 1513 1242 nostrae
1533 1180 1679 1252 Ecclesiae,
1695 1180 1763 1253 qui-

54 1271 141 1342 pellse
161 1289 228 1345 quau
246 1275 334 1333 uobis
349 1281 395 1333 est
410 1277 440 1333 in
456 1293 517 1343 ore,
534 1281 562 1333 et
580 1277 802 1345 adcumulem,
830 1293 882 1351 per
936 1275 993 1332 bus
1007 1292 1196 1350 quaecunque
1216 1277 1319 1334 charta
1347 1280 1428 1333 caret
1449 1288 1509 1331 aon
1530 1277 1647 1328 tantum
1663 1269 1761 1343 perdit
1834 1323 1838 1329 .

52 1360 212 1421 domiuum
223 1370 355 1422 nostrum
368 1382 478 1440 papam
488 1367 881 1438 magnificumetmirillcum
937 1366 1154 1434 auctoritatem,
1166 1365 1219 1422 sed
1233 1365 1322 1422 etiam
1337 1368 1467 1420 meretur
1478 1361 1671 1419 calumniam.

53 1450 239 1519 Paschalem,
250 1457 337 1528 cujus
350 1457 509 1513 auctoritas
527 1456 748 1529 supergreditur
759 1461 882 1515 etexee·
971 1455 1025 1510 llll.
1047 1457 1154 1511 Contra
1167 1454 1224 1510 hoc
1241 1455 1320 1526 quod
1341 1454 1479 1510 asserunt
1496 1448 1653 1507 domiuum
1668 1445 1762 1504 Calix·

52 1539 97 1595 dit
109 1539 196 1611 longe
209 1559 315 1599 omnes
328 1544 506 1601 donationes
517 1550 544 1602 et
554 1545 797 1603 confirmationes
808 1547 879 1604 alio·
936 1548 998 1600 tum
1014 1559 1126 1617 papam
1139 1549 1167 1600 et
1180 1543 1432 1601 vesetdcminum
1447 1544 1563 1597 Petrum
1576 1536 1774 1595 Leonlscou·-

51 1630 222 1686 rum.Unde
232 1634 554 1690 nosconfisidesummi
559 1634 669 1706 judicis
677 1634 912 1710 misericordiag
934 1633 1071 1690 firmasse
1087 1633 1142 1690 tale
1151 1633 1297 1704 iudicium
1314 1637 1342 1689 et
1357 1631 1446 1690 talem
1461 1628 1681 1693 investituram,
1699 1639 1761 1683 uon

51 1722 81 1771 et
96 1725 202 1786 vestra,
217 1720 352 1777 similiter
366 1723 403 1778 de
417 1724 466 1780 llei
485 1727 515 1778 et
529 1727 630 1780 nestra
646 1730 672 1781 at
684 1724 793 1780 horum
807 1742 878 1796 pau·
934 1726 978 1779 est
994 1723 1135 1780 mirumsi
1150 1723 1206 1779 ista
1221 1720 1460 1786 confirmavistis,
1475 1719 1528 1792 qui
1540 1716 1656 1773 nullum
1670 1730 1761 1787 super

49 1808 877 1888 perumjustitia,coulideutardicimus,quandoquidem

49 1895 876 1967 istlregularescanoniciuonlueruntvoeatiadoeusam

50 1999 107 2040 neo
118 1985 252 2056 judicati,
265 1988 339 2045 illud
358 1990 441 2063 quod
455 1990 503 2047 hie
529 1991 677 2063 judicium
693 1992 876 2065 nominatur,

49 2073 129 2131 cirea
141 2075 195 2131 hos
210 2077 289 2135 eirea
302 2094 380 2151 quos
397 2079 495 2137 decuit
519 2080 631 2137 lactum
657 2096 718 2137 non
741 2080 805 2148 luit,
823 2096 877 2139 nce

48 2161 122 2219 istos
136 2165 286 2237 regulares
301 2167 411 2224 debere
434 2169 583 2232 damnari,
604 2185 658 2225 uec
678 2176 800 2243 propter
819 2171 876 2229 hoc

50 2266 70 2306 a
84 2267 177 2310 causa
198 2255 386 2329 praecipitari,
402 2258 521 2315 etiamsi
543 2257 583 2314 illi
602 2259 760 2316 saculares
780 2261 877 2334 capel·

45 2340 120 2407 lani,
137 2359 206 2401 cum
221 2345 276 2416 ipsi
291 2352 390 2403 essent
410 2348 511 2404 vicarii
533 2348 739 2419 praedictorum
760 2349 876 2421 regula·

46 2429 125 2487 rium
137 2435 166 2488 el
180 2432 323 2491 officiales
339 2452 443 2492 eorum
454 2441 518 2495 et...
584 2442 612 2493 et
631 2437 874 2508 instrumentum,

47 2534 104 2590 pro
117 2520 205 2593 culpa
214 2530 302 2580 suaet
313 2525 576 2596 predeteotusuoa
591 2542 683 2583 causa
693 2528 873 2586 exciderunt.

48 2611 112 2664 imo
125 2625 181 2666 nos
192 2611 499 2672 affirmareoredimus
510 2616 624 2688 quodsi
635 2622 813 2686 argumenta
824 2619 876 2675 ad·

46 2700 169 2754 versarii
186 2700 318 2758 efficacia
333 2709 443 2772 essent,
454 2704 492 2761 ad
505 2705 705 2762 removendos
716 2707 874 2765 saculares

46 2788 872 2864 capellanosvalerent,regularibusautemnonobassenl,

46 2875 100 2931 sed
112 2879 297 2949 prodessent,
311 2897 380 2938 oum
391 2883 579 2939 saecularium
596 2883 743 2956 depositio
758 2886 874 2957 regula·

44 2967 370 3038 riumessetadmissio,
382 2972 870 3046 eleumregulariumipsorumsit,

933 1811 989 1869 hoc
998 1812 1223 1869 ratiocinantem
1239 1810 1415 1868 audiebatis.
1432 1808 1541 1865 Verum
1559 1810 1695 1863 Romana
1710 1807 1760 1862 Ec-

933 1901 1023 1959 clesia
1041 1901 1120 1958 illius
1145 1900 1333 1958 discretionis
1359 1913 1478 1971 semper
1496 1895 1586 1954 debet
1603 1910 1668 1953 esse
1682 1898 1714 1952 ut
1734 1894 1760 1951 si

933 1990 1040 2064 aliquis
1053 1992 1091 2047 ah
1110 2006 1146 2046 ea
1161 1990 1320 2048 salsitatem
1339 1986 1522 2058 inducendo,
1536 1985 1581 2042 vel
1603 1984 1758 2042 veritatem

933 2080 1070 2147 tacendo,
1084 2081 1171 2152 alicuj
1178 2097 1211 2137 us
1223 2080 1265 2136 rei
1281 2079 1539 2136 confirmationem
1552 2076 1696 2147 injustam
1707 2072 1759 2131 eb·

934 2169 1062 2234 tinuerit,
1082 2171 1186 2243 agnita
1207 2170 1341 2233 veritate,
1368 2167 1418 2224 tali
1436 2162 1680 2224 occasionenulli
1694 2178 1758 2220 rem

933 2273 1021 2315 suam
1034 2257 1251 2315 debetaulerre.
1264 2255 1570 2315 DominusGauiridus
1585 2252 1691 2319 abbas,
1705 2251 1760 2325 qui

932 2348 1060 2404 multum
1081 2347 1212 2420 prudens
1232 2352 1259 2405 et
1280 2347 1408 2403 multum
1427 2344 1573 2402 litteratus
1588 2347 1616 2400 et
1631 2342 1759 2398 multum

931 2436 1076 2510 eloquens
1095 2437 1159 2503 luit,
1170 2437 1243 2494 satis
1256 2434 1381 2493 ostendit
1394 2435 1477 2509 quod
1492 2434 1522 2490 iu
1536 2431 1759 2490 hieratiouibus

931 2543 990 2583 non
1005 2526 1132 2585 multum
1145 2527 1328 2593 confidebat,
1344 2525 1529 2584 necmultum
1538 2522 1694 2595 urgebant,
1706 2520 1758 2595 qui

931 2616 1068 2682 Turonis,
1077 2618 1126 2674 ubi
1135 2634 1187 2675 vos
1202 2625 1230 2674 et
1243 2617 1341 2674 abbas
1352 2620 1382 2672 et
1396 2613 1753 2676 uosvobiscumeramus,

930 2705 967 2762 de
982 2707 1096 2780 capella
1111 2707 1167 2764 ista
1179 2706 1295 2764 nullum
1311 2705 1477 2763 clamorem
1494 2702 1616 2776 protulit
1629 2721 1638 2774 ;
1655 2699 1756 2758 simili·

931 2800 973 2852 ter
986 2813 1038 2853 nee
1051 2797 1081 2853 in
1092 2791 1629 2859 celeberrimoRemensiecncilio,ubi
1643 2788 1756 2847 archie-

929 2886 1231 2958 piscopusliemensis
1240 2885 1359 2954 lurt,cui
1369 2885 1415 2941 isti
1423 2883 1599 2948 innituntur,
1607 2886 1635 2938 et
1644 2878 1693 2937 ubi
1701 2894 1756 2937 ue

894 3004 913 3059 C
929 2976 1080 3033 vobiscum
1090 2975 1212 3042 luimus,
1230 2990 1318 3046 super
1331 2975 1389 3031 hoc
1399 2972 1536 3046 quodisli
1550 2968 1757 3036 clamant,cle·

44 3060 73 3112 et
86 3071 145 3112 neu
156 3059 467 3131 alteriuspersonre,iu
478 3060 578 3120 locum
590 3063 872 3136 ipsiusrapelleeva·
928 3080 1041 3121 morem
1059 3064 1121 3121 sive
1138 3063 1292 3137 querelam
1307 3063 1345 3120 ad
1355 3077 1460 3119 aurem
1475 3060 1640 3117 sanctitatis
1651 3063 1756 3115 vestrm

44 3159 137 3200 cuum
163 3146 280 3216 intrare,
297 3154 325 3205 et
347 3148 392 3205 rel
417 3150 473 3206 sibi
489 3152 624 3218 retinere,
653 3152 698 3207 vel
715 3152 764 3209 alii
779 3169 871 3226 quem
926 3152 1038 3208 detulit.
1055 3152 1100 3209 Ad
1116 3152 1266 3220 ultimum,
1283 3151 1330 3207 isti
1339 3150 1501 3220 regulares,
1512 3149 1564 3220 qui
1578 3148 1670 3204 medo
1686 3161 1757 3219 pos·

44 3231 155 3301 eligens
166 3235 248 3290 dare.
926 3241 1032 3306 sidant,
1042 3240 1137 3312 parati
1152 3243 1222 3295 suut
1236 3237 1436 3310 comprobare
1444 3236 1592 3308 capellam
1603 3234 1684 3292 illam
1690 3235 1755 3306 jam

80 3322 123 3381 lx.
152 3322 195 3378 Ad
210 3322 267 3379 hoc
289 3323 372 3396 quod
393 3324 497 3382 dicunt
521 3326 694 3392 adversarii,
711 3327 870 3385 domiuum
926 3328 1078 3398 atriginta
1097 3329 1185 3384 anuis
1201 3327 1247 3384 vel
1271 3342 1290 3383 a
1317 3324 1521 3400 quadraginta
1542 3325 1633 3381 fuisse
1652 3323 1754 3383 datam

44 3410 871 3486 AndegavensemepiscopuminvestituramlecisseGau·
924 3417 1280 3475 ecolesiaesauctasllariae
1295 3415 1332 3473 de
1345 3418 1449 3481 Bosco,
1462 3413 1525 3471 sine
1541 3413 1754 3472 reclamatione

43 3499 121 3556 frido
135 3501 342 3559 vindocinensi
352 3503 454 3560 abbati
467 3503 504 3560 de
515 3504 628 3577 capella
642 3513 708 3578 post
720 3506 778 3565 hoc
790 3508 871 3577 judi·
924 3506 1055 3578 legitima
1075 3506 1132 3562 sibi
1146 3505 1234 3563 tacta.

43 3588 134 3654 cium,
145 3591 362 3662 respondemus
373 3593 456 3665 quod
467 3594 641 3651 investitura
650 3611 684 3651 ex
695 3595 744 3652 tali
753 3597 868 3668 judicio
961 3597 1034 3651 Xllt.
1057 3599 1136 3652 Nune
1152 3600 1263 3661 autem,
1276 3592 1526 3653 reverendissime
1542 3593 1634 3659 Pater,
1647 3606 1754 3664 pervo-

44 3685 161 3735 nonest
181 3682 435 3752 apprehenderet
454 3699 509 3739 nos
526 3684 694 3740 desiderare
707 3689 735 3741 et
753 3686 868 3743 deside·
923 3687 981 3742 late
997 3693 1110 3759 partem
1120 3685 1361 3743 adversariorum
1379 3687 1408 3740 el
1419 3688 1566 3750 nostram,
1584 3681 1753 3740 stranierte

40 3768 137 3824 raude
153 3771 442 3841 orareapostolicam
452 3772 627 3842 dignitatem
643 3776 742 3846 atejus
757 3780 868 3834 sauctus
923 3779 1058 3832 auctores
1070 3775 1254 3846 auctoribus,
1271 3769 1671 3838 assensoresassensorihns,
1684 3787 1750 3828 me-

40 3858 131 3913 curiae
146 3860 352 3917 auctoritatem
378 3868 409 3918 ut
425 3862 560 3933 judicent
583 3869 682 3921 utrum
695 3866 868 3924 investitura
923 3865 1178 3932 democratem
1193 3864 1275 3930 locis,
1297 3868 1433 3935 tempora
1450 3860 1645 3933 temporibus,
1661 3861 1754 3934 impe·

40 3946 124 4018 apud
144 3948 244 4015 talam,
267 3955 295 4005 et
310 3966 362 4022 par
373 3951 455 4016 tales,
477 3950 527 4007 tali
544 3954 642 4021 modo,
657 3954 706 4010 lali
722 3955 797 4020 loco,
820 3956 867 4013 tali
923 3955 1181 4026 titoresimpetitis,
1196 3957 1223 4009 et
1242 3953 1427 4026 quodetiam
1442 3966 1566 4024 pernes
1581 3965 1642 4006 nou
1657 3950 1752 4021 rogati

41 4041 185 4109 tempore,
201 4039 277 4096 circa
295 4040 380 4109 tales,
396 4041 472 4098 lacta
491 4049 519 4098 et
531 4042 675 4113 judicata,
692 4043 867 4104 investitura
922 4042 1066 4112 laceretis,
1087 4047 1165 4100 reete
1176 4042 1355 4114 judicantes,
1366 4040 1532 4114 sepissime
1545 4040 1609 4112 jam
1622 4054 1752 4099 comme-

40 4124 150 4183 debeat
165 4144 228 4184 esse
239 4128 285 4184 vel
301 4129 368 4195 dici,
382 4129 428 4186 vel
443 4131 610 4198 inversura,
627 4148 696 4189 eum
709 4150 728 4189 a
740 4149 820 4207 papa
839 4140 867 4192 et
922 4138 1046 4189 moratae
1063 4132 1193 4190 abbatiae
1205 4132 1242 4188 de
1257 4132 1352 4188 ssosco
1365 4131 1420 4187 hoe
1432 4145 1523 4187 suum
1538 4129 1609 4186 satis
1623 4145 1751 4202 parvum

41 4230 62 4271 a
75 4217 158 4272 curia
186 4218 252 4289 ejus
272 4218 356 4275 nulla
371 4220 426 4276 nisi
439 4222 585 4276 canonica
602 4221 687 4278 luerit
704 4222 745 4278 sic
757 4223 867 4281 admit·
922 4221 1248 4294 solatiumadjudicate.
1258 4221 1343 4288 Quod
1355 4220 1379 4276 si
1387 4219 1468 4292 apud
1476 4222 1607 4276 vestram
1617 4217 1753 4275 sublimi·

41 4304 133 4362 tenda
151 4321 205 4363 nec
222 4322 275 4377 pro
296 4308 471 4364 investitura
489 4308 641 4377 habenda,
662 4314 690 4367 et
709 4327 777 4367 oum
793 4312 867 4370 illud
885 4356 905 4410 D
923 4316 1012 4369 tatem
1028 4312 1124 4369 oratio
1137 4317 1247 4368 nostrae
1265 4310 1416 4384 parvitatis
1432 4307 1545 4364 nullius
1557 4307 1653 4374 irrarit,
1671 4322 1752 4365 com·

40 4393 124 4466 quod
138 4400 245 4452 vocant
267 4397 481 4464 investituram,
502 4398 533 4454 in
546 4398 622 4468 logis
637 4403 752 4457 tantum
777 4408 803 4458 et
817 4417 867 4459 vo·
922 4408 1061 4459 moveant
1079 4402 1193 4459 viscera
1205 4406 1302 4456 vestra
1323 4401 1484 4470 paupertas
1505 4397 1595 4468 hujus
1610 4396 1709 4454 fratris
1723 4401 1752 4456 et

40 4483 112 4540 calis
125 4490 210 4551 esset,
233 4501 290 4541 nen
305 4486 401 4552 realis,
418 4502 515 4559 neque
529 4488 701 4554 materialis,
721 4495 749 4546 et
770 4491 867 4562 magis
920 4490 1052 4548 eeclesia
1073 4507 1134 4546 sum
1154 4489 1297 4562 pauperis
1324 4485 1487 4555 humilitas,
1508 4485 1581 4558 quia
1602 4502 1657 4542 vos
1681 4487 1752 4544 estis

40 4587 175 4645 praeceps
188 4579 216 4631 et
230 4573 368 4631 festinata
379 4591 473 4648 quam
492 4577 669 4647 excogitata.

77 4663 114 4718 X.
130 4664 174 4719 ad
193 4663 251 4720 hoe
264 4669 362 4720 autem
376 4665 458 4737 quod
483 4664 647 4722 adversarii
669 4667 780 4734 dicunt,
800 4668 865 4725 Rai-

41 4751 867 4825 nardumepiscopumandegavenseminresririsseuan-

41 4839 151 4896 iridum
165 4842 307 4899 abbatem
319 4843 732 4918 vindocinensemdeeapella
743 4861 796 4918 per
805 4846 867 4904 cla·

40 4944 108 4984 vem
122 4929 217 5000 ipsius
228 4930 361 5002 capella,
374 4933 591 5006 respondemus
604 4934 685 5006 quod
698 4933 767 4991 huic
780 4950 867 5006 argu·

41 5021 154 5083 mento,
170 5019 231 5074 imo
246 5025 353 5088 arguto
365 5026 393 5076 et
408 5023 561 5091 arguendo
577 5023 865 5092 mendacio‚obviat,

41 5113 69 5163 et
88 5105 170 5179 quod
183 5108 282 5163 multis
302 5107 413 5164 clericis
428 5114 456 5165 et
472 5111 607 5183 plurimis
628 5113 712 5169 laicis
728 5118 806 5184 patet
822 5115 865 5171 al-

41 5196 176 5252 bericum
191 5197 369 5253 sacerdotem
384 5199 413 5254 in
425 5204 586 5255 memorata
598 5201 680 5257 clara
690 5205 867 5259 extractade

40 5284 163 5342 baltheo
174 5291 203 5342 et
218 5301 273 5342 sua
285 5286 407 5357 propria
417 5285 538 5359 insuper
550 5291 578 5344 et
593 5288 694 5358 viginti
708 5289 790 5346 libris
801 5307 866 5364 pro·

41 5375 139 5431 missis
154 5374 258 5432 abbati
274 5375 483 5431 vindocinensi
498 5376 659 5432 redemisse
670 5376 764 5435 lilium
777 5395 866 5437 suum

40 5466 194 5537 Pagarum
205 5463 388 5522 monachum
403 5464 442 5522 ab
455 5464 632 5523 intolerabili
643 5465 716 5539 jugo
731 5466 865 5527 Vindoci-

921 4584 1099 4636 sustentotor
1123 4593 1302 4653 pauperum,
1328 4581 1355 4632 et
1374 4579 1459 4647 pater
1477 4575 1694 4647 orphanorum,
1723 4578 1752 4634 et

921 4669 1084 4726 advocatus
1100 4683 1214 4724 eorum.
1235 4669 1291 4723 Vos
1310 4664 1381 4721 estis
1392 4662 1485 4736 judex
1501 4664 1639 4735 judicum
1653 4669 1749 4723 terrm.

922 4757 1072 4815 Sententia
1086 4763 1183 4814 vestra
1203 4755 1307 4812 delinit
1321 4754 1489 4811 universas.
1500 4753 1640 4825 acceptio
1648 4769 1751 4826 perso·

921 4845 1245 4917 naruurnonluitapud
1262 4843 1421 4908 Christum,
1433 4857 1487 4899 nec
1497 4841 1586 4898 debet
1594 4857 1659 4899 esse
1667 4842 1750 4916 apud

922 4952 974 4993 vos
989 4935 1133 4992 vicarium
1146 4935 1220 5005 ejus.
1234 4932 1372 4990 Vestrum
1382 4936 1429 4988 est
1443 4931 1519 4988 bene
1531 4932 1629 5005 posita
1643 4932 1750 4989 confir·
1830 4980 1834 4987 .

922 5041 1013 5082 mare.
1031 5024 1145 5080 smooo
1160 5022 1497 5079 sollicitudinemosusrs
1511 5021 1751 5094 pauperisistlua

921 5120 950 5171 et
962 5113 1086 5171 fratrum
1102 5128 1225 5169 suorum
1241 5112 1269 5167 in
1282 5111 1383 5167 sinum
1393 5110 1558 5166 elementiae
1571 5114 1674 5166 vestrae
1683 5125 1750 5182 pro·

917 5202 999 5276 jicio.
1015 5202 1131 5258 amodo
1147 5216 1250 5256 curam
1265 5197 1749 5271 huJ'uspauperisloaunisetalio·

920 5308 987 5348 rum
1008 5291 1131 5348 fratrum
1151 5307 1271 5347 suorum
1283 5289 1430 5345 habeatis.
1444 5287 1528 5355 Quia,
1545 5287 1680 5354 domine,
1695 5286 1749 5344 tibi

920 5379 1076 5436 derelictus
1086 5384 1130 5436 est
1140 5395 1261 5453 pauper.
1272 5376 1482 5450 orphanorum
1494 5392 1556 5435 non
1568 5377 1669 5434 dicam
1677 5376 1747 5442 eris,

921 5470 974 5526 sed
993 5469 1033 5526 sis
1052 5469 1183 5541 adjutor.
