3728 6000
96 267 150 324 755
597 267 631 320 l).
651 262 781 321 secent
800 259 1029 321 scaettsttct
1046 258 1266 318 caementata.
1701 263 1756 318 ‘15⁶

103 391 264 448 stantialiter
277 407 427 449 conversus
442 391 475 446 sit
491 391 518 446 in
536 390 637 461 ipsum.
653 388 723 446 item
742 405 796 446 non
812 388 903 446 omni·
916 388 944 450 Α
959 390 1073 462 ajarqoa
1088 388 1245 445 nonnullas
1260 389 1367 447 retinet
1382 393 1550 465 qualitates,
1566 391 1610 449 val
1624 391 1755 466 qnoniam

106 482 175 538 toria
191 481 339 537 similitudo
357 480 517 552 accipienda
544 488 593 549 est,
616 494 669 550 qua
693 479 760 535 dicit
776 477 904 552 Augusti·
956 479 1067 533 animan
1075 478 1171 550 pascit,
1181 478 1261 550 eique
1277 478 1339 535 vitm
1355 489 1464 539 aeternae
1474 482 1611 538 ministrat
1623 481 1756 538 substan-

104 589 155 628 nus
169 571 335 627 sacrificium
349 570 481 626 Ecclesiae
505 570 543 625 ito
563 578 688 624 constare
709 568 814 624 duobus
834 567 903 623 sicot
956 568 1032 637 tiam,
1049 567 1091 622 vel
1106 568 1234 640 quoniam
1250 569 1328 639 panis
1342 577 1383 625 est
1392 572 1561 645 angelornm.
1574 571 1672 629 Solent
1682 571 1755 628 eninr

104 676 221 734 persona
233 660 333 717 Christi
348 659 455 714 dnobus
471 667 577 714 constat
593 677 600 713 :
617 675 676 714 cum
688 673 742 714 non
755 656 903 729 utrobique
956 656 1105 728 Scripturas
1123 656 1258 728 quaslibet
1277 673 1320 714 res
1338 675 1440 716 vocare
1466 661 1619 717 nominibus
1645 660 1755 716 illarum

104 750 259 821 personalis
288 748 399 805 unitatis
430 748 574 804 contulerit
605 747 823 813 similitudinum,
854 744 903 801 aed
955 762 1045 802 rerum
1057 761 1091 802 ex
1104 746 1203 818 quihus
1216 744 1347 804 fiunt:nt
1361 764 1423 805 cnm
1438 749 1537 806 dieitur
1557 751 1671 817 homini,
1686 750 1754 822 qnid

105 841 220 912 qualitor
240 844 345 896 tantum
375 848 492 911 utraque
518 837 624 895 duobus
657 843 779 894 constent
809 835 904 892 lecerit
956 834 1080 907 superbit
1094 842 1167 891 terra
1177 839 1205 891 et
1216 835 1294 905 einis,
1310 852 1371 892 cum
1386 837 1468 894 horno
1483 854 1538 895 noo
1559 838 1593 894 sit
1612 839 1690 906 cinis,
1705 840 1754 895 sed

105 929 286 987 collationem.
956 940 989 979 ex
1003 924 1093 981 cinero
1109 924 1212 990 iaetns;
1228 941 1275 980 seu
1290 941 1349 997 quae
1360 935 1489 998 putantur
1502 943 1561 984 esse
1575 935 1601 983 et
1614 943 1667 983 non
1678 933 1752 996 sunt,

141 1019 197 1076 Sed
212 1019 275 1074 item
289 1027 438 1090 opponunt,
455 1018 516 1088 qnia
537 1017 574 1073 ita
598 1016 696 1073 dicitnr
715 1015 836 1073 Christus
850 1031 901 1072 as·
955 1021 983 1069 ut
998 1029 1059 1068 curn
1070 1014 1315 1085 legiturAbraham
1323 1015 1422 1072 vidisse
1433 1024 1489 1072 tres
1498 1016 1754 1082 viros,cnmessent

102 1124 211 1166 sumere
225 1108 344 1179 speciem
366 1107 410 1164 vel
433 1108 547 1163 sormam
566 1107 647 1179 panis
669 1108 699 1161 in
720 1107 808 1175 altari,
833 1105 902 1161 sicut
955 1103 1046 1176 angeli
1070 1101 1156 1175 (Gen.
1178 1119 1252 1170 xvru,
1276 1105 1321 1175 2);
1343 1120 1391 1160 seu
1410 1106 1510 1176 quibus
1537 1106 1641 1162 similes
1662 1107 1753 1178 aliquo

102 1198 224 1254 Verbum
240 1197 290 1254 Dei
313 1199 435 1269 speciem
460 1197 503 1254 vel
533 1197 648 1253 formam
666 1196 758 1252 earnis
780 1195 808 1250 in
823 1203 900 1251 utero
954 1193 1037 1248 modo
1048 1193 1177 1257 existunt,
1203 1200 1231 1247 ut
1258 1207 1320 1249 cum
1348 1195 1420 1250 Deus
1447 1194 1546 1250 dicitur
1567 1194 1612 1251 leo
1642 1205 1754 1268 proptor

100 1287 244 1360 virginali3
261 1294 288 1341 et
302 1287 371 1342 sicut
385 1286 507 1342 Verbum
523 1283 552 1340 tit
567 1300 642 1353 caro,
659 1284 697 1341 sir
712 1285 792 1357 panis
807 1283 836 1339 fit
850 1301 900 1340 ea·
954 1281 1149 1337 tortitudinem.
1160 1282 1752 1355 Sicipitorcorpaallominipaniravocatur,

101 1376 162 1433 dem
178 1391 251 1433 caro.
268 1375 323 1431 Sed
344 1374 466 1447 nunquid
488 1375 532 1430 vel
549 1373 588 1430 sic
602 1374 720 1439 vincent,
741 1374 785 1444 qui
800 1373 898 1429 conlu—
953 1371 998 1427 oct
1011 1371 1087 1443 qaia,
1111 1374 1143 1427 at
1165 1371 1344 1438 dictumest,
1367 1387 1405 1430 cn
1423 1389 1498 1445 panc
1521 1373 1688 1444 conficitur,
1710 1374 1755 1430 vet

98 1465 176 1522 sione
190 1464 397 1520 similitudinum
413 1473 569 1534 pervertere
593 1470 718 1535 querunt
733 1463 782 1518 Dei
796 1463 899 1519 verita·
954 1461 1020 1533 qaia
1053 1461 1231 1517 intuentiam
1266 1462 1366 1525 oralia,
1397 1478 1462 1519 cana
1496 1464 1537 1519 rit
1566 1480 1631 1520 caro
1669 1464 1755 1535 ponis

99 1556 178 1611 tem?
200 1554 308 1611 Revera
328 1553 401 1609 enim
425 1553 549 1609 Verbum
573 1550 603 1608 iit
625 1568 699 1621 caro,
724 1560 751 1608 et
770 1553 850 1624 panis
869 1550 900 1607 fit
954 1550 1137 1619 videlar,·oet
1152 1566 1185 1606 ea
1204 1551 1396 1607 similitudine
1419 1568 1474 1624 qao
1490 1551 1566 1609 siant
1582 1552 1668 1624 ponis
1688 1569 1755 1609 mo-

99 1644 195 1701 eadem
210 1659 295 1707 earo;
312 1642 361 1698 sed
375 1642 459 1716 longe
482 1642 591 1698 diverso
615 1642 709 1698 modo.
730 1641 846 1698 l'crbam
864 1643 899 1712 fit
955 1639 1064 1694 briolia
1082 1654 1208 1704 carnem,
1223 1640 1264 1695 aie
1276 1639 1334 1711 ipre
1353 1640 1514 1712 spiritualia
1538 1641 1593 1696 alit
1610 1644 1750 1697 menum.

97 1749 174 1802 caro,
186 1732 469 1790 etnarcitorcarodc
482 1747 578 1799 carne,
589 1732 758 1790 assumendo
769 1748 895 1800 carnem,
912 1751 939 1815 Β
953 1725 1006 1783 Sed
1020 1730 1171 1797 opponunt,
1187 1727 1261 1799 quia,
1279 1727 1348 1783 sicut
1364 1728 1478 1785 Verbum
1494 1728 1642 1800 assumpsit
1657 1745 1754 1785 veram

97 1839 157 1880 non
171 1827 315 1879 mutatura
336 1823 368 1878 ia
391 1837 507 1878 earnem
523 1841 532 1878 .·
552 1823 593 1878 ric
618 1824 730 1894 sactum
751 1820 822 1894 quad
839 1838 896 1878 non
952 1815 1072 1887 speeiem
1086 1815 1179 1872 carnis
1194 1832 1254 1871 cnm
1267 1816 1427 1884 substantia,
1443 1817 1482 1874 sic
1497 1817 1656 1874 Christusiu
1671 1817 1754 1873 altari

99 1910 896 1984 socrat,atnondesistcrcterreqeoderat.Paniaaatem
950 1921 1043 1963 veram
1054 1903 1172 1976 speciem
1188 1906 1266 1976 panis
1279 1921 1341 1961 oum
1354 1907 1519 1962 substantia.
1539 1907 1606 1962 Cum
1621 1908 1697 1963 enim
1712 1907 1752 1963 di·

99 2002 133 2071 fit
154 2001 251 2059 cadem
275 2017 349 2069 caro,
374 2016 431 2056 noa
455 2002 589 2057 noscitur·
608 2017 684 2067 caro,
705 2017 757 2058 nec
776 2003 897 2059 assumit
951 1994 1168 2066 cathugusttnus
1177 1993 1204 2048 in
1212 2009 1339 2051 sermone
1349 1995 1389 2051 Do
1399 1995 1490 2051 verbis
1506 1994 1754 2066 Dominizrouod

99 2106 224 2157 carnem,
241 2089 290 2146 red
314 2092 446 2147 mutator
459 2089 491 2144 in
510 2104 642 2159 oarncm;
657 2090 697 2144 ric
712 2093 807 2160 [notar
826 2091 897 2160 qaod

35 2214 38 2219 ·
98 2196 156 2238 non
172 2183 244 2247 crat,
260 2182 294 2235 at
305 2179 423 2235 desistat
434 2193 492 2234 aare
503 2177 574 2250 quod
583 2182 681 2249 tuerat
692 2179 747 2250 (26)
761 2197 767 2234 :
783 2180 897 2251 pulchra

97 2285 146 2340 spe
157 2275 251 2324 nostra
261 2267 429 2339 pulchroque
445 2265 583 2338 mysterio,
599 2274 628 2322 ut
643 2266 670 2320 in
681 2281 778 2339 corpus
798 2267 897 2323 Christi

97 2355 184 2426 trajici
216 2371 271 2410 non
300 2354 426 2426 desperet
452 2354 592 2410 rationalis
623 2359 732 2420 natura,
762 2356 790 2410 in
823 2355 895 2428 qnod

97 2443 230 2514 trajicitur
245 2451 271 2499 et
286 2443 384 2510 bruta,
399 2443 421 2497 si
436 2442 551 2499 desistat
564 2459 626 2499 esse
640 2444 712 2516 qnod
726 2460 760 2501 ex
779 2460 809 2501 se
825 2445 895 2502 male

97 2527 195 2595 fuerat,
213 2534 239 2583 et
254 2527 289 2582 sit
302 2527 329 2581 in
344 2526 450 2583 Christo
467 2526 540 2600 quod
554 2527 625 2584 hene
640 2544 693 2584 non
708 2536 774 2584 erat.

131 2615 211 2687 Quod
225 2624 314 2671 autem
330 2615 409 2687 panis
425 2630 480 2671 non
496 2617 621 2687 nascitur,
636 2624 748 2673 testatur
762 2618 894 2692 Augusti-

97 2723 148 2762 nus
162 2714 253 2762 contra
268 2705 399 2760 Faustum
417 2724 423 2760 :
442 2728 453 2753 r
471 2704 551 2760 Panis
566 2709 593 2760 et
608 2705 680 2762 calix
694 2723 750 2762 non
763 2707 893 2778 quolibet,

96 2795 145 2851 sed
159 2803 233 2852 certa
244 2794 453 2851 consecratione
468 2795 599 2865 mysticus
623 2792 652 2849 tit
675 2795 763 2862 nobis,
780 2812 833 2853 non
849 2813 896 2852 na·

98 2883 193 2939 scitur.
211 2906 223 2930 a
240 2881 358 2938 Proinde
373 2881 444 2952 quod
459 2880 495 2935 its
510 2897 564 2936 non
579 2881 623 2948 sit,
635 2883 763 2952 quamvis
774 2883 895 2956 sitpanis

951 2082 1049 2140 videtis
1060 2083 1088 2138 in
1107 2083 1188 2138 altari
1203 2083 1274 2138 calix
1289 2091 1315 2139 et
1330 2084 1408 2155 panis
1423 2091 1474 2148 est,
1486 2084 1558 2157 quod
1574 2084 1656 2140 etiam
1673 2084 1755 2139 vobis

951 2172 1021 2227 oculi
1043 2172 1125 2227 vestri
1143 2172 1305 2239 renuntiant,
1331 2173 1484 2229 testimonio
1507 2172 1645 2230 oculorum
1677 2173 1753 2229 veri-

950 2267 1032 2316 tatem
1047 2261 1126 2331 panis
1141 2268 1260 2317 astruere
1273 2268 1412 2317 conantur.
1427 2285 1438 2310 a
1458 2260 1538 2331 Quod
1553 2271 1642 2319 autem
1659 2262 1756 2320 subse·

951 2356 1064 2422 quanter
1079 2349 1117 2405 ait
1134 2365 1141 2403 τ
1160 2351 1248 2407 Panis
1264 2355 1305 2407 cat
1319 2367 1430 2424 corpas,
1453 2353 1533 2409 cotie
1557 2353 1600 2408 ert
1622 2352 1755 2424 sangnis,

950 2439 1079 2494 unitatem
1118 2440 1290 2510 personalem
1324 2440 1500 2505 mentiuntur,
1537 2441 1660 2512 quamvis
1687 2441 1757 2513 ipsis

951 2527 1077 2584 sensibus
1097 2528 1238 2600 corporeis
1254 2544 1303 2599 per
1323 2530 1416 2586 omnia
1430 2530 1597 2586 credendum
1621 2531 1726 2587 nonsit
1744 2549 1752 2586 :

951 2624 978 2671 ut
992 2632 1054 2674 curn
1078 2617 1151 2673 oculi
1167 2617 1194 2671 in
1213 2633 1284 2688 aqua
1312 2633 1419 2674 ramum
1436 2619 1551 2676 tractum
1575 2627 1681 2691 putant,
1709 2623 1757 2675 vel

950 2704 1147 2778 longinquitate
1171 2705 1245 2769 victi,
1268 2707 1339 2779 quod
1357 2724 1486 2779 magnum
1512 2716 1685 2780 estparvum
1709 2725 1750 2765 re

949 2795 1085 2860 nuntiant,
1108 2793 1152 2851 vel
1171 2795 1334 2853 obscuritate
1354 2797 1426 2852 aliud
1451 2813 1533 2869 quam
1555 2797 1600 2862 sit,
1626 2805 1655 2852 ut
1668 2797 1755 2854 bloria

948 2883 977 2939 in
999 2884 1122 2941 tenebris
1143 2885 1235 2941 lesum
1260 2886 1442 2951 hortulanum,
1466 2893 1491 2941 et
1512 2885 1641 2957 discipuli
1670 2894 1756 2943 nocte

97 2977 125 3026 et
139 2969 222 3039 calix,
234 2969 393 3026 alimentum
403 2977 443 3024 est
454 2969 624 3038 refectionis,
634 2986 687 3026 non
697 2980 894 3028 sacramentum
949 2988 1033 3044 super
1052 2989 1125 3029 mare
1147 2973 1329 3031 ambulantem
1353 2977 1514 3046 phantasma
1532 2975 1677 3032 aestimant.
1695 2974 1755 3032 Sed

53 3054 55 3058 ⁸
97 3059 250 3132 religionis,
266 3058 318 3114 nisi
332 3059 404 3129 quod
414 3058 612 3128 benedicimus,
625 3059 781 3133 gratiasque
789 3061 895 3135 agimus
910 3106 935 3170 C
949 3078 1011 3134 quae
1022 3062 1155 3133 perfectio
1170 3065 1255 3133 possit
1274 3080 1335 3119 esse
1351 3066 1463 3120 humani
1483 3065 1568 3130 risus,
1588 3081 1651 3120 curn
1667 3063 1704 3120 ad
1719 3079 1753 3119 ea

97 3148 215 3205 Domino
227 3148 254 3203 in
269 3149 342 3204 omni
357 3148 415 3216 ejns
429 3163 541 3204 munere
565 3162 620 3203 non
639 3149 728 3205 solum
750 3150 893 3221 spirituali,
949 3151 1126 3223 penetranda,
1142 3168 1202 3224 qure
1218 3151 1459 3223 superficietenus
1475 3153 1557 3222 videt,
1572 3152 1673 3225 lynceis
1688 3168 1756 3209 oco·

99 3254 196 3295 rernm
212 3237 293 3294 etiam
316 3236 462 3308 corporali.
488 3238 553 3294 Cum
573 3252 643 3311 ergo
664 3238 743 3310 panis
766 3240 897 3312 mysticus
950 3240 984 3295 lis
999 3254 1053 3295 non
1067 3243 1209 3311 equeturt
1223 3240 1290 3309 Quis
1305 3257 1372 3314 ergo
1388 3242 1495 3299 dubitet
1510 3244 1544 3299 de
1558 3242 1672 3298 veritate
1687 3257 1754 3298 cor-

100 3343 155 3384 noo
180 3335 316 3394 nascatur,
338 3343 389 3383 nec
410 3326 501 3400 aliqua
517 3333 620 3382 naturae
651 3335 764 3385 terrente
791 3329 898 3401 origine
950 3329 1025 3400 poris
1041 3337 1067 3385 et
1081 3329 1221 3404 sanguinis
1240 3331 1360 3400 Domini,
1386 3349 1446 3402 qnae
1468 3332 1647 3404 spiritualiter
1660 3331 1755 3388 eredi-

100 3417 144 3473 vel
167 3417 323 3474 conditione
345 3415 374 3471 in
396 3418 448 3473 hoc
476 3417 577 3473 divinae
598 3417 697 3488 gratiae
724 3428 897 3474 sacramento
951 3427 993 3474 tur
1010 3436 1017 3473 :
1034 3418 1164 3491 quidquid
1182 3435 1279 3476 sensns
1297 3422 1418 3492 corporei
1443 3422 1477 3477 de
1501 3421 1561 3493 ipso
1585 3421 1627 3477 vel
1651 3421 1754 3488 forma,

101 3514 217 3574 creetur,
234 3508 282 3564 red
297 3507 338 3563 ita
357 3522 457 3580 corpas
474 3505 579 3563 Christi
600 3506 661 3575 fiat,
681 3511 714 3563 ut
734 3510 821 3580 panis
840 3523 899 3565 carc
951 3506 996 3564 vel
1009 3507 1095 3563 odore
1108 3508 1152 3562 vel
1174 3524 1273 3580 sapore
1293 3511 1462 3567 extrinsecus
1486 3509 1672 3567 mentiantur?
1691 3511 1754 3566 Non

103 3597 224 3663 desinat,
250 3595 383 3669 quomodo
406 3613 460 3664 rer,
479 3612 539 3668 que
561 3597 621 3666 jam
640 3600 763 3662 nonest,
780 3598 900 3669 oclipra
953 3596 1042 3652 minus
1055 3612 1120 3652 vere
1139 3606 1200 3652 erat
1219 3597 1348 3668 Christus,
1366 3616 1427 3655 cum
1453 3600 1537 3655 llario
1560 3606 1668 3672 putaret
1683 3598 1755 3654 hor·

104 3685 202 3753 alicui,
217 3686 261 3741 vel
271 3683 380 3758 aliquid
395 3686 421 3741 ei
435 3684 625 3757 impersonari
641 3685 759 3758 potest?
952 3686 1086 3754 tolonum,
1103 3702 1186 3759 quam
1199 3703 1260 3743 cnm
1275 3690 1437 3762 recognovit
1452 3706 1525 3746 eum.

141 3772 196 3828 Sed
205 3773 342 3844 quomodo
359 3773 478 3829 Christus
492 3775 519 3826 in
539 3789 620 3843 pane,
641 3774 686 3845 qui
704 3773 762 3843 jam
778 3790 832 3830 non
848 3783 900 3845 est,
1261 3795 1375 3854 cqppq
1390 3797 1448 3853 qqp

105 3861 240 3933 impilnsssi
255 3861 362 3929 dicimis
379 3877 442 3916 ⁰⁰³¹
461 3861 580 3917 Chfssflls
594 3861 622 3917 5¹¹
645 3878 743 3934 Panem
765 3880 814 3920 ΠΕΟ
832 3880 900 3920 ⁰⁰¹¹·
957 3882 1033 3950 Quod
1056 3884 1267 3941 remanentibus
1294 3886 1479 3958 qualitatibus
1502 3889 1563 3945 nais
1591 3890 1756 3949 anhelantia

105 3958 236 4019 vertatur,
253 3966 304 4007 nec
318 3950 488 4019 aliquatenus
500 3950 579 4021 panis
588 3949 649 4017 θοις
664 3951 744 4018 sed,e
757 3966 900 4024 converso,
990 3954 1074 4026 ponis
1088 3958 1116 4010 et
1126 3956 1187 4011 nini
1197 3958 1228 4011 in
1239 3972 1335 4013 oetam
1345 3974 1446 4031 corpas
1459 3959 1564 4016 Christi
1574 3966 1715 4019 motator.

105 4039 183 4109 panis
193 4039 219 4094 in
234 4054 332 4110 corpus
346 4038 444 4094 Christi
458 4045 640 4106 convertatur,
654 4047 680 4094 et
690 4056 789 4113 corpus
804 4042 902 4098 Christi
992 4041 1050 4098 Sed
1066 4041 1173 4111 iterum,
1190 4052 1258 4100 teste
1272 4044 1352 4102 beato
1367 4047 1525 4116 Ambrosio,
1538 4049 1583 4104 ubi
1596 4052 1632 4106 ait
1647 4068 1756 4109 sermo·

105 4128 162 4197 fiat,
176 4128 212 4183 ita
227 4135 256 4183 nt
269 4127 349 4199 panis
371 4144 427 4185 non
449 4130 611 4184 remaneat?
624 4129 685 4185 Non
700 4130 773 4186 enirn
794 4130 832 4187 ita
853 4149 901 4187 su·
956 4147 1019 4186 nem
1042 4131 1140 4186 Christi
1163 4134 1346 4204 operatorium
1367 4151 1442 4205 esse,
1463 4145 1493 4192 ut
1510 4138 1586 4210 panis
1610 4147 1637 4196 et
1660 4141 1756 4197 vinum

106 4232 183 4274 mere
197 4217 328 4273 dicendus
344 4225 383 4274 est
397 4217 426 4272 iu
441 4217 521 4273 altari
536 4217 655 4290 speciem
670 4219 712 4275 vel
728 4220 843 4275 sormam
856 4235 904 4292 pa·
957 4220 1008 4275 sint
1023 4237 1083 4292 qnae
1098 4228 1185 4288 erant,
1205 4230 1232 4278 et
1246 4223 1273 4277 in
1288 4224 1384 4279 melius
1399 4235 1608 4297 commutentur,
1627 4229 1757 4286 videatur

106 4307 160 4375 nis,
177 4307 246 4364 siout
263 4307 291 4364 in
313 4314 389 4363 utero
419 4306 545 4380 virginali
578 4308 697 4380 speciem
719 4308 763 4364 vel
786 4309 902 4365 formam
956 4318 1131 4366 astruerent
1157 4310 1210 4366 sint
1234 4312 1529 4386 substantialiterque
1558 4326 1649 4385 erant,
1672 4326 1701 4375 et
1729 4319 1758 4375 in

108 4398 198 4453 carnis
212 4416 218 4453 :
234 4412 295 4454 cum
316 4396 344 4451 in
367 4404 442 4453 utero
464 4397 612 4467 sumpserit
635 4397 753 4470 speciem
775 4398 819 4454 vel
844 4398 899 4455 ior·
958 4398 1032 4454 aliud
1057 4407 1203 4456 mutentur.
1224 4400 1303 4471 Quod
1331 4410 1420 4459 tamen
1449 4405 1625 4463 tolerabiliter
1652 4407 1758 4465 dictum

106 4501 180 4542 mam
195 4502 257 4543 oum
269 4486 428 4551 substantia,
446 4484 473 4540 in
487 4484 566 4543 altari
580 4501 644 4542 vero
657 4485 776 4556 speciem
791 4487 835 4542 vel
850 4486 904 4543 lor·
919 4465 944 4526 D
960 4495 1010 4555 est,
1023 4487 1075 4543 nisi
1098 4504 1114 4543 a
1136 4504 1220 4560 pravo
1241 4490 1387 4562 interprete
1408 4493 1616 4550 intolerabiliter
1630 4511 1756 4568 expona-

105 4591 179 4631 mam
189 4574 267 4646 panis
282 4579 395 4632 motato
411 4578 440 4631 et
457 4591 515 4632 raon
531 4579 717 4646 permanente
731 4576 901 4633 substantia.

108 4664 175 4720 Cum
191 4666 263 4721 enim
276 4664 376 4722 dicitur
389 4665 496 4736 species
515 4664 558 4720 vel
581 4665 669 4721 torma
694 4665 771 4735 panis
789 4673 816 4720 et
836 4664 901 4733 vini,

107 4753 166 4810 haeo
180 4753 285 4811 illarum
301 4770 391 4810 rerum
406 4761 468 4809 sunt
482 4753 624 4824 vocabula,
635 4769 695 4826 quat
708 4762 769 4810 ante
785 4753 901 4822 luerunt,

106 4841 208 4899 scilicet
224 4843 303 4914 panis
317 4851 343 4898 et
355 4843 423 4899 vini.
439 4843 518 4898 Panis
533 4844 605 4898 enirn
621 4850 647 4899 et
662 4842 753 4898 vinum
768 4843 794 4898 in
809 4859 902 4900 sacra-

107 4939 199 4988 mento
210 4932 267 5002 jam
283 4947 336 4987 non
351 4941 424 4999 sunt,
440 4931 487 4988 sed
499 4941 561 4988 ante
577 4932 698 4989 inerunt.
715 4931 802 5003 Quam
817 4934 903 5004 igitur

107 5021 136 5076 in
150 5031 317 5077 sacramento
331 5020 427 5077 Christi
446 5029 559 5092 possunt
581 5037 676 5079 creare
692 5037 787 5078 novam
803 5036 902 5094 perso-

108 5127 184 5178 nam,
199 5111 226 5165 in
242 5126 296 5181 quo
313 5126 362 5165 nec
388 5110 526 5183 antiquam
550 5127 625 5165 snam
649 5111 763 5168 retinent
779 5111 904 5167 substan·

106 5201 195 5256 tiam?
209 5200 285 5257 Unde
299 5199 447 5255 notandum
463 5208 511 5267 cst,
534 5216 595 5256 cnm
614 5200 705 5255 divina
724 5203 826 5273 pagiua
840 5216 903 5257 eor-

106 5290 180 5360 poris
194 5290 300 5345 Domini
316 5306 418 5361 panem
437 5294 525 5352 vocat,
549 5306 602 5346 non
620 5289 837 5357 substantialiter,
855 5292 903 5347 sed

105 5380 219 5451 mystice
234 5387 261 5435 et
275 5377 391 5451 figurata
406 5378 479 5436 dici:
497 5380 539 5436 vel
560 5381 626 5454 qaia
640 5397 678 5438 ee
692 5397 722 5438 eo
741 5382 901 5452 conficitur,

142 5591 200 5667 (bil
214 5593 256 5651 En
271 5592 573 5653 transsubstantiationis
594 5595 706 5671 dogma.

959 4585 1011 4631 tur.
1032 4577 1059 4633 Si
1075 4577 1146 4633 enim
1162 4578 1327 4652 intelligatur
1345 4587 1374 4636 ut
1387 4582 1465 4652 panis
1477 4591 1503 4638 et
1517 4583 1607 4640 vinum
1623 4584 1679 4640 sint
1694 4602 1758 4657 qum

957 4673 1034 4721 erant
1065 4681 1118 4721 non
1140 4667 1287 4723 secundnm
1317 4670 1504 4736 substantiam,
1535 4673 1583 4728 sed
1607 4673 1758 4731 secundum

958 4754 1073 4812 formam
1089 4763 1116 4812 et
1129 4765 1242 4812 caeteras
1256 4774 1320 4813 snos
1336 4759 1482 4830 qualitates
1496 4760 1595 4817 ibidem
1613 4778 1756 4819 remanen-

957 4852 1007 4912 tes,
1023 4852 1050 4900 et
1072 4845 1220 4900 secundum
1246 4846 1423 4903 substantiam
1443 4848 1471 4903 in
1489 4848 1562 4904 alind
1587 4858 1727 4906 mutentur
1747 4872 1753 4909 :

957 4932 1082 5005 quamvis
1096 4933 1289 5004 aliquantulum
1313 4936 1470 5008 improprie,
1488 4943 1579 4994 tamen
1595 4939 1753 4998 tolerabili-

956 5030 997 5077 ter
1010 5030 1036 5078 et
1051 5038 1114 5079 vere
1128 5022 1228 5080 dictum
1242 5024 1303 5081 erit.
1321 5027 1353 5080 Et
1369 5042 1473 5090 revera,
1485 5044 1518 5082 ne
1532 5029 1587 5083 suis
1601 5037 1627 5083 et
1637 5038 1758 5086 eaetero·

958 5127 1016 5166 rum
1045 5121 1201 5167 sanctornm
1222 5115 1425 5170 auetoritatibus
1444 5116 1622 5183 contradicat,
1646 5118 1681 5174 ita
1703 5134 1758 5174 ne-

959 5200 1076 5256 cessario
1097 5209 1138 5257 est
1162 5203 1362 5271 exponendum.
1385 5203 1523 5278 Quidquid
1543 5207 1614 5260 enim
1640 5215 1760 5264 mutatur

957 5288 985 5343 in
1006 5290 1089 5358 aliud,
1114 5290 1140 5345 in
1164 5292 1254 5362 aliquo
1279 5292 1368 5348 desint
1391 5297 1546 5366 essequod
1572 5295 1668 5363 fuerat,
1697 5297 1758 5355 sive

956 5379 1179 5452 substantialiter,
1203 5381 1261 5438 sive
1284 5383 1496 5440 accidentaliter.
1514 5384 1567 5442 Sed
1586 5387 1619 5442 in
1637 5403 1712 5460 ponc
1726 5392 1757 5444 et
