3728 6000
162 195 211 251 391
656 190 848 252 Gntttctttt
867 198 1012 256 sanaris
1032 205 1060 260 S.
1082 205 1308 269 THEODORICI

1751 233 1806 288 3⁹2

155 334 261 375 8011150
288 324 377 372 m⁰llel
401 316 434 370 ld
462 314 635 372 “fluendum
665 316 807 372 senliessdO
831 323 989 383 mutatura
1006 325 1077 382 beati
1100 332 1194 401 populi
1209 334 1317 392 scientis
1330 339 1527 410 jubilationem,
1543 344 1571 399 in
1591 343 1695 405 lumine
1709 350 1802 406 vultus

154 407 181 462 ιιι
197 407 223 462 ιιι
238 407 309 479 quod
325 406 431 463 sentit:
448 403 549 475 alioqui
575 412 685 459 nonest
711 420 817 470 εειιειιε,
834 414 863 460 ut
888 418 951 479 puta

150 498 223 552 sicut
237 494 342 567 physici
371 501 520 558 autumant,
537 491 579 547 vis
606 491 722 548 risibilis
737 509 751 547 a
767 495 880 549 cerebro
899 513 950 566 per

150 584 243 641 radios
270 583 408 639 oculorum
430 597 540 652 egressa
568 580 681 636 offendit
705 581 732 635 in
769 582 881 638 lorrnam
906 585 948 640 vel

151 673 260 731 colores
270 670 417 726 visibilium
436 686 519 740 :quas
533 686 593 724 cum
612 669 696 724 menti
718 671 864 735 renuntiat,
880 688 948 726 con-

151 763 283 818 formatur
296 760 336 814 eis
351 775 427 814 mens
442 759 511 828 ipsa,
528 766 555 813 et
570 757 599 812 tit
624 758 707 812 visus.
723 758 784 814 Non
808 761 878 814 enim
894 761 948 814 ali-

152 858 192 905 ter
205 849 312 905 videret
327 847 431 902 videus.
448 845 528 914 Quod
554 861 630 915 aque
645 845 680 901 de
694 848 803 902 caeteris
822 848 948 903 sensibus

151 936 356 1009 intelligendum
379 942 429 989 est.
446 934 491 989 Sic
506 949 583 988 mens
606 948 655 1004 pro
669 949 750 989 sensu
766 935 846 990 habet
872 937 949 991 intel·

150 1028 261 1090 lectum,
277 1039 309 1079 eo
324 1023 405 1077 sentit
419 1021 530 1093 quiquid
542 1021 631 1077 sentit.
648 1021 716 1077 Cum
731 1024 812 1079 sentit
828 1025 947 1079 rationa-

152 1115 226 1180 bilia,
255 1112 324 1168 ratio
351 1111 378 1165 in
405 1127 436 1165 ca
473 1109 660 1182 progreditur:
689 1126 742 1182 qua
766 1113 948 1177 renuntiante,

152 1203 271 1260 mensio
295 1216 327 1256 ea
347 1199 563 1266 transformatur,
578 1207 605 1253 ct
626 1196 655 1252 tit
682 1198 846 1255 intellectus.
864 1203 894 1254 ln
911 1202 950 1256 eis

153 1307 219 1349 vero
234 1306 295 1362 quae
318 1287 428 1344 suntad
443 1288 541 1350 Deum,
556 1302 654 1343 sensus
678 1288 775 1344 mentis
799 1304 876 1344 amor
888 1298 947 1345 est:

150 1383 212 1452 ipso
226 1377 317 1442 sentit,
329 1375 460 1447 quidquid
473 1375 506 1429 de
524 1375 582 1429 Deo
606 1376 755 1430 secuudum
767 1377 889 1446 spiritum
905 1378 948 1432 vi-

151 1479 186 1527 tae
196 1467 287 1524 sentit.
303 1464 419 1536 Spiritus
446 1471 536 1518 autem
552 1462 613 1518 rita
628 1463 750 1533 Spiritus
776 1472 885 1520 sanctus
897 1475 947 1535 est,

149 1559 184 1614 de
198 1552 491 1627 quoamatquicunquc
500 1559 572 1607 amat
582 1551 655 1623 quod
666 1568 729 1607 vere
739 1552 885 1608 amandum
896 1560 947 1610 est.

1006 416 1054 471 Dei
1070 418 1236 478 ambulantis
1250 425 1277 480 iu
1301 429 1411 486 nornine
1432 432 1492 502 ejus
1514 434 1691 492 exsultantis:
1708 438 1807 509 quibus

1006 505 1178 564 exaltationis
1195 511 1303 580 justitia
1327 518 1399 573 Deus
1410 529 1469 589 est;
1485 530 1512 576 et
1525 521 1614 594 gloria
1637 524 1743 581 virtutis
1755 543 1806 583 co-

1008 609 1067 647 rum
1080 595 1138 666 ipse
1150 607 1201 653 est.
1218 601 1283 658 Haec
1297 606 1368 659 enim
1383 610 1533 681 assumptio
1549 610 1666 679 Domini,
1679 622 1706 669 et
1717 616 1805 672 sancti

1009 683 1092 738 lsrael
1108 686 1179 757 regis
1190 691 1288 761 nostri;
1305 708 1366 749 cum
1381 697 1512 752 sentimus
1531 699 1565 754 de
1578 715 1612 756 eo
1625 700 1652 754 ia
1668 702 1803 771 bonitate,

1009 773 1054 840 qui
1077 773 1173 830 sinilis
1187 775 1274 833 iactus
1298 790 1339 836 est
1367 783 1462 855 nobis;
1479 794 1505 841 et
1517 789 1652 844 sentimus
1670 790 1698 844 ιιι
1713 791 1804 860 ιιοιιιε,

1009 862 1083 930 qnod
1101 871 1127 917 ct
1142 865 1169 919 in
1198 865 1304 923 Christo
1329 869 1391 926 lesu
1416 873 1533 931 Domino
1548 883 1655 943 nostro,
1677 893 1741 934 cnm
1763 879 1804 934 si·

1004 949 1081 1005 miles
1090 949 1224 1008 allicimur
1239 956 1264 1010 ει
1274 966 1415 1029 gratanter
1423 963 1611 1034 compatiendo
1622 981 1705 1034 nunc,
1721 973 1803 1039 post·

1004 1037 1114 1093 modum
1138 1041 1243 1098 similes
1272 1054 1298 1100 ει
1322 1044 1403 1102 lutari
1424 1053 1629 1123 conregnando.
1643 1054 1702 1112 Nec
1730 1057 1804 1112 enim

1006 1126 1097 1196 major
1111 1137 1199 1199 potest
1213 1148 1274 1187 essa
1285 1135 1405 1191 suavitas
1419 1137 1524 1193 homini
1535 1139 1563 1194 iu
1578 1141 1629 1198 hac
1640 1142 1704 1212 rita,
1721 1160 1804 1216 quam

1006 1229 1069 1269 cum
1084 1216 1110 1270 in
1126 1217 1245 1290 imagine
1265 1224 1416 1281 conditoris
1437 1225 1463 1280 iu
1480 1226 1684 1285 similitudinem
1699 1231 1805 1289 bonita-

1004 1302 1107 1373 tiscjus
1135 1305 1280 1365 iuvenitse
1312 1310 1381 1368 bene
1404 1311 1503 1369 affecta
1530 1317 1704 1376 conscicntia.
1726 1321 1804 1377 lianc

1004 1393 1157 1466 quicunque
1171 1395 1311 1453 desiderat
1332 1401 1503 1469 suavitatem,
1516 1420 1688 1478 nequaquam
1704 1425 1804 1466 onero·

1003 1497 1060 1535 sam
1081 1481 1181 1539 habeat
1204 1485 1232 1539 in
1247 1489 1376 1544 exercitio
1391 1487 1450 1545 fidei
1468 1491 1633 1548 laboriosam
1648 1497 1802 1552 necessita·

1003 1576 1074 1623 tem:
1091 1573 1217 1640 quoniam
1235 1576 1398 1632 «tribulatio
1431 1579 1589 1649 patientiam
1604 1593 1739 1654 operatur,
1756 1600 1805 1657 pa-

186 1670 253 1726 Cum
268 1668 338 1724 enim
359 1666 425 1720 nihil
445 1673 559 1731 ametur,
575 1665 626 1720 nisi
642 1666 705 1735 quia
720 1668 820 1722 bouum
836 1677 886 1735 εει,
902 1678 945 1725 ant
962 1678 987 1735 Β
1002 1659 1093 1714 ιιειιιιε
1109 1660 1306 1731 probationem,
1318 1666 1440 1735 probatio
1452 1684 1517 1723 varo
1533 1686 1608 1741 spem
1620 1689 1625 1725 :
1638 1687 1702 1743 spes
1712 1682 1805 1728 nutem

149 1761 251 1817 bonum
265 1763 382 1828 putatur,
395 1754 474 1810 datur
490 1753 613 1827 intelligi,
630 1755 760 1826 qnoniam
775 1756 825 1811 soli
841 1774 946 1813 summo

151 1851 224 1906 bono
239 1846 327 1902 omnis
337 1859 416 1898 amor
431 1842 556 1910 debetur,
574 1853 600 1898 ει
616 1849 683 1898 totus
700 1859 778 1900 arnor
789 1864 795 1900 :
808 1853 834 1900 et
852 1845 886 1901 ad
903 1848 945 1918 ip-

152 1953 211 1994 aum
233 1934 349 1991 recurrit
373 1948 491 2002 semper,
515 1932 537 1985 si
560 1947 613 1986 non
641 1934 763 2003 captivus
787 1949 819 1990 ac
841 1935 946 1991 vinctus

150 2023 248 2083 alicubi
267 2031 383 2089 tenetur,
400 2020 446 2075 ubi
458 2019 527 2076 lalso
540 2020 612 2076 bono
625 2021 767 2093 decipitur.

186 2138 281 2197 Amori
302 2153 366 2194 rero
392 2146 496 2202 nostro,
519 2134 626 2190 affectui
650 2143 744 2191 nostro
763 2137 801 2191 illi
822 2139 945 2206 naturali,

150 2231 190 2288 sic
204 2237 244 2286 est
270 2241 347 2282 amor
374 2224 433 2292 Dei,
449 2224 519 2280 sicut
537 2223 645 2295 corpori
669 2232 760 2280 nostro
781 2226 871 2280 anima
897 2244 947 2282 sua

148 2327 198 2376 est.
214 2318 243 2372 Si
257 2317 284 2371 iu
299 2316 359 2385 ipso
374 2321 424 2376 est,
436 2312 503 2367 vivit
515 2327 522 2380 ;
533 2312 574 2366 sin
590 2320 691 2379 antem,
703 2314 812 2369 nonnisi
823 2316 945 2370 mortici-

149 2423 215 2463 num
230 2404 369 2474 quoddam
394 2408 444 2464 est,
458 2400 529 2470 quod
542 2415 597 2453 nou
621 2400 712 2465 sentit,
729 2403 801 2473 qnod
828 2403 946 2458 sentien-

149 2496 214 2564 dum
230 2498 278 2549 est.
301 2491 369 2546 Cum
391 2497 481 2543 autem
508 2488 575 2545 sivit
598 2489 690 2556 homo,
707 2497 733 2544 et
760 2490 878 2546 sentiens
898 2509 947 2563 per

148 2598 210 2642 eum
225 2578 299 2654 qnod
325 2575 496 2632 sentiendum
511 2584 553 2631 εει
580 2575 670 2645 sentit,
687 2577 713 2631 ιιι
728 2578 754 2632 id
778 2579 850 2650 quod
865 2582 944 2635 sentit

148 2668 366 2730 transformatur,
381 2666 442 2736 plus
457 2664 484 2718 iu
503 2665 555 2720 hoc
579 2666 685 2720 valente
707 2668 822 2721 amantis
836 2667 943 2737 affectu,

149 2777 230 2833 quam
258 2755 301 2813 vel
325 2771 404 2810 sensu
431 2753 459 2808 in
482 2753 649 2824 corporibus,
663 2754 705 2809 vel
721 2754 747 2809 in
769 2755 945 2812 rationalibus

148 2849 285 2906 intellectu
299 2854 328 2899 et
342 2859 412 2897 unus
440 2840 553 2910 spiritns
568 2840 682 2896 allicitur
696 2843 777 2897 homo
792 2859 853 2899 cum
876 2846 943 2911 Deo,

148 2937 195 2995 cni
207 2933 333 2992 afficitur.
349 2930 434 2985 Habet
450 2931 522 2984 enirn
538 2928 664 2984 voluntas
684 2931 783 2986 animan
798 2931 832 2986 ad
856 2949 943 3003 copu-

147 3026 245 3083 landas
261 3020 399 3077 raetiam
426 3033 571 3088 corporeas
586 3018 640 3071 rim
653 3022 768 3083 tantam,
783 3029 810 3074 ut
825 3022 948 3076 sensibus
961 3029 984 3095 (ζ

147 3112 354 3173 easadmovens
369 3113 444 3162 tanta
464 3122 661 3176 nonnunquam
686 3107 833 3163 intentione
848 3124 945 3165 sensus

146 3199 311 3276 ipsosineis
334 3197 467 3253 formatos
490 3194 622 3260 detineat,
637 3203 665 3250 ut
680 3195 808 3250 voluntas
823 3197 883 3267 ipsa
905 3198 944 3254 el·

146 3292 351 3353 ficirtnramor,
367 3283 411 3342 vel
434 3282 580 3354 cupiditas,
597 3284 639 3338 vel
655 3283 742 3338 libido
759 3300 765 3337 :
783 3286 944 3343 ferventiore

145 3377 303 3438 intentionis
332 3371 503 3430 vehementia
525 3372 658 3427 intantum
688 3373 773 3427 rebus
788 3373 876 3429 sensis
905 3375 944 3429 in·

145 3471 233 3540 hians,
244 3474 273 3522 ut
287 3464 321 3520 de
335 3463 377 3518 eis
398 3461 487 3532 ipsum
503 3476 602 3530 corpus
626 3460 757 3516 inhiantis
778 3462 820 3517 vel
844 3478 943 3518 aman-

144 3559 180 3614 tis
189 3557 228 3611 sic
253 3551 354 3609 alliciat
368 3548 412 3605 vel
427 3546 537 3612 inliciat,
550 3556 578 3603 ut
606 3547 754 3619 aliquando
768 3549 836 3604 illud
861 3550 888 3605 ιιι
903 3551 943 3606 ει-

144 3644 236 3701 ιιιιιειιι
264 3640 308 3697 vel
330 3638 452 3708 speciem
473 3636 517 3691 vol
545 3635 664 3691 colorem
685 3636 864 3692 transfundat.
880 3640 944 3694 Non

144 3735 198 3790 hoc
231 3728 309 3785 latuit
341 3723 521 3797 patriarcham
552 3723 637 3779 Jacob
670 3722 754 3792 (Gerr.
788 3727 861 3795 axx),
897 3728 942 3799 qui

145 3823 251 3879 colores
276 3830 345 3886 quos
360 3811 468 3868 volebat
481 3809 616 3866 artiliciali
631 3818 656 3866 et
668 3812 781 3866 naturali
803 3815 942 3871 machina.

1001 1765 1054 1803 non
1071 1748 1211 1804 contundit
1235 1752 1323 1819 (dora.
1337 1754 1363 1822 v)
1377 1773 1384 1821 ς
1399 1776 1410 1803 n
1440 1756 1502 1827 quia
1529 1767 1591 1828 post
1613 1761 1804 1831 probationem

1000 1837 1158 1893 diffunditur
1181 1839 1207 1892 in
1230 1841 1313 1895 corde
1328 1843 1451 1898 charitas
1468 1861 1474 1897 :
1492 1854 1517 1899 et
1531 1862 1594 1900 mox
1605 1864 1654 1918 per
1673 1849 1803 1920 Spiritum

1000 1934 1122 1980 sanctum
1139 1927 1278 1982 ordinatur
1301 1945 1348 1983 sua
1375 1933 1429 2000 pire
1445 1935 1531 1987 menti
1556 1935 1683 2002 suavitas,
1695 1947 1721 1992 ει
1734 1937 1765 1991 ιιι
1778 1939 1804 1995 ει

1000 2016 1028 2069 in
1056 2015 1109 2070 hoc
1135 2015 1229 2070 crebra
1250 2016 1365 2073 visitatio
1387 2019 1623 2090 Dei,custodiens,
1644 2024 1711 2080 sieut
1736 2025 1804 2081 dicit

1000 2112 1109 2159 sanctus
1130 2103 1181 2158 Job
1203 2103 1314 2174 (debr),
1330 2105 1458 2177 spiritum
1487 2110 1557 2165 servi
1578 2111 1629 2165 sui.
1647 2111 1714 2181 Qua
1728 2115 1801 2169 eninr

1001 2199 1088 2262 potest
1114 2208 1173 2246 esse
1197 2192 1316 2249 visitatio
1340 2194 1456 2264 dulcior,
1473 2198 1625 2256 consolatio
1646 2201 1740 2270 major,
1756 2202 1801 2256 lu-

1000 2296 1061 2334 men
1086 2280 1207 2334 divinius
1232 2283 1414 2353 sperantibus,
1443 2284 1470 2338 in
1496 2286 1615 2342 tenebris
1641 2288 1720 2358 hujus
1736 2290 1801 2345 ritae

999 2367 1183 2423 laborantibus
1216 2368 1278 2424 liliis
1306 2371 1382 2440 lucis,
1411 2390 1493 2442 quarn
1517 2375 1562 2430 val
1587 2374 1616 2430 in
1647 2384 1800 2435 transcursu

999 2456 1113 2530 fulguris
1127 2458 1225 2528 gratiae
1240 2459 1417 2514 illuminantis
1432 2461 1520 2517 oculis
1544 2463 1636 2519 cordis
1651 2464 1799 2537 aliquando

998 2545 1169 2616 aliquatenus
1185 2546 1278 2601 ridere
1293 2548 1540 2617 domonstrantem,
1556 2552 1656 2608 sentire
1679 2555 1798 2623 promit-

998 2643 1109 2702 tentem,
1122 2641 1148 2688 ει
1170 2634 1233 2705 qnid
1243 2636 1315 2706 apud
1330 2636 1475 2691 Dominum
1501 2639 1693 2696 misericordia
1706 2649 1733 2696 ct
1746 2658 1797 2698 co-

998 2722 1083 2794 piosae
1107 2723 1308 2794 redemptionis,
1326 2724 1390 2796 quid
1414 2726 1615 2798 propitiationis
1642 2729 1685 2798 sit,
1700 2731 1795 2787 intelli·

998 2827 1084 2883 gere,
1102 2811 1288 2866 laborantibus
1302 2812 1330 2865 in
1344 2814 1458 2885 regione
1469 2816 1532 2870 mali
1548 2816 1612 2887 quid
1627 2817 1654 2870 in
1684 2821 1797 2891 regiona

1000 2899 1063 2954 boni
1088 2899 1250 2970 promittitur
1274 2902 1431 2972 suspicere;
1447 2911 1508 2959 ante
1535 2906 1684 2960 revelatam
1700 2908 1795 2962 faciem

998 2988 1093 3059 gratia
1118 2989 1265 3042 revelatam
1290 2988 1388 3045 ollerre
1418 2991 1514 3045 laciem
1540 2991 1620 3048 bonae
1649 2996 1794 3051 conscien-

999 3077 1042 3132 tiae
1056 3078 1070 3130 ‘l
1084 3075 1108 3132 Ο
1123 3092 1188 3148 ergo
1215 3076 1379 3150 quicumque
1402 3078 1542 3135 desideras
1569 3088 1596 3136 et
1623 3081 1734 3138 affectas
1748 3087 1796 3140 ha-

998 3166 1064 3220 bere
1092 3164 1118 3219 iu
1135 3164 1186 3219 fide
1210 3173 1266 3235 tua,
1282 3166 1308 3220 in
1325 3167 1380 3221 vita
1409 3166 1467 3237 ista,
1483 3169 1626 3240 gaudium,
1646 3171 1699 3227 hoc
1713 3171 1791 3227 dius-

998 3255 1088 3310 culum
1119 3254 1228 3310 Domini
1255 3254 1305 3310 Dei
1320 3255 1361 3310 tui
1381 3265 1439 3312 esto
1464 3272 1517 3312 nou
1545 3257 1719 3326 dubius,non
1734 3262 1794 3317 hre-

997 3342 1090 3409 sitans,
1125 3342 1173 3398 sed
1195 3343 1365 3400 certissimus
1388 3344 1493 3400 arbiter
1524 3346 1615 3402 cordis
1648 3347 1694 3403 tui.
1720 3350 1795 3405 llabe

997 3431 1026 3486 in
1043 3431 1096 3486 lide
1120 3438 1193 3486 certa
1208 3431 1337 3503 gaudium
1363 3433 1509 3488 certamin
1534 3433 1711 3491 fundamento
1733 3451 1793 3502 suo,

998 3519 1136 3575 fraudatum
1154 3534 1219 3576 cum
1241 3521 1409 3576 couscientia
1422 3522 1512 3587 hona;
1530 3530 1556 3580 et
1569 3524 1622 3579 hoc
1639 3532 1713 3579 taum
1728 3525 1790 3592 erit,

998 3616 1024 3664 et
1038 3625 1117 3663 nemo
1131 3609 1206 3664 tollet
1217 3609 1283 3663 illud
1298 3625 1315 3665 a
1331 3617 1365 3665 tc.
1382 3610 1486 3665 Deinde
1508 3620 1651 3683 postquam
1678 3614 1795 3684 ceperis

997 3696 1098 3764 vidore,
1114 3705 1206 3770 satage
1225 3706 1251 3751 ut
1262 3698 1387 3754 crebrius
1399 3699 1509 3762 videas;
1529 3699 1665 3757 efficacius
1680 3701 1792 3768 sentias,

997 3793 1026 3840 ιιι
1039 3785 1153 3856 incipias
1175 3802 1351 3858 cognoscere.
1365 3787 1408 3841 Ex
1423 3789 1475 3843 hoc
1496 3789 1569 3842 euim
1584 3787 1656 3844 fideli
1668 3805 1718 3844 suo
1734 3791 1794 3861 jam

144 3918 236 3967 memo
268 3899 421 3976 pecudibus
450 3899 599 3953 nascituris
632 3898 737 3965 indidit,
762 3917 797 3955 ne
825 3902 943 3958 hominis
995 3874 1154 3931 illucescere
1187 3875 1301 3945 incipiet
1327 3891 1398 3931 nova
1428 3877 1551 3947 quaedam
1584 3875 1794 3934 lactrocinia

144 3994 255 4055 barbari
281 3988 403 4062 nequitia
430 3985 531 4042 laboris
554 3985 596 4043 sui
615 3987 739 4044 mercede
763 3988 942 4046 delraudarc·

140 4096 195 4143 tur.

177 4172 259 4244 Quod
287 4171 371 4227 multo
398 4164 534 4240 potentius
558 4163 723 4237 digniusque
751 4166 850 4237 agitur,
879 4185 940 4224 cunr

142 4263 200 4336 ipse
215 4260 262 4333 qui
276 4268 318 4316 est
346 4253 535 4314 substantialis
563 4253 691 4310 voluntas
719 4255 805 4310 Patris
828 4263 855 4311 ει
872 4257 939 4324 ttlit,

140 4351 259 4425 Spiritus
271 4355 388 4416 sanctus,
398 4346 561 4403 voluntatem
586 4341 707 4398 hominis
722 4343 762 4399 sic
781 4343 834 4398 sibi
850 4344 936 4400 allicit

140 4441 266 4498 utDeum
281 4452 375 4493 amans
388 4434 492 4500 anima,
508 4437 535 4487 ει
549 4429 664 4485 amando
671 4431 803 4498 sentiens,
819 4439 876 4487 tota
890 4449 935 4488 rc·

141 4536 222 4604 pente
236 4531 437 4583 transmutetur
451 4536 505 4578 nou
520 4518 630 4590 quidem
645 4520 672 4573 in
699 4527 824 4576 naturam
839 4521 940 4578 divini-

139 4619 209 4686 tatis,
222 4616 270 4672 sed
284 4624 376 4671 tamen
392 4614 420 4667 ιιι
436 4608 582 4683 quamdam
597 4624 678 4680 supra
701 4609 857 4678 humanam,
872 4609 939 4666 citra

140 4707 270 4773 divinam,
295 4702 408 4759 iorrnem
424 4696 609 4763 beatitudinis,
632 4696 659 4751 in
689 4696 819 4768 gandium
837 4697 938 4753 illumi-

140 4794 229 4850 nantis
251 4791 358 4865 gratim
375 4796 402 4844 et
422 4801 530 4842 sensum
552 4782 712 4840 illuminatae
739 4785 935 4843 couscientia:

139 4884 273 4939 intantum
287 4885 317 4935 ut
344 4876 454 4950 spiritus
476 4873 598 4928 hominis
612 4873 658 4945 qni
673 4874 753 4945 paulo
767 4884 829 4930 ante
845 4875 890 4933 vix
908 4877 937 4931 ιιι

140 4971 239 5044 Spiritu
265 4975 357 5023 saneto
386 4970 491 5037 poterat
507 4961 608 5029 dicere,
633 4984 644 5010 n
661 4962 793 5018 Dominus
816 4963 903 5032 lesus,
921 4986 932 5013 n

139 5059 197 5129 jam
213 5058 283 5112 iuter
297 5055 370 5109 illios
383 5050 535 5123 adoptionis
550 5047 716 5105 confidenter
726 5051 825 5106 clamet
836 5075 848 5100 ι
860 5053 936 5107 Abba

138 5149 219 5204 Pater
231 5145 256 5217 (i
271 5146 332 5202 Cor.
349 5156 403 5202 ιιιι;
419 5141 496 5196 Rom.
514 5144 573 5209 vui)
592 5157 598 5193 :
616 5160 628 5187 a
644 5154 696 5194 nec
722 5147 824 5195 tantum
851 5141 933 5211 spiri·

138 5244 192 5301 tus,
203 5234 251 5291 scd
265 5240 293 5289 et
306 5228 437 5297 caroejus
458 5227 598 5299 promissa
615 5226 820 5299 incorruptionis
835 5228 934 5301 etglo·

136 5329 294 5389 tilicationis
309 5325 431 5396 snajam
441 5325 548 5395 aliquas
569 5325 689 5381 sentiens
706 5324 850 5395 primitias,
866 5342 932 5398 gra-

136 5433 227 5486 tanter
240 5427 358 5499 abneget
372 5440 401 5479 sc
416 5421 479 5490 sibi,
495 5419 623 5477 alacriter
643 5437 756 5478 currens
774 5429 836 5494 post
850 5422 932 5494 spiri-

133 5530 192 5591 tum
206 5540 296 5595 saum,
310 5523 377 5581 sicin
390 5519 435 5577 ille
452 5517 624 5594 paatlteum.
638 5517 676 5576 tn
687 5519 745 5577 wc
759 5518 932 5592 satiabilrtio

996 3963 1151 4035 cognitione
1179 3962 1239 4031 Dei,
1268 3964 1427 4035 promittens
1450 3981 1479 4019 εε
1494 3972 1596 4019 tantum
1611 3965 1637 4019 iu
1662 3966 1712 4022 hac
1727 3967 1792 4032 vita,

995 4051 1151 4123 plenissime
1175 4067 1239 4107 vero
1268 4067 1297 4107 εε
1326 4052 1423 4107 datura
1438 4053 1465 4106 in
1496 4053 1584 4108 lutura
1608 4054 1793 4127 vita,dequa

995 4154 1075 4194 orans
1091 4140 1220 4195 [lominus
1243 4155 1292 4211 pro
1322 4140 1473 4212 discipulis,
1490 4141 1596 4196 dicebat
1609 4142 1644 4197 ad
1666 4144 1790 4198 Patrem:

997 4229 1083 4284 «llaec
1096 4235 1138 4283 est
1152 4228 1208 4284 vita
1218 4236 1328 4294 aterna,
1338 4238 1367 4284 ut
1376 4238 1543 4302 cognoscant
1557 4239 1684 4286 teverum
1693 4232 1790 4301 Deum,

995 4324 1021 4372 et
1035 4333 1115 4386 quern
1131 4318 1230 4373 misisti
1243 4321 1339 4374 lasum
1358 4320 1494 4374 Christum
1508 4318 1600 4389 (loun.
1617 4323 1695 4391 xvu).
1715 4344 1726 4369 r

1031 4433 1159 4506 Cognitio
1174 4442 1266 4490 autem
1280 4435 1340 4490 haec
1353 4435 1406 4490 Dei
1421 4434 1475 4491 alia
1489 4434 1552 4490 lirici
1566 4443 1617 4502 est,
1626 4435 1758 4492 aliaamor
1764 4436 1789 4491 is

994 4523 1041 4579 vel
1067 4522 1213 4579 charitatis.
1230 4520 1298 4591 Quae
1324 4521 1389 4579 fidei
1403 4531 1454 4590 est,
1470 4523 1551 4593 hujus
1579 4525 1641 4580 vitae
1653 4532 1709 4591 est;
1728 4541 1790 4596 quaa

993 4627 1059 4666 vero
1092 4611 1238 4681 charitatis,
1265 4612 1330 4667 vitae
1361 4618 1492 4667 aetcrnae:
1515 4613 1557 4668 vcl
1588 4614 1688 4683 potinS,
1721 4613 1791 4669 sicut

992 4697 1123 4754 Dominus
1135 4698 1211 4767 dicit,
1230 4721 1240 4747 r
1254 4702 1312 4755 haec
1328 4707 1370 4754 cst
1384 4700 1439 4755 vita
1453 4710 1580 4755 aeternam
1597 4701 1675 4755 Aliud
1688 4701 1788 4772 quippe

991 4792 1033 4844 εει
1047 4803 1216 4860 cognoscere
1230 4786 1320 4843 Deum
1341 4789 1409 4843 sicut
1442 4789 1582 4860 cognoscit
1598 4789 1639 4844 vir
1671 4791 1788 4844 amicum

991 4891 1084 4940 suum,
1099 4876 1171 4930 aliud
1196 4890 1363 4947 cognoscere
1392 4892 1456 4931 eum
1486 4878 1628 4948 sicutipse
1647 4880 1785 4949 cognoscit

990 4964 1177 5035 sentatipsnm.
1187 4965 1311 5036 Cognitio
1321 4964 1472 5019 communis
1484 4973 1527 5020 est
1541 4966 1644 5037 cogniti
1659 4967 1787 5036 hominis,

989 5068 1038 5108 scu
1064 5053 1180 5126 cognitae
1207 5053 1257 5120 rei,
1274 5069 1308 5107 ex
1336 5054 1474 5124 aliquanta
1488 5054 1593 5109 visione
1621 5059 1782 5126 conceptam

989 5157 1076 5212 penes
1092 5157 1121 5196 se
1149 5141 1176 5196 ιιι
1200 5142 1331 5196 memoria
1360 5140 1460 5197 habere
1480 5141 1660 5213 phantasiam,
1673 5160 1727 5214 qua
1742 5160 1786 5200 res

988 5229 1047 5301 ipsa
1061 5230 1105 5287 vel
1119 5230 1220 5285 absens
1234 5229 1382 5300 cogitatur,
1398 5230 1440 5285 val
1465 5247 1585 5302 praesens
1600 5232 1784 5304 cognoscitur.

987 5327 1051 5384 Haec
1065 5328 1185 5400 cognitio
1199 5327 1227 5381 ia
1238 5326 1304 5396 Deo,
1320 5325 1382 5381 lidei
1405 5335 1461 5396 est;
1478 5344 1531 5384 non
1547 5328 1620 5401 quod
1640 5329 1676 5384 sit
1690 5328 1786 5384 simili·

988 5425 1052 5481 tudo
1066 5424 1156 5497 aliqua
1184 5423 1391 5497 phantasmatis,
1407 5425 1455 5480 sed
1476 5426 1572 5496 aliquis
1587 5424 1698 5483 affectus
1722 5426 1784 5498 pic·

986 5522 1047 5583 tatis
1063 5540 1069 5578 :
1087 5522 1131 5598 qui
1145 5538 1181 5580 ex
1195 5520 1258 5580 iidei
1274 5521 1360 5578 iorma
1374 5530 1559 5596 conceptuset
1578 5524 1785 5583 commendatus
