3728 6000
65 255 119 312 913

446 263 513 322 tto.
540 268 586 323 DE
605 267 856 325 tttStttttcottota
875 267 921 322 ET
938 269 1101 330 tusrtrta.
1121 305 1157 317 ·-
1175 273 1264 333 PARS
1283 275 1320 332 ll.

1662 273 1715 330 ott

66 383 184 443 tisfsctio
208 386 270 458 ejus
286 391 376 446 taliter
392 391 477 449 fuerit
493 393 586 465 digne,
606 394 659 450 erit
679 402 704 450 et
727 395 864 450 fructuoso
878 393 906 454 Α
921 408 1074 469 sequenter,
1092 416 1153 472 cap.
1169 404 1233 468 200,
1250 410 1277 457 ut
1292 402 1344 458 hoc
1364 417 1415 473 per
1431 400 1644 456 misericordiam
1657 398 1716 455 lteri

64 474 172 531 duobus
184 477 283 545 modis,
299 480 333 535 ad
349 480 463 536 salutern
488 483 604 549 scilicet,
633 483 709 539 etad
732 485 864 540 bonorem

64 563 281 621 ecclesiasticum
301 571 528 639 recuperandum.

64 680 130 735 Cre.
147 682 277 738 Xlellf.
299 685 373 753 Quod
389 687 529 754 sacerdos,
547 691 571 745 ri
591 691 705 760 dionem
720 692 863 763 poniten-

101 755 173 808 tinm
185 757 282 825 aperit,
292 758 422 827 pristinae
432 776 490 814 enoc
499 760 634 831 dignitati
646 764 827 817 restituatur.

100 869 178 925 Unde
194 870 375 942 Hieronymus
384 874 546 930 inblichaea:
562 877 653 932 «Cum
669 877 756 932 dirini
774 877 864 950 magis

64 972 148 1027 quiam
164 961 303 1029 prophetae
319 960 413 1017 fuerint
438 966 615 1035 comprobati,
642 966 801 1021 ridebuntur
815 983 864 1022 su-

63 1061 114 1116 per
126 1047 239 1102 somniis
253 1049 308 1104 suis
324 1069 331 1117 ;
349 1059 374 1106 et
389 1052 480 1123 populi
496 1055 540 1125 qui
557 1054 645 1110 abeis
671 1055 745 1126 prius
759 1055 864 1126 decepti

64 1134 183 1204 fuerant,
200 1148 348 1194 contraeas
364 1139 518 1212 loquentur.
541 1145 615 1200 Tunc
645 1145 725 1200 etiam
742 1145 792 1217 ipsi
808 1162 865 1200 me·

64 1223 143 1295 gistri
157 1227 345 1295 penitentiam
368 1239 471 1302 agent:
489 1233 590 1304 etquis
619 1237 739 1289 clemens
764 1241 866 1289 sumet

64 1317 130 1369 noto
142 1324 255 1371 mortem
274 1321 434 1389 peccatoris,
465 1336 524 1376 cnm
554 1323 702 1378 exaudiero
721 1339 778 1387 eos,
794 1323 865 1379 dubo

65 1401 106 1456 eis
122 1403 249 1461 virtutem
261 1408 370 1477 spiritus
385 1410 449 1477 mei,
466 1419 490 1465 et
506 1411 865 1481 impleboeosjudiciomro

65 1501 90 1546 et
108 1491 277 1562 fortitudine,
294 1497 383 1568 utqui
406 1499 482 1569 prius
509 1499 644 1570 populum
674 1500 865 1556 blandimentis

64 1581 247 1652 decipiebant,
275 1592 373 1656 postca
401 1604 462 1642 vera
491 1591 676 1645 annuntiando
699 1590 864 1660 deterreant,

65 1670 142 1724 etad
158 1682 402 1730 rectumrerocent
420 1677 490 1732 viam
508 1687 554 1740 ·,ct
583 1678 628 1749 qui
656 1694 738 1734 cansa
764 1679 865 1734 erroris

67 1758 185 1826 fuerant,
202 1761 331 1833 incipiant
345 1765 446 1819 mederi
462 1766 618 1822 vulneribus
633 1784 693 1836 quta
709 1766 862 1835 intulerant,
878 1751 905 1811 Β

918 488 1084 553 ostenderet,
1109 490 1221 558 adjecit:
1235 514 1246 539 n
1264 492 1441 558 Sententiam,
1471 506 1531 560 quae
1559 489 1715 545 misericor-

918 575 990 630 diam
1004 586 1141 633 vetntnon
1156 579 1242 634 solum
1259 589 1350 635 tenera
1375 581 1425 636 sed
1453 586 1480 635 et
1504 578 1607 644 audire,
1636 577 1716 632 refu·

921 663 977 728 gite
992 683 999 729 ς
1018 687 1029 711 a
1047 672 1074 720 et
1088 674 1197 731 caetera,
1215 675 1242 721 ut
1254 668 1389 738 superius.

919 753 986 808 Cae.
999 753 1055 807 lfb.
1065 754 1202 822 Quomodo
1210 757 1375 812 solvendam
1386 764 1439 815 est.
1447 755 1612 826 enodationi
1623 755 1717 811 sancti

955 827 1717 899 postponitentinmprolnocntdipnltrcttsrcstitotio-

954 912 1031 962 nem,
1047 897 1138 968 reliqui
1151 898 1325 954 concedent.

956 983 1009 1039 Sed
1023 984 1146 1040 videntur
1162 987 1247 1042 sancti
1261 986 1324 1042 huic
1351 986 1493 1042 sententiae
1515 985 1654 1053 contrarii,
1671 985 1717 1056 qui

920 1071 1013 1127 dicunt
1027 1082 1089 1144 post
1103 1074 1208 1145 lapsum
1223 1075 1265 1130 vel
1281 1075 1472 1145 paenitentiam
1488 1075 1623 1130 neminem
1637 1090 1717 1145 posse

919 1160 953 1216 ad
967 1161 1123 1217 clericatum
1146 1163 1252 1229 venire,
1277 1163 1320 1219 rel
1340 1163 1442 1229 redire,
1463 1163 1506 1219 rel
1533 1163 1560 1218 in
1589 1163 1719 1219 clericatu

920 1265 1075 1315 remanere,
1088 1266 1149 1307 cum
1162 1251 1207 1307 alii
1220 1253 1311 1308 dicant
1326 1253 1479 1308 econtrario
1489 1253 1581 1308 oannis
1595 1252 1642 1307 ifle
1656 1250 1718 1307 fieri

919 1354 1010 1409 posse.
1028 1340 1104 1395 Unde
1116 1340 1265 1412 Gregorius
1279 1341 1438 1396 Constantio
1452 1341 1648 1396 Mediolanensi
1656 1342 1718 1411 epi-

920 1443 1004 1496 scopo
1019 1444 1080 1499 cap.
1097 1432 1126 1486 61
1148 1429 1210 1498 (lib.
1230 1446 1257 1495 v,
1269 1430 1352 1499 epist.
1371 1431 1400 1500 1)
1417 1448 1424 1484 :
1443 1453 1454 1477 n
1465 1429 1493 1484 Si
1503 1430 1585 1501 lapsis
1594 1430 1629 1485 ad
1638 1446 1718 1485 suum

919 1517 1044 1571 ordinem
1060 1518 1210 1573 revertendi
1224 1517 1331 1574 lieentia
1359 1519 1535 1586 correedatur,
1564 1519 1644 1590 rigor
1670 1535 1717 1574 ca-

920 1607 1029 1662 nonicae
1039 1607 1132 1677 procul
1148 1606 1231 1662 dubio
1247 1606 1382 1679 frangitur
1402 1607 1562 1677 discipline,
1591 1607 1656 1661 dum
1670 1622 1718 1678 per

922 1695 1096 1751 reversiones
1106 1711 1201 1767 pravae
1216 1696 1333 1751 actionis
1354 1696 1492 1752 desideria
1508 1697 1621 1767 quisque
1649 1711 1718 1752 con-

921 1783 1013 1854 cipere
1041 1800 1095 1838 non
1125 1783 1260 1840 formidat.
1286 1785 1456 1839 l'raternitas
1477 1785 1613 1856 siquidem
1630 1793 1720 1840 vestre

66 1856 93 1903 et
104 1865 164 1904 esse
178 1851 289 1906 occasio
301 1853 432 1908 sanitatis.
448 1856 867 1926 nlitcumbecdinissetcxper·
921 1889 970 1928 „05
997 1873 1142 1939 consuluit,
1172 1874 1195 1927 si
1210 1873 1389 1938 Amandinus,
1405 1873 1449 1943 qui
1467 1890 1502 1929 ex
1517 1874 1678 1945 presbytero
1694 1882 1721 1930 et

65 1953 136 1993 sons
152 1940 270 2004 Domini,
283 1941 347 2012 qu'd
366 1959 399 1997 er
415 1943 455 1997 bis
467 1944 558 1998 serbis
574 1946 746 2015 concepisset
768 1946 867 2000 subse·
921 1961 1050 2017 „phacea
1072 1971 1160 2018 vestro
1184 1967 1226 2016 esf
1252 1962 1406 2030 decessore,
1425 1962 1505 2033 culpe
1519 1964 1656 2035 exigente,
1672 1965 1719 2018 (10.

65 2029 584 2100 q⁰00l0l0⁵¹⁸¹¹f¹f12“Animfldl'ellsss
615 2034 712 2105 inquil,
739 2033 765 2088 ¹¹¹
794 2051 866 2105 l’lae·
922 2051 1035 2122 positus,
1066 2050 1094 2105 in
1113 2066 1145 2106 eo
1169 2067 1223 2123 quo
1239 2050 1325 2106 fuerat
1348 2051 1442 2106 ordine
1469 2052 1718 2108 revocuridebeat:

65 2118 441 2191 ⁸⁰¹¹U¹⁰⁰0l⁰⁵⁸⁰³¹f¹f¹¹⁰m
465 2122 636 2192 d0⁰f³s⁰f³⁰St
664 2130 815 2192 fteCffllums
844 2122 867 2178 Si
921 2140 994 2209 quod
1010 2141 1119 2211 quidem
1135 2155 1185 2195 uec
1201 2140 1275 2204 licet,
1292 2156 1342 2195 nec
1360 2141 1453 2210 aliqua
1469 2141 1573 2196 ratione
1597 2140 1656 2196 sacri
1668 2141 1720 2197 de·

64 2215 159 2263 tumen
175 2208 240 2262 vitis
255 2209 368 2279 pristina
384 2210 467 2282 digno
489 2211 649 2280 peonitentia
663 2211 776 2267 tuerit„
790 2213 866 2269 Unde

64 2307 92 2352 et
107 2297 196 2351 David
212 2305 272 2367 post
287 2298 450 2353 adulterium
465 2310 489 2354 et
506 2300 680 2356 homicidium
708 2301 825 2373 loquitur
840 2301 865 2355 in

66 2387 191 2457 psalmo:
206 2391 337 2458 asperges
347 2389 522 2458 orcltpssopo,
538 2397 566 2445 et
576 2390 730 2446 irruitdetor
742 2411 750 2451 ,·
760 2391 866 2446 functis

64 2492 120 2537 nte,
133 2481 161 2530 et
172 2477 360 2547 superno-em
370 2477 519 2534 dealbabor
541 2480 626 2549 (Psoi.
643 2495 669 2543 ι,
685 2483 721 2541 9).
741 2480 799 2536 Nec
813 2494 867 2534 sus

63 2563 181 2635 puritate
193 2564 251 2634 jam
267 2574 409 2620 contentus
426 2576 467 2621 est
484 2582 491 2633 ;
508 2567 557 2622 scd
579 2567 677 2623 infert:
690 2569 780 2625 flcdde
794 2568 865 2623 milri

66 2654 866 2728 fictitiamsolutorisfatiatspiritoprincipaliconpfrmn

65 2742 211 2809 nmtibid,
230 2745 283 2812 11).
300 2743 421 2812 Curiique
438 2745 488 2799 boc
504 2744 612 2807 feceris,
642 2745 739 2801 docebo
754 2747 866 2815 iniquos

67 2834 213 2893 oiastoos.
227 2837 255 2887 ct
264 2833 345 2904 irrepit
355 2833 391 2887 cd
402 2838 650 2889 teconoectcntor.
661 2834 737 2890 Unde
746 2833 866 2889 Culrxtus

64 2937 146 2991 papa,
159 2920 279 2991 capitulo
291 2925 339 2976 too
357 2936 363 2974 ε
384 2945 394 2967 υ
414 2923 509 2977 Errant
526 2923 569 2992 qui
586 2931 678 2992 putant
707 2924 865 2978 secerdotes

64 3018 125 3079 post
141 3010 257 3080 lapsum,
274 3011 297 3064 si
313 3010 425 3082 dignam
448 3013 554 3083 egerint
582 3013 777 3082 peonitentiam,
806 3013 863 3068 llo·

920 2230 1066 2286 cernimus.
1084 2229 1252 2299 Ejustamen
1262 2229 1286 2284 si
1301 2230 1370 2285 forte
1384 2231 1559 2286 conversatio
1575 2232 1718 2301 meruerit,

920 2332 999 2373 sacro
1018 2333 1068 2389 per
1082 2318 1266 2382 onruia,sicut
1281 2326 1319 2374 est
1334 2318 1464 2390 privatus,
1481 2318 1572 2374 officio
1588 2320 1615 2373 in
1627 2335 1720 2374 mona·

920 2410 1003 2461 sterio
1032 2422 1092 2461 euin
1118 2415 1180 2462 ante
1203 2407 1280 2473 elios,
1323 2414 1351 2462 ut
1374 2407 1557 2478 provideritis,
1587 2409 1719 2464 monacho

921 2495 1056 2551 ordinate.
1071 2494 1140 2550 llfud
1149 2494 1233 2567 igitur
1244 2511 1300 2565 prae
1309 2496 1438 2551 omnibus
1459 2496 1577 2562 studete,
1587 2504 1615 2551 ut
1629 2496 1720 2567 lapsos

919 2584 1070 2639 insacrum
1093 2582 1219 2639 ordinem
1244 2584 1343 2639 nullius
1365 2584 1443 2640 vobis
1459 2584 1614 2657 supplicato
1628 2586 1720 2657 aliquo

920 2672 1001 2729 modo
1017 2688 1144 2728 revocare
1158 2673 1283 2738 suadeat,
1304 2689 1338 2729 ne
1360 2674 1513 2743 hujusmodi
1534 2690 1587 2729 non
1606 2682 1716 2742 statuta,

920 2762 969 2817 scd
985 2762 1258 2833 temporaliterdilata
1272 2762 1398 2819 credatur
1413 2778 1472 2818 esse
1487 2762 1614 2818 vindicta.
1627 2786 1638 2811 n
1653 2765 1719 2819 item

920 2851 1073 2917 Gregorius
1089 2849 1123 2906 ad
1136 2850 1284 2907 Fabianum
1299 2851 1478 2922 episcopum:
1498 2875 1509 2900 n
1527 2853 1719 2924 Presbyterum

920 2941 1016 3010 inquit,
1032 2940 1067 2995 de
1082 2954 1136 3010 quo
1147 2955 1198 2994 nos
1212 2939 1366 2995 fraternitas
1389 2949 1434 2995 tun
1462 2940 1553 2996 latoris
1577 2942 1721 3013 praesentis

920 3027 1050 3084 relatione
1065 3027 1212 3094 consuluit,
1233 3028 1318 3093 nullu,
1344 3029 1489 3084 rationein
1518 3046 1596 3085 sacro
1624 3030 1720 3087 ordine

64 3098 139 3154 mino
154 3099 311 3154 ministrare
327 3116 380 3154 non
398 3116 487 3170 posse,
517 3109 542 3156 et
557 3102 613 3155 suis
624 3101 774 3156 bonoribus
802 3100 1097 3189 frui‚cp05213psum
1113 3125 1158 3172 ω)
1174 3126 1397 3188 permanemus
1425 3121 1639 3190 revocapjposse
1668 3136 1719 3177 00.

64 3187 87 3243 si
103 3187 204 3242 bonum
218 3188 298 3242 ritant
314 3187 444 3259 deinceps
459 3190 600 3251 duxerint,
616 3198 641 3245 et
656 3206 735 3244 suum
767 3205 862 3244 sacer-

62 3276 168 3332 dotium
195 3275 277 3346 digne
288 3277 476 3333 custodierint.
500 3279 534 3332 Et
558 3278 608 3348 ipsi
637 3279 681 3348 qui
698 3280 750 3334 boc
768 3285 862 3348 putant

61 3381 117 3420 nain
137 3366 226 3422 solum
243 3375 345 3431 errant,
363 3367 408 3420 sed
426 3367 506 3420 etiam
523 3367 633 3422 traditas
663 3367 792 3422 Ecclesiae
807 3365 861 3421 ela·

62 3472 110 3511 ves
124 3455 259 3526 despuere
271 3455 454 3510 ridentur:de
477 3456 576 3526 quibus
600 3455 700 3510 dictum
711 3464 750 3510 est
760 3474 769 3511 .·
779 3456 862 3523 Quae-

61 3561 173 3618 cunone
183 3545 326 3601 solveritis
336 3550 546 3616 superterram,
563 3545 861 3601 solctcerantinccelo

60 3632 266 3702 (dottttmvtu,
289 3635 342 3703 18).
356 3634 483 3704 Alioquin
510 3634 568 3689 burc
590 3633 724 3688 sententia
751 3631 861 3688 bantini

61 3737 128 3777 uera
143 3738 197 3777 non
213 3728 255 3778 est
272 3741 278 3783 ;
295 3738 345 3777 nos
357 3738 420 3777 vero
445 3721 689 3776 indubitantertsm
701 3720 860 3776 Dominisa-

61 3810 189 3867 cerdotes
204 3828 290 3882 quum
306 3811 426 3883 reliquos
451 3811 546 3866 fideles
562 3821 622 3880 post
640 3809 752 3882 dignam
779 3808 857 3865 sutis·

61 3899 209 3956 factionem
225 3917 303 3971 posse
314 3901 401 3956 redire
410 3900 443 3954 ad
454 3899 723 3966 honorescreditnus,
745 3906 859 3955 testante

61 3988 179 4045 llonrino
194 3990 566 4062 perpropbetem:ffunqutd
584 3991 632 4060 oui
646 3988 723 4044 cadit
739 4004 796 4043 non
806 3988 859 4044 od-

55 4079 140 4146 jtcict
155 4081 435 4151 attaminandum
450 4082 617 4134 eversorest
632 4094 690 4133 non
702 4081 861 4133 revertetur

62 4166 132 4233 (ter.
150 4182 210 4236 vrrs,
226 4169 264 4235 1).
278 4167 308 4220 tlt
319 4167 383 4223 alibi
400 4182 406 4221 :
423 4169 500 4234 Noto,
513 4167 598 4237 inquit
614 4167 757 4238 Dotninus,
781 4183 858 4223 rnor-

61 4256 353 4327 temperatissimae
370 4261 400 4311 nt
416 4259 601 4313 corcoertntor
610 4260 638 4311 et
649 4254 727 4312 oioot
739 4258 853 4325 (deecit.

60 4360 154 4406 xxxin,
172 4347 227 4414 11).
239 4345 273 4399 Et
285 4344 371 4399 David
394 4348 526 4416 propbeta
548 4344 732 4414 pmrritentiam
760 4360 856 4417 agens,

917 3215 1041 3280 gnoscat.
1061 3206 1140 3262 Circa
1162 3221 1244 3277 quem
1265 3215 1356 3261 tumen
1384 3207 1475 3262 mitius
1493 3210 1629 3281 agendum
1655 3218 1716 3264 est:

916 3303 1028 3368 propter
1042 3295 1113 3366 quod
1125 3295 1414 3350 commissumfaeinus
1442 3295 1513 3351 facili
1538 3297 1639 3352 dicitur
1656 3312 1719 3368 pro·

918 3385 1039 3439 sessione
1050 3383 1202 3439 confessus.
1221 3404 1233 3434 s
1251 3385 1318 3438 ltem
1341 3384 1375 3438 ad
1404 3384 1535 3439 loannem
1555 3386 1717 3456 episcopum

918 3475 1113 3544 Syracusanum
1129 3472 1188 3541 (lib.
1205 3489 1242 3538 rx,
1272 3473 1352 3543 epist.
1375 3474 1441 3542 63);
1461 3496 1471 3520 u
1490 3473 1558 3541 Qum
1585 3473 1715 3528 adversus

917 3559 1048 3616 Lucillum
1059 3558 1199 3615 lfucleniae
1210 3559 1326 3615 civitatis
1342 3560 1401 3629 (69)
1417 3560 1574 3631 episcopum
1601 3560 1717 3630 querefa

915 3656 1053 3705 commota
1066 3648 1110 3716 sit,
1126 3647 1154 3702 in
1168 3656 1310 3720 gestorum
1325 3665 1387 3720 quse
1399 3647 1436 3703 ad
1450 3663 1500 3704 nos
1514 3649 1655 3704 direxistis
1664 3664 1715 3720 pu·

915 3740 980 3809 gina
995 3738 1163 3794 declaratum
1179 3745 1231 3792 est.
1242 3737 1350 3792 litideo
1360 3737 1422 3808 quia
1434 3737 1499 3792 tanti
1516 3738 1642 3794 facinoris
1669 3739 1714 3793 ul-

915 3828 952 3883 tio
968 3828 1042 3883 nulla
1064 3826 1147 3883 debet
1162 3824 1292 3882 dilutione
1316 3824 1428 3892 differri,
1442 3826 1600 3883 fraternitas
1624 3835 1715 3883 restra

916 3924 968 3973 tres
979 3924 1025 3971 aut
1040 3924 1156 3986 quatuor
1170 3914 1204 3969 de
1216 3914 1399 3971 confratribus
1413 3923 1441 3971 et
1465 3915 1651 3972 sacerdotibus
1668 3933 1713 3972 ce·

914 4006 976 4060 stris
991 4003 1043 4059 sibi
1058 4004 1195 4070 adhibeat,
1207 4010 1235 4059 ut
1263 4002 1330 4074 ipsis
1344 4019 1454 4078 quoque
1472 4004 1653 4076 praesentibus
1664 4020 1712 4076 pa·

913 4094 1009 4150 tesacta
1036 4107 1068 4149 ac
1094 4091 1235 4148 satisfacta
1254 4091 1368 4148 veritate
1391 4093 1550 4164 praedictum
1577 4093 1711 4149 Lucillum

913 4184 948 4238 de
962 4182 1132 4253 episcopatus
1146 4180 1251 4248 ordine,
1268 4197 1349 4254 quem
1369 4181 1449 4251 hujus
1476 4183 1588 4238 sceleris
1615 4190 1710 4239 contn-

912 4272 990 4344 gium
1005 4270 1155 4333 maculavit,
1168 4268 1342 4326 studeatsine
1352 4269 1529 4342 ambiguitate
1538 4270 1707 4339 deponere.»

913 4361 941 4415 ln
957 4376 1012 4433 quo
1027 4360 1185 4425 noandum,
1200 4359 1332 4431 quianon
1356 4359 1390 4414 de
1405 4359 1530 4414 omnibus
1543 4359 1626 4428 lapsis
1651 4360 1710 4415 fureo

59 4432 146 4488 dixit:
157 4433 246 4489 lleddc
256 4433 327 4488 intlt
341 4435 473 4489 tetrorum
482 4435 621 4489 solutoris
637 4434 691 4501 toi,
709 4438 736 4490 et
752 4435 857 4506 spiritu
871 4463 898 4523 D
913 4447 1049 4505 sententia
1063 4447 1239 4520 imenjgenda
1258 4456 1309 4503 ρει,
1326 4446 1442 4514 Quidem
1469 4447 1540 4502 enim
1568 4447 1707 4514 labuntur,

58 4523 217 4594 prtrtcipnli
232 4524 369 4591 corrpirmo
384 4539 428 4578 ine
441 4524 531 4589 (Parti.
552 4538 576 4588 n,
595 4523 650 4590 ff).
670 4526 856 4593 lpsananique

60 4618 123 4681 post
138 4610 323 4680 paenitentiam
334 4611 438 4666 etalios
453 4611 554 4676 docuit,
579 4620 605 4665 et
620 4612 785 4666 sacrificium
799 4611 856 4666 Deo

59 4699 167 4763 obtulit,
184 4701 253 4753 cleris
269 4699 422 4768 exernpltnn
435 4700 592 4755 doctoribus
606 4700 748 4764 Ecclesia,
758 4700 781 4753 si
790 4699 857 4770 lapsi

60 4788 169 4857 fuerint,
198 4795 226 4844 et
252 4788 364 4860 dignam
381 4788 564 4859 pannomiam
580 4789 697 4860 egerint,
714 4797 857 4858 utrumque

60 4877 153 4933 fucere
169 4893 257 4948 posse.
275 4877 371 4931 Docuit
386 4877 456 4930 enim
473 4877 673 4946 otiandodixit:
693 4877 857 4935 Uoccboini-

59 4982 127 5036 ortos
133 4967 303 5026 oinstrrorct
313 4970 350 5022 tm
353 4968 394 5038 pii
403 4967 439 5021 od
448 4971 475 5021 tc
485 4971 687 5022 convertentur
695 4967 784 5032 (told,
793 4966 837 5033 15)
849 4983 855 5019 :

59 5063 87 5110 et
98 5054 261 5110 sacrificium
277 5071 328 5125 pro
342 5072 372 5108 se
386 5055 492 5119 obtulit,
509 5070 569 5110 cum
579 5055 649 5109 dixit
661 5073 666 5107 :
679 5056 857 5123 Sttrritict‘ttnt

62 5143 116 5200 Deo
133 5146 253 5215 spiritns
269 5144 486 5199 contribulatos.
501 5145 600 5196 l'itfens
612 5143 684 5197 enirn
695 5143 857 5198 sceteresua

59 5240 193 5296 mundata
218 5256 267 5312 per
295 5241 493 5310 paenitentiam,
525 5256 578 5294 non
606 5238 856 5309 dubitavitprredi-

60 5338 159 5405 cando,
175 5345 202 5394 ef
217 5337 333 5394 Domino
348 5336 459 5392 libando
471 5353 568 5393 curare
588 5337 691 5394 alienu.
714 5360 724 5384 »1
741 5337 775 5392 Et
790 5338 858 5392 snb-

96 5564 153 5633 (69)
168 5561 248 5634 Apud
263 5560 427 5634 Gregorium
441 5563 544 5621 fictitie
558 5560 693 5618 ciuitatis.

910 4537 1058 4609 dequibus
1073 4536 1193 4605 suspicio
1202 4536 1245 4592 rel
1260 4536 1334 4591 nulla
1346 4544 1398 4601 est,
1414 4535 1455 4591 cel
1470 4536 1574 4592 incerta
1591 4535 1708 4605 ;dcqui-

912 4627 962 4682 bus
976 4626 1036 4697 ipse
1048 4624 1200 4695 Gregorius
1214 4625 1271 4678 ait:
1288 4625 1413 4695 «Lapsos
1428 4623 1455 4677 iu
1469 4624 1566 4679 ordine
1577 4624 1707 4680 eeclesia·

911 4717 993 4778 stico,
1010 4714 1057 4768 sed
1075 4728 1127 4767 nou
1142 4711 1275 4781 deJectos,
1300 4712 1350 4767 Dei
1374 4711 1476 4780 judicio
1501 4713 1704 4781 committimus,

911 4805 984 4873 cujus
1000 4801 1201 4869 misericordia,
1215 4809 1242 4856 ut
1252 4802 1306 4856 Leo
1317 4801 1391 4869 dicit,
1404 4817 1458 4856 nec
1475 4817 1617 4857 mensuras
1633 4820 1706 4874 prae-

912 4893 1044 4949 sumimus
1059 4905 1169 4961 ponere,
1187 4906 1236 4946 uec
1252 4898 1375 4961 tempora
1391 4888 1515 4956 definire,
1545 4891 1707 4963 apudquem

912 4981 999 5037 nullas
1014 4981 1115 5052 patitur
1131 4979 1218 5035 venire
1238 4996 1325 5034 moras
1340 4996 1408 5050 pura
1430 4979 1576 5049 confessio,
1601 4980 1708 5036 dicente

912 5070 1013 5141 Spiritu
1024 5069 1074 5124 bei
1082 5085 1130 5140 per
1138 5069 1390 5140 prophetam:Cunt
1410 5069 1592 5141 tripolitanis,
1611 5071 1707 5126 arctous

911 5160 968 5216 cris
983 5160 1093 5229 (Eseclr.
1108 5175 1204 5224 xxrtrr,
1223 5158 1280 5227 11).
1303 5158 1357 5213 flos
1371 5173 1441 5230 ergo
1459 5173 1521 5213 vcra
1534 5159 1708 5214 confessione

912 5248 977 5304 dicit
992 5264 1052 5303 esse
1067 5247 1235 5319 purgandos.
1250 5270 1261 5295 l
1273 5247 1411 5302 Labuntur
1425 5261 1490 5302 vero
1503 5246 1548 5302 ulii
1562 5247 1597 5303 de
1612 5248 1708 5318 quibus

913 5353 966 5392 uon
980 5336 1109 5407 suspicio,
1123 5335 1169 5391 sed
1185 5335 1320 5391 evidentia
1329 5343 1401 5392 certa
1413 5344 1454 5392 est
1467 5350 1474 5403 ;
1490 5336 1538 5392 sed
1563 5337 1604 5393 rel
1620 5337 1707 5394 docu-
