3728 6000
114 168 171 225 'tta

440 294 555 352 CAPUT
570 296 604 351 ll.

116 393 197 464 Quod
211 395 344 468 quoniam
356 392 484 451 Christus
498 395 647 451 exultatus
657 399 700 452 est
710 412 797 468 super
808 400 916 465 omnio,

152 471 181 522 et
194 467 226 521 t'n
238 480 269 521 eo
279 465 359 523 nobis
369 469 472 520 cuncto
483 466 589 522 donato
600 473 678 534 ιιιιιι,
690 469 816 524 similam
828 471 917 525 ctiam

151 538 272 608 gloriam
287 550 338 592 aros
351 552 466 609 sperare
480 537 640 593 debeamus.

156 661 210 718 Sed
227 668 253 718 et
267 669 295 716 ut
311 661 410 717 certius
424 662 452 715 in
468 661 550 716 simili
568 668 663 717 natura
683 670 775 719 nostra
789 679 839 735 per
852 679 920 736 gra-

121 751 189 806 tiam
206 750 306 806 Christi
327 766 468 822 speremus
482 751 609 823 gloriam,
625 766 674 806 uos
689 751 750 820 ejus
764 753 860 807 lratres
876 753 889 807 l
904 783 919 793 -

114 840 179 905 cit,
201 848 227 894 et
249 822 345 909 illum,
371 843 482 894 etcum
512 840 559 895 illo
588 841 681 895 omnia
704 840 784 896 nobis
810 842 920 897 donavit

121 929 213 1000 (Rom.
235 944 294 997 vut,
311 932 338 1000 7)
356 945 362 981 ι
379 937 408 982 ut
426 929 491 983 dum
519 928 696 984 Dominicum
725 929 863 986 hominem
891 930 920 987 in

116 1018 225 1072 unitata
248 1032 371 1089 personae
386 1017 447 1082 Uei,
464 1017 600 1072 credimus
615 1016 780 1087 deificatum,
796 1035 851 1075 non
866 1020 918 1076 dn-

115 1106 195 1161 bium
211 1107 255 1171 sit,
268 1105 349 1178 quod,
362 1106 500 1161 mediante
515 1105 603 1176 ipsius
613 1106 712 1178 gratia,
726 1109 916 1175 testeJoanne,

116 1195 199 1252 nobis
222 1203 264 1250 est
286 1195 390 1250 datum.
410 1196 454 1249 Ait
476 1195 548 1249 enim
565 1212 571 1248 :
591 1194 728 1268 Quotquot
750 1202 918 1269 acceperuut

114 1303 194 1349 eum,
211 1284 288 1340 dedit
302 1285 344 1340 eis
363 1287 532 1356 potestatam
551 1284 625 1353 filios
644 1285 693 1340 Dei
711 1285 774 1354 fieri
789 1287 881 1349 (loon.
898 1303 917 1357 t,

114 1375 174 1444 ta),
192 1374 239 1446 qui
254 1389 290 1427 ex
306 1373 365 1429 Uco
379 1373 433 1427 nati
455 1382 525 1427 sunt.
547 1373 623 1428 Unde
638 1375 803 1446 Augustinus
824 1375 851 1430 in
871 1392 918 1431 sc-

116 1463 209 1520 cundo
238 1477 363 1517 sermone
391 1477 474 1532 super
499 1463 631 1517 loannem
652 1462 692 1533 (n.
718 1464 761 1531 lb,
779 1472 850 1518 tom.
871 1465 916 1533 ΙΙΙ,

113 1560 188 1624 part.
205 1567 236 1617 ιι,
252 1551 305 1607 eol.
321 1550 384 1621 303)
403 1568 409 1604 :
426 1573 438 1598 ι
457 1553 490 1609 tlt
516 1551 642 1607 homines
666 1557 858 1609 noscerentur
880 1568 918 1610 ea

700 170 748 229 DE
767 172 1010 234 stctttttuttto.
1025 208 1060 219 -
1073 176 1138 235 LlB.
1159 178 1183 236 l.

929 301 959 364 Α
974 311 1093 359 nostram
1108 305 1175 363 lecit
1189 314 1227 377 ut,
1242 310 1307 365 dum
1328 327 1378 368 sua
1402 312 1528 372 fortitudo
1552 320 1707 390 promptior
1727 333 1769 381 est

1717 162 1769 256 rto

972 392 1052 447 nobis
1066 411 1146 465 quam
1162 406 1260 464 nostra,
1277 416 1326 471 per
1339 418 1414 457 suam
1430 407 1545 476 gratiam
1568 407 1620 462 sibi
1640 409 1766 468 detratio-

972 496 1030 546 res;
1046 489 1072 536 et
1087 483 1150 538 dum
1166 485 1272 555 sortior,
1295 505 1344 560 per
1364 508 1439 546 suam
1459 495 1682 566 omnipotentiam
1697 514 1767 556 con-

959 577 1015 630 tro
1030 572 1133 628 hostem
1149 574 1234 631 simus
1248 577 1389 636 fortiores.
1412 583 1446 638 Ut
1468 584 1540 638 enirn
1565 595 1690 656 potentes
1712 604 1768 645 non

973 668 1065 715 tamen
1084 664 1282 734 omnipotentes
1301 670 1390 724 creari
1406 672 1542 741 potuimus
1557 691 1607 744 per
1621 682 1765 746 naturam;

973 748 1022 804 sed
1044 751 1124 806 modo
1147 753 1211 808 dum
1236 754 1413 826 Omnipotens
1440 770 1481 815 est
1505 761 1634 819 fortitudo
1662 775 1765 836 nostra,

974 838 1052 908 quasi
1080 841 1279 912 omnipotentes
1294 845 1425 903 efficimur
1438 854 1627 923 pergratiam.
1647 854 1725 911 Unde
1739 864 1769 912 et

973 926 1105 984 Dominus
1119 929 1145 984 in
1159 930 1309 1003 Evangelio
1325 951 1332 990 :
1348 935 1448 993 Ornata
1462 941 1607 1011 possibilia
1621 947 1692 998 sunl
1707 960 1768 1001 crc-

974 1015 1056 1072 denti
1066 1018 1159 1085 (tlara.
1169 1034 1208 1083 ιιι,
1218 1024 1272 1092 st).
1286 1022 1315 1078 Si
1326 1040 1402 1097 ergo.
1415 1028 1478 1098 quia
1488 1029 1566 1084 uobis
1575 1031 1667 1086 omnia
1677 1034 1767 1103 possi·

973 1104 1036 1159 bilia
1050 1111 1120 1171 sunt,
1136 1110 1338 1181 omnipotentes
1352 1114 1492 1184 efficimur,
1508 1118 1582 1190 quid,
1608 1119 1666 1176 Deo
1685 1120 1768 1191 adju-

972 1200 1040 1263 tore,
1057 1196 1136 1252 nobis
1153 1208 1232 1255 nocet
1245 1207 1342 1256 nostra
1356 1202 1505 1271 infirmitas,
1522 1223 1582 1277 quae
1604 1216 1632 1264 et
1655 1210 1767 1266 hnmili-

972 1283 1035 1336 tatis
1048 1292 1131 1357 auget
1144 1290 1279 1356 meritum,
1293 1299 1319 1345 et
1335 1292 1440 1348 virtutis
1456 1296 1541 1351 nescit
1554 1296 1767 1356 detrimentum?

972 1369 1043 1440 Quid
1058 1377 1128 1428 enim
1144 1374 1311 1433 fortitudinis
1327 1382 1443 1437 rusticus
1457 1384 1599 1451 amitteret,
1612 1387 1634 1440 si
1648 1386 1675 1442 in
1685 1403 1768 1446 causa

971 1474 1019 1513 sua
1034 1471 1127 1516 contra
1149 1462 1266 1534 aliquem
1288 1472 1427 1537 potentem
1451 1486 1496 1525 rex
1511 1473 1536 1527 ei
1551 1475 1769 1543 patrocinaretur

971 1548 1017 1603 ubi
1041 1549 1099 1619 ipse
1114 1566 1168 1607 non
1184 1556 1297 1622 possetll
1320 1556 1397 1612 Unde
1421 1566 1447 1612 et
1468 1562 1612 1630 Apostolus
1629 1582 1634 1618 :
1651 1564 1680 1620 st
1694 1566 1767 1623 Deus

116 1642 181 1705 Deo.
194 1643 285 1710 primo
300 1656 337 1696 ex
350 1640 418 1713 ipsis
429 1643 519 1695 nolus
537 1644 579 1695 est
593 1641 676 1696 Deus.
702 1641 764 1696 Noli
778 1657 847 1713 ergo
861 1642 914 1696 mi·
929 1659 957 1720 Β
971 1652 1022 1709 pro
1035 1637 1115 1695 modis
1131 1643 1193 1713 quis
1211 1647 1312 1699 contro
1326 1649 1397 1701 aas?
1421 1649 1508 1716 (ilem.
1525 1665 1585 1719 ιιιιι,
1600 1653 1640 1722 t.)
1656 1653 1724 1708 ltem
1739 1653 1768 1710 in

114 1730 184 1796 rari,
201 1745 218 1785 o
233 1730 325 1793 homo,
342 1729 406 1799 quia
420 1726 536 1784 alliceris
557 1744 607 1799 per
627 1729 740 1798 gratiam
756 1728 835 1799 lilius,
853 1732 918 1800 qnia
973 1727 1768 1811 Psalmo:Inbeoluct'cmusuirtutcm,elipscadailtilum

114 1819 238 1874 nasceris
252 1833 284 1873 er
296 1818 354 1873 Deo
368 1817 518 1872 secuudum
531 1817 650 1872 l'erbum
660 1821 728 1886 ejus.
742 1818 816 1872 l‘rius
827 1820 917 1890 ipsum
972 1815 1090 1872 deducet
1101 1818 1231 1876 inimicos
1242 1826 1352 1878 nostros
1362 1823 1448 1892 (Psoi.
1461 1840 1514 1892 ιιι,
1526 1830 1582 1897 20).
1596 1830 1662 1883 Item
1673 1830 1768 1884 Domi·

116 1907 238 1963 Verbum
254 1906 338 1962 voluit
353 1907 426 1962 nasci
440 1922 474 1962 ex
488 1905 610 1976 homine,
636 1913 665 1961 ut
689 1913 715 1961 tu
738 1923 848 1963 securus
867 1924 917 1963 na·
971 1920 1022 1960 nus
1038 1905 1066 1959 in
1080 1906 1228 1978 Evangelio
1244 1926 1250 1962 :
1269 1911 1413 1981 confidite,
1426 1913 1548 1986 quiaepo
1560 1918 1614 1973 viel
1627 1919 1768 1975 mandam

117 1996 206 2053 sceris
220 2013 254 2052 ex
269 1995 341 2052 Deo.
364 2019 374 2044 ι
972 1994 1063 2060 (loon.
1080 2010 1137 2062 ιιι-ι,
1149 1997 1202 2066 18).
1213 1997 1293 2065 Quod
1307 2015 1356 2055 our
1370 2000 1483 2069 diceret,
1495 2003 1547 2059 nisi
1560 2004 1608 2060 illa
1622 2023 1671 2062 sua
1684 2008 1769 2065 victo·

153 2086 260 2142 Revera
280 2086 353 2140 enim
378 2092 408 2140 ut
427 2083 582 2140 securiores
604 2100 727 2140 essemus
751 2085 779 2140 in
802 2086 860 2157 ipso
884 2085 917 2140 de
972 2083 1015 2138 ria
1029 2091 1122 2139 nostra
1140 2085 1236 2141 esset?
1265 2088 1341 2143 Unde
1356 2091 1525 2162 Augustinus
1540 2092 1568 2147 in
1585 2110 1710 2151 sermone
1733 2095 1769 2154 de

113 2175 308 2231 conformitate
332 2182 358 2230 ct
382 2172 486 2229 unitate
507 2177 587 2229 unte
601 2173 694 2243 gratiae
709 2176 765 2245 tat)
781 2173 808 2228 in
824 2174 918 2230 humill
972 2172 1052 2227 natali
1075 2182 1221 2245 martyrum
1247 2176 1446 2246 (coexsulum
1463 2183 1491 2247 2,
1507 2191 1526 2236 t.
1544 2182 1576 2249 v,
1590 2184 1643 2239 col.
1660 2187 1739 2256 latta)
1759 2203 1765 2240 :

113 2272 209 2319 nostra
237 2272 332 2319 natura
360 2271 482 2318 naturam
511 2262 600 2317 carnis
627 2270 726 2318 nostrae
753 2262 803 2317 sibl
833 2263 918 2321 univit
975 2263 1770 2342 mrum-totilasuononpopercttseoprooottsomat-

112 2353 190 2408 Deus
204 2352 231 2407 in
248 2352 344 2408 eadem
360 2367 485 2423 persona,
502 2359 531 2406 ut
545 2351 610 2405 dum
626 2367 686 2407 earn
702 2360 755 2406 tam
782 2352 917 2408 mirabili·
972 2350 1021 2406 bus
1034 2352 1155 2408 tradidit
1165 2354 1260 2409 illum.
1272 2354 1409 2421 Quomodo
1417 2374 1475 2414 non
1492 2362 1579 2416 etium
1593 2366 1622 2417 cl
1636 2377 1700 2417 oum
1719 2364 1769 2429 illo

112 2450 156 2496 ter
177 2439 357 2512 glorificatam
373 2440 536 2507 videremus,
553 2440 587 2494 dc
602 2456 741 2512 germanas
758 2439 847 2497 carnis
863 2457 915 2497 no·
970 2440 1067 2495 omnio
1081 2441 1160 2497 stolis
1171 2442 1287 2500 donavit
1298 2444 1408 2516 l(llom.
1425 2463 1482 2514 vari,
1495 2450 1541 2518 ³2)
1551 2447 1668 2518 Quando
1678 2451 1769 2523 ipsum

112 2538 183 2586 strae
206 2528 406 2602 glorificatione
428 2545 482 2584 non
506 2529 721 2600 desperaremus.
743 2528 813 2599 Quia
835 2530 917 2603 igitur
971 2528 1051 2584 nobis
1065 2529 1188 2598 donavit,
1204 2546 1265 2588 cum
1279 2533 1326 2588 illo
1341 2534 1420 2589 nobis
1434 2537 1525 2591 omnia
1539 2537 1662 2594 donavit.
1673 2540 1771 2597 Terret

113 2619 145 2675 in
158 2621 229 2674 hanc
247 2619 366 2692 gratiam
383 2634 434 2673 nos
448 2617 579 2687 adoptare
594 2617 689 2687 voluit,
704 2627 732 2672 ut
747 2619 792 2689 qui
807 2634 856 2674 nec
871 2619 916 2674 di·
970 2622 997 2671 te
1012 2615 1134 2674 fremitus
1150 2621 1251 2686 mundi,
1268 2623 1310 2678 cui
1326 2623 1443 2679 donatus
1458 2633 1500 2681 est
1514 2626 1609 2682 artilex
1624 2628 1740 2684 mundi?
1756 2649 1767 2678 ι

111 2709 163 2781 gni
188 2708 264 2762 servi
288 2707 437 2770 lueremus,
458 2706 528 2761 filios
550 2706 599 2761 Dei
624 2705 734 2773 laceret,
760 2713 786 2762 et
809 2706 915 2764 Christo
970 2704 1103 2762 Christum
1118 2708 1199 2765 nobis
1213 2709 1342 2766 donatum
1362 2728 1424 2768 esse
1438 2714 1618 2785 gaudeamus,
1636 2722 1665 2771 et
1678 2716 1767 2773 nullos

111 2796 272 2854 coheredes
285 2796 424 2851 ordinaret
442 2794 549 2864 :ipsum
565 2811 645 2866 quem
661 2795 872 2866 primogenitum
888 2795 915 2850 in
969 2795 997 2849 in
1012 2795 1064 2852 hoc
1085 2798 1187 2854 saerulo
1208 2798 1332 2857 inimicos
1357 2801 1509 2858 timeamus.
1535 2802 1675 2878 Quidquid
1700 2821 1768 2879 ergo

112 2885 211 2942 multis
240 2885 369 2940 [ratribus
395 2893 420 2939 ct
441 2883 491 2938 sibi
513 2882 682 2955 unigenitum
698 2900 757 2939 esse
772 2882 871 2949 voluit,
886 2884 914 2939 in
969 2885 1309 2956 potentiaeseunascendo,
1320 2906 1367 2944 seu
1379 2890 1636 2958 infirmoscurandc,
1647 2903 1770 2950 mortuos

111 2996 169 3055 quo
184 2987 240 3037 erat
254 2977 393 3052 plenitudo
417 2976 567 3033 divinitatis
589 2977 774 3048 corporaliter,
798 2977 912 3048 privile·
968 2974 1134 3042 suscitando,
1149 2975 1210 3045 ipsc
1225 2992 1241 3032 a
1256 2977 1369 3034 mortuis
1379 2981 1558 3051 resurgendo,
1572 2982 1658 3038 coelos
1673 2998 1770 3039 ascen·

111 3069 161 3145 gio
174 3069 262 3125 omnis
276 3068 372 3141 gratiae
386 3082 440 3121 non
456 3067 489 3120 ad
506 3082 671 3135 mensuram,
689 3066 737 3120 sed
752 3082 835 3138 super
850 3082 912 3122 om·
968 3060 1069 3128 dendo,
1098 3064 1272 3134 monstravit,
1297 3067 1377 3122 nobis
1400 3067 1473 3138 lecit,
1490 3077 1519 3123 ut
1537 3070 1571 3124 acl
1586 3071 1770 3127 roborandam

111 3174 178 3216 nem
192 3163 345 3215 creaturam
361 3155 511 3227 insignivit,
527 3163 554 3209 nt
570 3154 629 3226 ipse
643 3155 678 3211 de
693 3155 796 3226 Spiritu
819 3163 914 3212 sancto
968 3148 1151 3207 infirmitatem
1167 3158 1288 3210 nostram
1313 3163 1340 3210 et
1362 3156 1477 3212 salutem
1504 3159 1698 3214 conserendam
1713 3176 1767 3232 po-

111 3259 265 3318 coneeptus
281 3256 306 3301 et
322 3245 372 3301 Dei
389 3245 471 3300 Filius
485 3260 539 3299 non
555 3251 674 3311 renatus,
691 3244 739 3298 sed
754 3252 845 3310 natus,
867 3261 916 3300 nos
970 3246 1030 3295 tens
1050 3242 1212 3297 crederetur
1235 3251 1262 3298 et
1284 3252 1365 3311 esset,
1391 3252 1417 3300 et
1440 3246 1503 3301 illuc
1527 3263 1583 3302 non
1606 3248 1766 3319 desperaret

110 3336 142 3391 in
157 3335 348 3407 iniquitatibus
372 3341 529 3405 conceptos,
544 3340 570 3388 et
585 3348 679 3388 servos
702 3332 804 3389 diaboli
826 3340 914 3403 natos,
969 3343 1034 3383 caro
1049 3330 1204 3401 pervenire,
1222 3347 1275 3403 quo
1290 3348 1399 3388 carnem
1414 3343 1582 3406 cognoverat
1597 3338 1767 3394 ascendisse.

109 3440 162 3498 per
175 3424 290 3497 gratiam
301 3423 371 3478 lilios
382 3422 433 3478 Dei
444 3422 550 3478 renasci
565 3421 678 3483 lacerem
694 3429 720 3476 et
734 3437 780 3477 eos
794 3422 915 3478 secunda
968 3417 1045 3473 Unde
1062 3418 1233 3491 Augustinus
1257 3420 1284 3474 in
1308 3437 1432 3477 sermone
1451 3423 1599 3479 undecimo
1620 3425 1654 3479 de
1677 3425 1769 3483 verbis

109 3514 254 3569 nativitate
281 3512 447 3584 recolligens
471 3519 498 3567 et
523 3511 682 3577 immutans,
699 3510 732 3565 ad
748 3527 824 3565 suam
850 3511 914 3583 glo·
967 3506 1110 3578 Evangelii
1128 3525 1134 3561 z
1153 3530 1164 3555 ι
1182 3508 1322 3578 Serpentis
1345 3518 1435 3565 astuta
1459 3513 1609 3581 pernicies,
1633 3520 1663 3567 ut
1684 3512 1767 3570 lauda

108 3603 179 3657 riam
202 3601 376 3673 proveheret,
394 3599 492 3670 quibus
514 3600 603 3670 prima
625 3615 673 3654 sua
694 3599 833 3655 nativitate
852 3615 913 3655 om-
966 3594 1064 3649 Cltristi
1081 3602 1105 3650 te
1121 3603 1224 3651 avertat
1238 3614 1254 3653 a
1269 3597 1386 3663 Christo.
1402 3599 1498 3655 dolosa
1520 3601 1664 3672 predicat,
1685 3618 1767 3675 quem

109 3690 232 3746 nimodis
248 3689 428 3762 praecelleret.
598 3689 602 3695 '
967 3683 1121 3754 vituperare
1142 3701 1197 3740 non
1218 3686 1299 3742 audet
1316 3705 1322 3740 :
1339 3696 1489 3759 exaggerat
1508 3690 1680 3760 majestatem
1695 3691 1764 3760 ejus,

147 3780 182 3836 Ut
196 3794 262 3852 ergo
277 3776 404 3834 deilicum
427 3793 528 3847 corpus
541 3776 639 3832 Christi
661 3777 740 3846 cujus
764 3784 837 3833 esset
858 3792 911 3848 po·
966 3779 995 3826 ut
1021 3773 1188 3845 singularem
1210 3773 1291 3830 iaciat
1317 3794 1323 3829 ε
1348 3791 1382 3831 ue
1404 3784 1433 3831 tu
1459 3792 1552 3848 speres
1576 3778 1629 3834 tals
1651 3778 1764 3850 aliquid,

109 3867 207 3924 tentiae
230 3866 405 3930 claresceret,
429 3865 498 3921 sicut
520 3865 559 3920 sol
585 3866 683 3920 vitrum
708 3865 766 3919 sine
790 3880 842 3920 sua
865 3866 911 3920 vel
966 3861 1043 3931 quale
1059 3861 1086 3916 in
1101 3862 1147 3918 illo
1158 3871 1317 3936 resurgente
1329 3873 1509 3920 monstratum
1522 3874 1572 3920 cst.
1584 3867 1681 3923 Excita
1695 3883 1765 3940 ergo

107 3956 185 4012 illius
199 3954 311 4011 laesione
327 3957 462 4024 penetrat,
475 3952 514 4009 sic
529 3954 616 4025 ipsum
633 3969 686 4007 non
703 3954 909 4024 phantasticum,
964 3950 1046 4005 fidem
1062 3959 1088 4005 et
1102 3951 1202 4006 dicenti
1215 3970 1222 4006 ι
1235 3953 1356 4008 Christus
1370 3955 1444 4009 solus
1459 3955 1554 4025 potuit,
1567 3971 1617 4010 nos
1632 3972 1685 4013 nou
1700 3972 1764 4027 pos·

109 4044 159 4100 sed
174 4059 271 4099 verum
291 4042 404 4115 virginis
426 4041 519 4096 matris
540 4040 686 4112 virginalia
706 4041 811 4114 integra
835 4043 909 4097 inte·
964 4055 1071 4107 sunaus,
1088 4041 1221 4112 responde
1237 4049 1262 4096 et
1276 4041 1321 4097 dic
1337 4058 1343 4095 :
1361 4043 1425 4098 tuso
1447 4044 1571 4098 Christus
1592 4046 1680 4115 potnit
1698 4044 1763 4117 quia

106 4149 189 4207 grum
218 4131 410 4204 pertransiens,
427 4145 478 4186 ncc
499 4129 534 4184 ab
556 4130 596 4185 eis
616 4130 775 4201 dissipatur,
800 4146 852 4186 nec
877 4146 910 4186 ea
963 4128 1049 4184 Deus.
1074 4130 1258 4201 Respondebit
1272 4131 1317 4184 ille
1335 4145 1341 4185 :
1359 4132 1456 4202 Utique
1479 4133 1542 4204 quia
1568 4135 1651 4189 Usus.
1668 4133 1720 4189 Dic
1735 4141 1764 4189 et

106 4222 235 4294 dissipat.
262 4221 314 4275 llas
336 4219 444 4291 quidem
473 4217 607 4289 stupenda
635 4226 662 4273 et
690 4216 844 4284 ineflabilis,
861 4219 908 4274 scd
962 4218 1512 4291 tu:thuialleus,quiaamnipotens,
1532 4238 1581 4276 our
1602 4222 1757 4293 desperabo

106 4310 188 4367 nobis
211 4326 267 4366 non
291 4308 465 4374 incredibilis,
482 4308 544 4379 quia
559 4305 744 4377 Omnipotentl
772 4322 829 4362 non
851 4307 904 4362 im·
962 4307 1034 4377 quod
1049 4308 1148 4377 poterit
1163 4314 1189 4362 ct
1202 4308 1230 4362 in
1243 4323 1297 4376 me,
1309 4308 1382 4378 quod
1396 4308 1595 4364 demonstravit
1610 4310 1637 4363 in
1653 4326 1682 4365 se
1697 4327 1760 4382 prc-

105 4398 255 4472 possibilis.
276 4397 352 4454 Unde
375 4398 488 4467 August.
515 4396 605 4465 (tract.
628 4410 688 4464 xcr,
714 4411 740 4448 n.
764 4399 790 4458 3,
814 4403 833 4450 t.
856 4396 902 4465 lll,
918 4365 946 4427 D
960 4405 1020 4467 pter
1034 4398 1099 4451 me‘l
1112 4420 1123 4445 ι
1136 4396 1241 4451 Revera
1252 4397 1325 4451 enim
1336 4397 1410 4466 quia,
1427 4397 1502 4451 utait
1516 4397 1607 4465 lsaias,
1622 4414 1694 4469 puer
1708 4416 1761 4456 no-

105 4492 179 4560 part.
205 4503 234 4552 u,
259 4486 311 4543 col.
337 4486 400 4551 tlt)
426 4499 508 4555 super
528 4483 660 4539 loannem
676 4501 683 4538 :
699 4506 711 4532 ι
728 4484 828 4539 Omnia
842 4486 905 4556 qui·
960 4484 1153 4553 luscstnobis,
1166 4489 1193 4540 ct
1205 4486 1282 4554 filius
1296 4486 1382 4540 dotas
1396 4490 1436 4540 ost
1451 4484 1531 4540 nobis
1542 4486 1606 4557 (iso.
1625 4501 1661 4553 ιιι,
1672 4488 1699 4557 6)
1711 4505 1718 4541 :
1731 4494 1759 4544 et

104 4575 170 4631 dem
184 4584 341 4630 caeterorum
358 4573 486 4626 miracula
505 4579 614 4642 superat
629 4571 700 4641 quod
716 4579 755 4626 est
770 4579 847 4627 natus
869 4589 905 4628 cx
960 4589 1021 4630 cum
1043 4574 1099 4641 illo,
1116 4581 1143 4627 ut
1156 4573 1256 4628 dictum
1271 4581 1322 4639 cst,
1338 4574 1438 4639 omnia,
1455 4573 1587 4645 quidquid
1606 4576 1756 4633 innomine

105 4663 223 4738 virgine,
248 4662 397 4732 matrisque
425 4661 607 4731 integritatem
637 4661 712 4716 solus
740 4662 826 4732 potuit
854 4678 905 4718 nec
959 4661 1042 4734 gessit
1056 4669 1167 4731 propter
1180 4677 1231 4716 nos
1247 4661 1318 4727 iecit,
1337 4670 1364 4715 ut
1380 4677 1439 4716 cum
1456 4663 1514 4732 ipso
1529 4662 1635 4717 habens
1654 4664 1755 4730 omnia,

104 4760 253 4824 conceptus
269 4751 374 4807 violare
390 4765 441 4806 nec
455 4760 548 4805 natus.
570 4772 581 4798 ι
959 4751 1042 4806 nobis
1057 4751 1135 4805 datus
1149 4758 1230 4813 esset,
1243 4750 1270 4803 in
1284 4751 1342 4821 ipsc
1358 4757 1412 4804 tam
1427 4750 1574 4805 abundanti
1589 4751 1673 4816 dono,
1688 4753 1758 4807 nihil

142 4842 180 4898 Ut
194 4850 283 4897 autem
298 4840 337 4896 sic
351 4849 506 4896 nasceretur
520 4841 602 4909 Deus,
618 4838 692 4894 illum
708 4840 809 4906 decuit,
823 4839 902 4897 nobis
958 4839 993 4894 ad
1009 4838 1123 4893 salutem
1147 4839 1284 4909 pertinens
1309 4838 1389 4893 nobis
1412 4840 1517 4894 deesset
1533 4855 1540 4892 ι
1559 4841 1608 4893 sed
1624 4840 1705 4895 etiam
1728 4842 1757 4897 in

105 4931 217 5003 proluit,
239 4938 268 4985 ut
291 4929 411 4984 mund-ts
431 4934 510 4984 natus
534 4944 584 4983 nos
608 4930 762 4997 mundaret,
779 4939 903 4998 potenter
957 4929 1008 4983 hac
1023 4929 1087 4992 rita,
1098 4928 1171 4982 utait
1182 4927 1326 4997 Apostolus
1338 4926 1358 4999 (l
1368 4928 1428 4983 Cor.
1440 4944 1486 4994 xv,
1499 4931 1555 4996 28),
1572 4929 1647 4982 Deus
1662 4930 1753 4984 omnia

103 5028 184 5075 natus
199 5016 321 5074 inllrmos
335 5017 486 5073 roboraret.
503 5017 585 5072 Suam
602 5019 673 5072 enim
691 5019 862 5086 munditiam,
875 5027 903 5074 ut
956 5017 984 5071 in
994 5017 1209 5072 omnibusesset.
1221 5016 1345 5089 Utigitur
1356 5018 1407 5071 hoc
1419 5024 1543 5087 patenter
1556 5017 1635 5072 nobis
1650 5025 1755 5072 cousta-

101 5109 290 5165 conlormitate
318 5107 365 5162 illa
393 5107 444 5162 sibi
471 5106 537 5161 uniti
566 5107 751 5178 placeremus,
781 5117 901 5163 nostram
956 5115 1006 5171 ret,
1018 5122 1052 5162 ne
1065 5105 1599 5177 ullatenusdesuagratiadillideiemus,
1612 5105 1753 5175 doctrinis,

102 5214 164 5255 esse
187 5196 346 5255 voluitzne
371 5211 437 5252 vero
464 5204 558 5251 contra
586 5197 692 5251 hostem
721 5196 902 5253 saevissimum
957 5196 1104 5267 exemplis,
1129 5196 1315 5262 sacramentis,
1339 5195 1577 5265 promissionibus,
1600 5193 1752 5263 beneficiis,

99 5294 199 5346 nostra
235 5282 389 5340 infirmitate
417 5283 615 5356 deficeremus,
644 5301 725 5341 suam
752 5286 901 5358 potentiam
958 5284 1133 5342 dilectionem
1144 5301 1221 5341 suam
1236 5284 1316 5341 nobis
1330 5283 1523 5340 commendans
1534 5294 1560 5341 ct
1569 5293 1693 5343 nostram
1706 5301 1754 5341 cx·

136 5490 194 5566 (22)
208 5489 287 5548 Alias
299 5490 406 5564 plorioe.

205 5588 328 5648 Pauca.
347 5586 494 5661 cum}
