3704 6000
47 174 50 181 ’
132 219 191 275 ιιι,
671 216 861 274 eumaeum
874 217 1021 277 uestris
1036 221 1066 278 s.
1080 221 1297 282 uuaonoamt
1728 231 1782 287 ιιι

135 342 270 400 desideria
286 340 505 415 suggerentibus,
516 347 545 394 ut
559 339 589 394 in
618 355 712 396 eorum
736 340 893 413 impletione
907 349 934 399 ιι
945 345 975 408 Α
989 343 1065 414 loris,
1095 350 1171 403 tante
1212 349 1300 420 pejor,
1328 356 1431 423 quanto
1448 349 1642 406 insensibilior.
1666 352 1785 409 Rursum

136 428 309 502 implentium
324 428 488 500 perditione,
501 429 573 482 sicut
587 427 615 481 in
636 427 748 483 materia
772 429 814 483 sui
841 429 933 500 operis
984 433 1175 491 immortalitas
1193 436 1338 508 absumpta
1351 438 1424 494 omni
1444 439 1620 511 corruptione
1633 440 1784 499 nondolet.

133 518 296 591 glorientur,
310 518 482 573 Manifestum
494 515 566 570 enim
581 524 630 583 est,
647 517 933 587 hujusmodibomines
984 522 1085 579 Nullus
1108 540 1176 596 ergo
1195 525 1273 582 dolor
1291 526 1320 580 in
1337 541 1452 599 corpora
1470 527 1625 598 immortali,
1641 528 1733 585 nullus
1757 530 1787 587 iu

133 608 194 679 ipso
220 607 269 662 Dei
298 605 401 677 iudicio
432 606 541 662 Satanas
573 605 679 676 penitus
710 607 879 662 contraditos
904 606 932 662 iu
985 612 1110 682 stupido;
1127 621 1154 670 et
1167 623 1257 670 tamen
1272 614 1387 672 vicinior
1400 624 1440 672 est
1462 616 1659 673 immortalitati
1682 619 1786 676 sanitas

133 695 275 752 interitum
291 694 380 749 earnis
394 709 427 749 ac
446 694 574 765 spiritus;
591 692 644 749 uisi
667 692 750 750 celeri
778 694 932 750 misericor·
984 699 1102 756 dolentis
1116 719 1199 774 quam
1212 710 1306 774 stupor
1334 720 1389 760 uon
1404 705 1556 762 sentientis.
1573 705 1619 762 Sic
1643 722 1700 763 nou
1726 707 1786 765 siue

134 784 180 840 dia
194 783 243 838 Dei
259 783 471 854 preveniamur.
485 781 562 839 Unde
576 789 602 837 et
615 782 718 854 antiqui
728 798 847 839 canones
858 799 932 839 corn-
984 786 1081 846 affeetu
1095 792 1218 847 existens
1232 792 1323 848 anima
1337 794 1478 865 sapientis,
1495 794 1559 850 dicit
1573 794 1608 850 de
1620 811 1702 852 sensu
1716 796 1787 852 sani·

131 872 267 946 putandos
279 880 392 927 censent
403 870 558 941 hujusmodi
574 870 644 927 inter
665 887 877 945 energumenos,
905 880 933 928 et
986 877 1067 933 tatis:
1085 900 1097 930 ι
1112 877 1180 948 Quis
1190 879 1351 950 infirmatur,
1366 890 1394 938 et
1408 898 1460 955 ego
1477 898 1531 938 uon
1549 883 1697 940 infirmor?
1716 884 1785 954 Quis

133 962 173 1019 sic
186 977 235 1034 pro
262 961 301 1016 eis
322 960 391 1015 siout
413 976 465 1032 pro
482 960 658 1016 daemouiacis
678 961 821 1017 orandum.
847 962 931 1017 Totus
984 966 1194 1038 scandalizatur,
1208 977 1360 1042 etegonon
1374 972 1462 1027 uror?
1477 972 1517 1039 (ll
1529 971 1594 1028 Cor.
1608 975 1640 1045 ιι)
1652 980 1704 1030 ete.
1719 995 1731 1023 ι
1744 973 1785 1030 Ex

132 1050 185 1107 isto
200 1049 277 1105 locus
305 1049 432 1105 vitiorum
461 1048 588 1104 sordibus
615 1056 733 1118 scatens,
757 1057 784 1106 et
809 1049 930 1105 immun·
984 1055 1058 1112 toute
1073 1071 1139 1129 ergo
1153 1058 1333 1128 superbiam
1348 1059 1535 1132 quodiceutes
1549 1075 1579 1117 ιι
1595 1076 1657 1117 essa
1670 1061 1782 1135 sapien·

131 1140 203 1196 ditiae
216 1164 380 1223 emungeret
400 1139 561 1209 preferens,
576 1137 760 1211 negligendus
773 1138 865 1210 potius
887 1139 930 1195 vi·
984 1152 1026 1200 tes
1041 1145 1116 1201 stulti
1130 1144 1194 1201 tanti
1209 1147 1381 1212 contemnis
1396 1148 1528 1205 malorum
1543 1151 1640 1205 horum
1655 1166 1718 1223 ques
1741 1150 1782 1207 di·

130 1237 209 1293 detur
233 1254 315 1310 quam
350 1236 494 1310 tegendus.
529 1235 611 1304 Quod
644 1244 736 1291 tamen
769 1237 930 1308 Apostolum
983 1241 1125 1289 numerata
1139 1243 1210 1303 sunt,
1227 1236 1340 1306 pestifer
1352 1235 1450 1292 fluuius
1461 1239 1605 1303 emanavit,
1618 1239 1696 1308 cujus
1723 1239 1784 1296 ier-

130 1326 251 1382 soribere
278 1325 488 1396 prudentissime
515 1341 566 1380 nec
591 1324 688 1396 puduit
711 1341 761 1380 nee
775 1325 872 1398 piguit,
901 1334 931 1381 ιιι
983 1321 1133 1378 midolosus
1148 1323 1311 1379 avertendus
1321 1332 1363 1379 est
1377 1341 1505 1381 excursus
1526 1334 1554 1382 et
1567 1326 1711 1383 cavendus.
1728 1328 1784 1384 Pet·

129 1415 264 1486 superbos
279 1414 443 1479 humiliaret,
460 1421 485 1469 et
499 1420 684 1469 commoneret
694 1428 743 1469 eos
759 1429 827 1486 quos
842 1414 931 1470 exitus
984 1410 1057 1466 huuc
1070 1410 1143 1467 euim
1158 1427 1256 1468 omues
1277 1413 1388 1484 reprobi
1401 1414 1524 1470 suaviter
1537 1415 1566 1470 in
1578 1413 1716 1471 infernum
1733 1431 1782 1473 ua·

129 1503 230 1559 habeat
249 1510 419 1575 contemptus
433 1502 493 1558 Dei.
515 1501 749 1574 aequamentum
764 1501 845 1558 sunem
867 1503 929 1559 cul·
983 1498 1115 1572 rigantes,
1132 1506 1190 1555 tres
1203 1500 1377 1573 voluptatum
1391 1519 1503 1558 suarum
1519 1510 1612 1574 portus
1639 1511 1783 1573 attentent,

133 1601 207 1648 tores
234 1608 299 1648 suos
331 1590 457 1664 perducit
485 1590 615 1655 avaritia;
643 1607 704 1662 quse
732 1591 814 1649 servit
841 1593 930 1665 potius
983 1588 1051 1643 etin
1066 1588 1182 1660 siugulis
1196 1589 1319 1661 singulas
1347 1591 1489 1662 patiuntur
1517 1591 1692 1649 traditiones.
1711 1594 1784 1651 tter-

127 1689 255 1739 ereaturae
270 1697 351 1752 quam
361 1679 494 1748 Creatori,
510 1680 573 1734 dum
589 1679 650 1751 plus
674 1679 763 1753 diligit
786 1697 925 1737 nummum
939 1705 966 1766 B
983 1676 1047 1732 bum
1062 1686 1152 1733 autem
1166 1677 1210 1734 hio
1234 1679 1396 1746 traditionis,
1420 1688 1552 1751 quantum
1565 1680 1601 1736 ad
1621 1682 1709 1737 Deum
1737 1679 1785 1753 qut

126 1785 208 1843 quam
219 1771 318 1826 Deum.
335 1770 370 1824 Hi
393 1785 460 1842 ergo
485 1768 558 1840 quali
575 1768 680 1838 iudicio
702 1769 745 1825 usi
760 1777 823 1825 sunt
848 1769 924 1827 circa
982 1766 1072 1832 tradit.
1088 1768 1276 1826 sententiaest
1298 1769 1372 1839 juste
1396 1769 1560 1839 iudicantis;
1589 1778 1720 1842 quantum
1747 1769 1784 1825 ad

125 1857 276 1913 divinitatis
288 1857 500 1926 venerationem,
517 1856 604 1914 ioedas
619 1857 644 1913 ei
658 1857 840 1928 praeferentes
861 1858 923 1914 ani·

124 1947 235 2002 molium
249 1944 393 2018 imagines,
410 1947 457 2002 tali
476 1946 554 2002 etiam
580 1945 638 2002 viee
666 1961 735 2018 erga
761 1948 923 2018 semetipsos

123 2039 243 2103 utuntur,
258 2035 380 2094 virentes
401 2034 625 2091 irrationabilium
651 2051 732 2091 mora
756 2035 922 2100 bestiarum;

124 2132 151 2181 et
164 2124 272 2195 abjecta
287 2125 336 2180 Dei
347 2124 482 2197 imagine,
495 2139 591 2179 eorum
611 2123 748 2196 imagines
768 2123 921 2180 adorantes.

121 2213 155 2268 Et
167 2213 226 2270 haec
241 2221 282 2268 ιιι
296 2227 412 2277 merces,
434 2227 514 2284 quam
529 2218 558 2265 ut
581 2212 708 2283 oportuit,
726 2211 799 2282 justu
820 2211 924 2280 judicio

121 2301 172 2357 Dei
187 2301 215 2355 in
230 2301 384 2373 semetipsis
399 2307 570 2370 receperunt.
586 2299 703 2370 Quare‘l

156 2391 245 2446 Vsas.
262 2390 307 2445 ιιι.
322 2419 357 2430 -
373 2388 466 2458 «Quia
494 2395 728 2445 commutavemnt
750 2388 920 2445 veritatem.

122 2485 281 2535 creaturae«
297 2476 349 2534 Dei
363 2478 390 2532 in
405 2477 588 2544 mendacium,
607 2501 618 2527 n
645 2479 732 2534 Deum
754 2478 922 2549 appellantes

121 2583 191 2639 opus
207 2582 336 2623 manuum
351 2582 472 2624 suarum.
490 2589 501 2615 ι
520 2567 552 2621 Ει
564 2566 632 2623 sicut
646 2566 826 2637 probabiliter
841 2583 922 2623 mon·

121 2664 275 2714 stravemut
285 2657 371 2711 Deum
388 2672 442 2711 urin
456 2655 560 2712 habere
573 2656 601 2710 in
615 2655 718 2723 notitia,
734 2654 844 2710 tradidit
860 2655 922 2712 illos

120 2746 195 2802 Deus
205 2744 233 2801 iu
247 2745 392 2817 reprobum
406 2759 526 2810 sensum,
545 2743 595 2798 n'ut
609 2744 655 2817 qui
679 2759 789 2800 sensum
808 2743 921 2815 adjece-

979 1855 1109 1927 numqui
1138 1856 1260 1916 traditur.
1289 1857 1413 1929 deceptio
1439 1866 1481 1913 est
1507 1858 1614 1930 peceati
1650 1858 1781 1915 talentis.

978 1943 1069 2000 Primo
1086 1959 1154 2016 ergo
1168 1944 1324 2016 superbiam
1339 1945 1535 2017 amplectentes
1549 1954 1575 2003 et
1585 1946 1783 2017 idololatriam,

979 2032 1120 2086 traduntur
1133 2032 1161 2087 iu
1177 2032 1314 2088 desideria
1329 2033 1422 2089 cordis
1441 2034 1469 2089 in
1496 2034 1706 2104 immunditiam,
1734 2052 1783 2093 se·

978 2120 1068 2175 cundo
1087 2121 1163 2192 quasi
1183 2121 1362 2192 sapientiores
1385 2130 1412 2177 et
1435 2122 1607 2194 proficientes
1627 2123 1658 2178 in
1684 2125 1776 2197 peius,

978 2215 1147 2263 nectentem
1165 2208 1256 2276 idolis,
1275 2218 1403 2282 quantum
1427 2227 1518 2267 rerum
1538 2220 1642 2269 uaturae
1670 2212 1780 2269 sacriti-

977 2298 1094 2353 eandum
1113 2313 1172 2353 esse
1188 2297 1352 2370 judicantes,
1378 2299 1469 2354 traditi
1496 2300 1669 2371 passionibus
1691 2300 1776 2373 igno·

978 2385 1068 2442 minim
1093 2386 1270 2458 grauioribus
1302 2387 1508 2445 accumulantur
1538 2388 1667 2461 flagitiis;
1696 2389 1777 2447 tertio

976 2473 1083 2546 abjecta
1093 2475 1150 2545 jam
1158 2475 1207 2531 Dei
1222 2476 1318 2533 notitia
1331 2477 1423 2533 traditi
1435 2478 1463 2532 in
1479 2479 1629 2550 reprobum
1653 2494 1777 2549 sensum,

977 2562 1004 2618 iu
1025 2572 1136 2635 puteum
1166 2564 1255 2621 omnis
1275 2565 1417 2638 nequities,
1445 2573 1473 2623 ιι
1496 2566 1634 2640 desperati
1653 2567 1782 2624 interitus

977 2651 1179 2724 demerguntur,
1200 2661 1226 2709 et
1241 2654 1344 2724 judicio
1374 2654 1467 2711 mortis
1494 2664 1605 2713 aeternae
1633 2671 1666 2712 os
1693 2672 1778 2713 suum

976 2749 1074 2812 puteus
1088 2751 1168 2816 urget
1181 2759 1262 2815 super
1275 2759 1338 2810 eos;
1358 2743 1502 2816 judicante
1520 2744 1652 2816 Apostolo
1681 2753 1709 2802 ιι
1737 2745 1781 2803 (ιί-

119 2841 180 2890 naut
201 2832 263 2900 Dei,
288 2833 316 2889 in
342 2847 395 2889 suo
410 2848 491 2888 sensu
509 2832 692 2904 probarentur
720 2832 839 2903 reprobi.
865 2833 921 2903 Ipsi
975 2837 1078 2886 cente:

124 2922 197 2979 euim
211 2921 344 2978 credendi
358 2927 421 2976 sunt
435 2921 523 2976 Deum
538 2920 640 2976 habere
654 2920 682 2975 in
696 2920 804 2990 notitia,
820 2920 921 2993 ubique
1011 2919 1098 2975 vens.
1114 2922 1158 2977 32.
1170 2949 1203 2962 -
1222 2941 1234 2971 ι
1251 2920 1322 2990 Quia
1339 2920 1385 2991 qui
1404 2920 1466 2977 talia
1485 2930 1574 2994 agunt
1606 2921 1684 2996 digni
1712 2931 1780 2981 sunt

122 3011 241 3067 scientes
256 3011 315 3081 ejus
329 3024 392 3066 esse
421 3009 608 3081 praesentiam,
624 3010 671 3082 qui
697 3024 790 3065 coram
817 3024 850 3065 ιο
877 3009 920 3065 vel
975 3016 1075 3064 morte.
1093 3011 1218 3081 otgunt,
1234 3009 1332 3081 inquit,
1344 3025 1400 3066 nou
1412 3017 1535 3083 egerunt.
1552 3012 1621 3067 Nam
1637 3011 1685 3082 qui
1707 3028 1777 3085 age-

121 3099 228 3170 noluut,
261 3099 306 3156 vel
334 3114 388 3154 uon
417 3097 518 3155 audent
535 3113 662 3169 peceare.
684 3097 761 3155 Unde
786 3099 922 3169 Propheta
936 3061 961 3125 G
975 3097 1158 3166 metalium
1185 3114 1240 3154 non
1267 3107 1362 3172 agunt,
1393 3099 1442 3154 sed
1470 3098 1654 3171 paenitentiam
1675 3108 1780 3172 agunt,

122 3188 259 3259 poeniteus
284 3187 408 3259 deplorat
435 3185 530 3244 dicem
555 3205 562 3244 ι
591 3186 719 3243 «Coram
747 3194 774 3243 ιι
808 3186 923 3259 peccati
976 3186 1033 3241 vita
1045 3185 1122 3258 digni
1137 3187 1252 3242 suut.Et
1266 3186 1413 3243 notandum
1428 3187 1514 3259 primo
1529 3195 1557 3244 et
1578 3188 1701 3246 ιιοιιιιιιο
1715 3189 1780 3247 Ιοοο

122 3278 210 3349 (Paul.
222 3278 264 3349 a).
279 3300 290 3326 ι
976 3273 1133 3345 superbiam
1148 3274 1230 3347 plecti
1245 3274 1342 3330 talibus
1354 3275 1451 3348 poeuis,
1469 3283 1500 3331 ut
1524 3275 1614 3349 siquid
1638 3285 1780 3349 saperent,

157 3368 246 3424 viane.
262 3370 307 3424 29,
323 3396 354 3409 -
375 3390 385 3415 n
403 3366 533 3438 nepletoe
547 3364 622 3421 omni
640 3363 791 3437 iniquitate,
811 3388 822 3414 n
839 3365 868 3421 id
883 3375 924 3423 est
973 3361 1032 3432 jam
1046 3363 1085 3420 eis
1100 3364 1213 3420 ulterius
1230 3364 1444 3436 superbiendum
1459 3380 1515 3420 uon
1529 3372 1614 3422 esset.
1634 3367 1666 3421 ln
1694 3367 1779 3424 tertio

122 3454 248 3511 omnibus
262 3455 304 3511 his
318 3455 468 3529 iniquitatis
481 3455 604 3527 partibus
621 3476 632 3504 ι
650 3453 790 3510 Malitia·
820 3454 923 3511 ltalitis
977 3453 1112 3523 veroium
1126 3452 1251 3524 plenarie
1283 3460 1367 3509 totam
1396 3453 1510 3509 iuduunt
1536 3454 1732 3524 insipientiam,
1749 3463 1780 3513 ut

121 3544 185 3600 fons
199 3551 241 3601 est
249 3551 275 3601 et
282 3545 396 3612 sentim,
409 3552 436 3600 ιι
446 3544 525 3617 quasi
539 3543 637 3598 matrix
652 3542 780 3614 quaedam
789 3544 923 3600 malorum
976 3543 1053 3597 tanto
1067 3541 1128 3614 plus
1140 3541 1283 3613 superbire
1293 3542 1388 3609 libeat,
1405 3551 1507 3613 quanto
1523 3543 1612 3599 minor
1630 3542 1659 3599 dt
1679 3560 1778 3617 super-

32 3618 35 3623 ¹
121 3632 251 3690 omnium.
267 3633 402 3704 Scriptum
417 3640 459 3689 ιιι
475 3652 481 3689 :
500 3656 512 3681 e
529 3631 669 3703 Sapientia
683 3631 740 3686 odit
754 3631 920 3687 malitiam·
976 3628 1069 3685 biendi
1083 3631 1204 3687 materia.
1221 3631 1334 3688 Sorores
1349 3630 1450 3704 quippe
1464 3640 1530 3687 sunt
1542 3631 1689 3689 individuae
1710 3634 1780 3691 stul-

121 3719 260 3791 Sapieutia
274 3721 375 3793 quippe
402 3719 534 3777 coutmria
558 3727 600 3775 ast
628 3718 750 3787 malitiae,
765 3720 828 3790 quia
854 3720 924 3777 siout
978 3717 1039 3773 titia
1058 3726 1085 3774 et
1117 3719 1256 3790 superbia,
1279 3719 1331 3775 uisi
1359 3719 1431 3791 quod
1455 3727 1528 3776 tanto
1552 3721 1720 3778 tolerabilior
1737 3731 1781 3780 ιιι

120 3809 222 3864 ιιοοιιιο
242 3808 313 3876 huie,
337 3808 376 3866 sio
395 3807 497 3864 malum
524 3807 564 3862 illi
592 3805 662 3879 sapit
680 3807 709 3861 iu
740 3807 918 3880 cogitatione.
977 3806 1095 3871 stultitia,
1110 3811 1214 3880 quanto
1227 3823 1423 3880 nonnunquam
1437 3808 1497 3865 sine
1517 3810 1642 3880 superbia
1666 3810 1779 3869 iurem·

123 3896 290 3968 «Nequitia.
308 3920 319 3946 υ
336 3897 462 3969 Nequam
476 3904 518 3952 est
532 3895 578 3968 qui
592 3902 695 3951 tentum
712 3895 803 3952 iacere
819 3898 921 3968 nequit,
978 3903 1041 3965 tur;
1067 3896 1192 3968 superbia
1223 3912 1289 3953 vero
1321 3912 1460 3968 uunquam
1488 3902 1532 3953 est
1556 3898 1616 3955 siue
1647 3899 1773 3957 stultitia.

122 3993 254 4057 quantum
269 3984 372 4042 malitia
394 3985 486 4042 cordis
506 3985 565 4054 eius
588 3984 721 4057 suggerit.
745 4007 756 4033 a
778 3985 919 4052 Invidiae
978 3983 1077 4040 «Cum
1091 3985 1223 4053 justitiam
1238 3986 1287 4041 Dei
1311 3985 1513 4058 cognovissent,
1544 4002 1601 4042 non
1628 3986 1778 4047 intellexe-

122 4073 216 4131 odium
230 4082 270 4130 est
283 4073 421 4131 ielioitatis
436 4073 541 4144 aliena,
553 4089 616 4130 eum
631 4089 730 4129 nocere
745 4088 799 4128 nou
826 4073 920 4145 possit.
976 4080 1047 4139 runt,
1065 4073 1130 4145 quia
1145 4075 1192 4148 qui
1207 4073 1272 4130 talia
1286 4083 1381 4147 agunt,
1396 4074 1473 4148 digni
1487 4085 1548 4130 suut
1563 4084 1659 4133 morte.
1678 4099 1690 4126 ι
1708 4077 1779 4135 Ocu-

123 4162 314 4220 Praetereunda
333 4169 404 4232 sunt,
421 4179 484 4234 quaa
507 4170 567 4219 sunt
592 4162 747 4227 manifesta,
772 4160 825 4217 uisi
850 4163 922 4235 quod
976 4161 1017 4217 lus
1033 4162 1132 4234 quippe
1159 4163 1212 4217 sibi
1234 4171 1322 4228 erant,
1349 4162 1411 4219 ideo
1439 4164 1660 4237 cognmcebanu
1683 4166 1778 4223 lumen

123 4252 404 4324 hooprtetereundum
424 4266 478 4307 non
504 4258 553 4317 est,
576 4251 648 4324 quod
675 4265 838 4306 susurrones
853 4265 921 4306 oon·
976 4266 1041 4306 vero
1056 4266 1115 4307 esse
1125 4251 1175 4307 sibi
1189 4252 1241 4322 ipsi
1256 4267 1310 4308 nou
1325 4258 1472 4323 poteraut:
1499 4252 1561 4308 ideo
1588 4268 1644 4309 uon
1671 4253 1776 4311 intelli-

120 4339 211 4410 junrit
237 4347 264 4397 et
297 4340 474 4406 detractores,
500 4355 570 4412 quos
599 4338 702 4412 pariter
737 4338 923 4410 pronuntiavit
975 4339 1086 4411 gebant.
1109 4340 1247 4396 debebant
1268 4340 1399 4412 quippea
1422 4341 1481 4396 Deo
1502 4341 1633 4398 rationem
1662 4351 1776 4411 natura,

122 4429 252 4487 Decesse
268 4429 393 4486 odibiles.
409 4429 451 4485 lid
467 4429 591 4484 ultimum
607 4442 673 4484 vero
701 4427 861 4498 insipientes
875 4443 923 4498 po-
936 4418 963 4479 l]
978 4442 1060 4499 quam
1074 4428 1125 4482 sibi
1141 4435 1268 4499 proterva
1279 4436 1451 4501 arrogantes,
1467 4444 1521 4485 non
1542 4430 1672 4485 curabant
1697 4448 1776 4503 quae-

120 4518 174 4575 suit
185 4526 213 4575 et
224 4518 428 4591 incompositos,
445 4517 509 4591 quia
522 4517 583 4573 haee
594 4516 684 4573 omnia
703 4531 763 4587 qum
777 4518 921 4587 coeperint,
976 4532 1038 4572 rere
1052 4516 1180 4572 auxilium
1195 4517 1289 4590 graue
1305 4536 1311 4572 :
1327 4516 1390 4573 ideo
1400 4517 1553 4590 intelligere
1563 4523 1778 4591 nonpotueruut

120 4608 156 4663 ad
189 4607 333 4680 quamdam
365 4607 454 4664 cordis
487 4606 638 4679 perducent
670 4604 863 4676 insipientiam,
896 4612 922 4661 et
975 4605 1048 4674 quod
1073 4605 1218 4676 plurimum
1248 4606 1288 4661 eis
1320 4606 1460 4677 expediret
1490 4605 1655 4680 intelligere.
1685 4609 1778 4664 «Nou

120 4694 222 4752 fatuam
247 4696 500 4767 incompositionem
527 4710 642 4763 morum,
662 4692 692 4748 in
719 4701 824 4749 mutum
842 4699 871 4748 ut
894 4693 922 4749 in
975 4692 1063 4749 solum
1078 4693 1123 4766 qui
1138 4694 1238 4749 iaciunt
1265 4709 1307 4760 eo,
1336 4694 1385 4749 sed
1413 4694 1495 4750 etiam
1523 4694 1570 4767 qui
1602 4695 1778 4753 consentiunt

120 4783 268 4856 quemdam
289 4793 393 4841 nattum
412 4793 550 4856 stuporem
572 4782 731 4849 incidentes,
760 4782 862 4838 unllam
885 4782 921 4838 ad
974 4782 1146 4839 iacientibus.
1165 4782 1347 4839 »Consentire
1361 4790 1402 4840 est
1428 4799 1489 4839 oum
1518 4790 1659 4856 peccante,
1690 4801 1777 4858 quan·

117 4872 272 4943 pmximum
285 4872 370 4929 ullum
389 4873 507 4931 babeant
519 4870 802 4942 sumnonem-retra
821 4888 920 4943 quam·
973 4880 1030 4928 tum
1044 4870 1078 4927 ed
1098 4871 1204 4945 peceati
1225 4869 1363 4941 affectum,
1389 4870 1461 4928 idem
1488 4872 1599 4931 rendre.
1624 4872 1674 4930 Vel
1701 4889 1772 4931 cou-

116 4959 187 5017 libet
219 4961 305 5018 habiti
337 4960 484 5033 cujuslibet
511 4960 625 5019 imdaris
649 4958 742 5027 fidem,
766 4959 870 5015 nullam
891 4960 920 5016 in
974 4959 1077 5017 sentire
1092 4969 1133 5017 est
1153 4961 1247 5017 terere
1279 4976 1400 5017 ermrcm
1427 4967 1456 5018 ιι
1482 4969 1585 5032 ιιιιιιι,
1600 4976 1663 5019 cum
1689 4962 1777 5036 possit

117 5058 279 5117 necessitate
294 5059 409 5132 alicujus
436 5057 665 5117 misericordiam.
681 5056 762 5126 Quod
785 5057 920 5128 quamsit
972 5073 1100 5133 arguere.

116 5156 171 5233 legi
185 5166 291 5216 naturae
305 5158 483 5229 contrarium,
507 5158 593 5231 ipsius
620 5157 701 5214 etiam
728 5163 830 5213 naturai
857 5157 918 5213 evi·

115 5253 184 5313 dans
198 5255 389 5314 documentum
404 5263 453 5316 ost.
471 5257 537 5314 Tres
550 5255 623 5313 euim
641 5255 671 5311 in
698 5269 815 5328 corpore
838 5254 918 5311 iuve-
1007 5254 1187 5312 varab·
1205 5254 1344 5324 «Propter
1367 5251 1441 5324 quod
1468 5250 1661 5310 inexcusabilis
1684 5269 1770 5323 es,o

112 5353 222 5411 uiuutur
243 5355 410 5427 affectiones,
440 5357 548 5425 sanitas,
580 5365 685 5430 stupor,
715 5355 915 5412 immortalitas.
970 5354 1054 5411 homo
1068 5351 1344 5425 omnisquijudicas.
1360 5373 1371 5399 ο
1388 5351 1489 5409 Ductor
1504 5351 1636 5425 egregius
1653 5359 1681 5408 ιι
1696 5352 1773 5410 muna

111 5450 223 5511 sanitas
234 5454 431 5529 egritudinem
445 5472 501 5513 non
514 5456 618 5524 babct;
641 5464 806 5513 oumtamen
826 5455 915 5511 mola·
970 5453 1000 5509 in
1015 5451 1167 5527 Evangelio
1186 5450 1350 5523 prudentiae,
1372 5450 1419 5523 qui
1447 5449 1574 5506 omnibus
1594 5449 1686 5507 omnis
1712 5448 1774 5509 flori

110 5556 207 5626 entur,
220 5551 303 5613 dolet.
327 5554 428 5629 stupor
441 5570 499 5613 uou
523 5554 607 5629 dolet,
622 5554 714 5614 amisit
736 5568 847 5613 sensnm
866 5552 915 5610 do·
969 5557 1092 5621 noverat,
1107 5548 1229 5624 genium
1241 5547 1591 5623 mendantensium
1609 5563 1730 5609 suumaa
1747 5565 1776 5607 m

1281 5155 1396 5212 estut
1414 5155 1452 5214 11.
