3728 6000
68 258 122 318 dil

606 253 794 316 axrosmo
814 248 955 321 ALTERA
974 252 1012 315 ΙΝ
1030 254 1179 317 CANTlC.

1662 264 1715 326 522
1727 298 1735 315 ·

66 399 151 457 supra
163 390 260 456 peetus
272 383 338 453 eius,
354 389 381 438 et
394 381 546 438 admittitur
561 383 589 437 in
605 382 713 439 occulta
725 381 794 450 Ftttt,
818 381 864 436 ubi
878 381 908 445 A
921 380 955 438 de
969 399 1021 455 qua
1036 382 1101 440 item
1130 382 1229 458 legitur
1244 400 1251 440 :
1280 408 1291 434 ι
1309 384 1514 444 Penransthmt
1538 394 1672 460 tempora,
1687 397 1715 447 et

67 482 132 531 sunt
146 472 299 530 absconditi
313 487 409 528 omnes
424 471 541 529 thesauri
553 470 691 544 sapientire
701 486 734 528 ac
747 469 867 527 scientim

67 562 135 620 Dei.

104 651 159 708 Ubi
170 650 249 706 beata
264 651 378 722 Sponsae
392 648 557 706 conscientie
576 649 695 705 suaviter
713 649 865 722 quiescens,

66 739 169 811 Sponsi
186 739 253 796 itera
269 736 396 802 fulcitur;
414 738 525 794 dextera
541 754 604 794 uero
620 739 680 809 ejus
709 746 790 796 totam
805 753 866 793 eam

66 828 246 900 amplexatur,
269 843 333 884 cum
349 828 490 889 ordinatur
508 826 534 881 io
550 842 583 883 ea
598 826 684 898 pictas
704 842 765 883 cum
790 825 866 880 suifr-

66 916 177 982 oientis,
193 921 222 972 ot
249 922 333 971 totam
356 932 416 971 eam
441 915 564 972 obtineat
583 915 761 987 spiritualium
780 914 868 988 gratia

67 1005 301 1071 consolationum,
315 1020 427 1075 neopro
455 1003 546 1075 aliqua
565 1003 747 1077 corporalium
773 1019 867 1060 rernm

66 1092 229 1166 indigentia,
245 1101 326 1164 capnt
341 1093 410 1164 ejus,
427 1093 500 1164 quod
523 1101 564 1148 est
585 1091 736 1164 principale
759 1092 866 1160 mentis,

66 1182 166 1255 Spoosi
184 1182 273 1254 pietas
292 1189 370 1237 terrm
388 1181 525 1238 inhaerere
551 1181 677 1253 patiatur.
704 1181 774 1236 Nam
795 1188 821 1236 et
844 1179 868 1235 si

66 1254 208 1344 aliquibus
222 1270 368 1343 aliquando
382 1286 452 1341 opus
467 1270 568 1332 habet:
584 1271 633 1326 sed
657 1270 731 1326 nullo
745 1269 868 1341 indigere

66 1361 248 1433 permittitur.
262 1359 383 1416 Necesse
398 1360 498 1430 quippe
514 1366 565 1425 est,
582 1359 681 1414 habitis
696 1374 758 1414 eum
784 1359 868 1413 rebus

67 1449 250 1506 succumbere
264 1467 271 1515 ;
287 1464 368 1518 quern
378 1448 591 1505 constiteritnon
602 1446 867 1520 habitisiodiguisse.

66 1537 147 1595 Unde
172 1545 200 1596 at
226 1537 397 1608 Apostolus:
425 1559 436 1584 υ
467 1535 590 1604 Nullius,
618 1537 719 1607 inquit,
746 1542 867 1608 egentes,

67 1627 169 1682 multos
184 1633 275 1682 antem
291 1625 484 1696 locupletantes
500 1626 540 1696 (If
563 1625 623 1683 Cor.
653 1627 705 1695 vr).
724 1648 736 1674 s
764 1625 871 1699 indiget

919 470 1058 542 multiplex
1085 472 1137 529 erit
1158 474 1273 530 scientia
1300 476 1384 545 (Dora.
1414 479 1510 546 xn).·
1541 478 1619 534 ilatio
1644 495 1714 554 ergo

919 559 1038 628 attrahit,
1049 567 1077 615 et
1091 576 1169 617 amor
1182 561 1366 634 amplectitur,
1382 563 1445 619 dum
1470 566 1541 635 quod
1565 567 1714 622 rationabi-

919 646 981 702 liter
995 647 1114 720 eligitur,
1129 658 1241 706 amatur.
1254 651 1340 721 Caput
1354 668 1418 708 vero
1442 653 1565 724 Sponsae,
1597 656 1649 711 hoc
1676 663 1716 711 est

920 735 1071 809 principale
1086 738 1182 806 cordis,
1194 738 1220 793 io
1231 739 1301 796 laeva
1315 740 1439 810 fovetur;
1468 758 1528 797 cum
1545 759 1623 799 mens
1646 743 1715 800 bene

920 822 1026 892 affecta,
1043 841 1075 881 eo
1091 827 1162 897 qnod
1174 835 1257 897 amat,
1272 828 1494 898 periotelleotum
1509 832 1611 887 amoris
1634 832 1718 904 ipsius

920 912 1027 981 fruitur,
1044 914 1136 984 sicque
1150 916 1265 972 alterum
1284 917 1363 973 alteri
1388 928 1547 991 cooperatur
1562 921 1589 975 in
1603 921 1715 978 bouum.

921 1002 989 1056 Dum
1019 1018 1096 1059 amor
1122 1005 1254 1060 rationem
1283 1005 1420 1062 confortat
1456 1008 1491 1063 ad
1518 1010 1715 1080 attrahendum,

922 1090 991 1146 ratio
1001 1106 1122 1147 amorem
1138 1092 1172 1146 od
1185 1093 1417 1164 amplectendum,
1432 1111 1507 1151 arnor
1525 1097 1629 1154 ratione
1655 1114 1718 1155 mu-

921 1179 1002 1246 nitur,
1019 1179 1089 1235 ratio
1105 1197 1174 1236 vero
1188 1182 1222 1236 ab
1237 1197 1331 1237 amore
1344 1182 1518 1239 illuminatur.
1537 1184 1607 1253 Quin
1617 1188 1717 1258 potius,

923 1268 1104 1338 preveniente
1122 1269 1212 1342 gratia
1231 1271 1458 1342 praedestinantis,
1483 1280 1511 1328 et
1539 1275 1664 1346 eligentis
1692 1283 1719 1332 et

921 1357 1044 1411 vocantis
1059 1357 1131 1412 ratio
1157 1356 1238 1416 allicit
1260 1375 1392 1425 amorem,
1421 1376 1498 1416 amor
1526 1370 1613 1416 autem
1638 1362 1719 1419 allicit

922 1445 1065 1513 rationem,
1094 1453 1122 1501 ut
1149 1446 1295 1518 spiritualis
1319 1447 1431 1505 effeetus
1459 1451 1566 1505 animus
1590 1450 1720 1521 dijudicet

922 1534 1024 1604 omnia,
1040 1534 1099 1606 ipse
1113 1551 1179 1591 nero
1194 1551 1211 1591 a
1226 1536 1486 1607 neminejudicetur.
1503 1539 1621 1595 Dextera
1636 1541 1718 1596 etiam

922 1621 1130 1679 laboratcootra
1146 1623 1343 1691 tribulationes,
1368 1626 1521 1699 angustias,
1551 1629 1721 1699 persecutio·

67 1714 114 1789 qni
128 1715 277 1771 desiderat.
293 1712 344 1784 Qui
357 1729 422 1770 uero
437 1729 492 1769 oon
504 1713 650 1780 desiderat,
664 1713 707 1769 rel
717 1729 770 1769 non
784 1721 867 1782 amat,
881 1733 909 1793 Β
923 1726 981 1778 nes,
1004 1710 1114 1780 famem,
1139 1712 1303 1781 nuditatem,
1319 1715 1469 1784 periculum
1497 1731 1529 1772 ae
1557 1716 1676 1788 gladios,
1692 1721 1720 1774 et

65 1803 126 1859 sive
140 1804 241 1862 babeat
253 1804 312 1858 sire
327 1817 382 1857 non
395 1802 503 1868 habeat,
520 1818 632 1858 securus
652 1818 714 1857 eum
739 1801 869 1872 Apostolo
923 1801 1102 1856 exerceturin
1116 1800 1210 1856 labore
1225 1808 1252 1857 et
1271 1817 1402 1870 aerumna,
1427 1811 1454 1859 et
1481 1804 1583 1877 vigiliis
1609 1805 1720 1872 multis;

64 1890 157 1949 dicit:
176 1912 187 1942 ι
203 1892 265 1964 Ego
280 1890 355 1946 eninr
377 1889 462 1945 didici
485 1890 512 1945 in
535 1890 633 1960 quibus
650 1907 711 1947 sum
735 1889 871 1946 sufficiens
923 1887 991 1944 laeva
1004 1903 1069 1945 uero
1083 1889 1187 1960 patiens
1201 1897 1251 1958 est,
1267 1890 1389 1964 benigna
1403 1899 1455 1960 est,
1471 1908 1527 1948 non
1544 1894 1641 1964 qnaerit
1659 1912 1721 1968 quae

64 1996 137 2036 asse.
156 1979 219 2037 Soio
234 1978 383 2045 humiliari,
404 1979 461 2036 scio
483 1987 509 2033 et
527 1978 678 2036 abundare.
711 1978 816 2050 Ubique
845 1986 871 2034 et
923 1992 972 2032 sua
999 1984 1071 2045 suot,
1098 1993 1151 2033 oon
1178 1978 1303 2047 irritatur,
1333 1994 1386 2034 non
1409 1981 1512 2052 cogitat
1538 1983 1649 2048 malum,
1666 1999 1721 2039 non

64 2068 93 2125 in
107 2068 237 2125 omnibus
251 2068 387 2124 institutus
401 2083 471 2135 sum,
488 2076 515 2123 et
543 2067 636 2123 satiari
661 2074 689 2123 et
716 2068 817 2124 esurire
844 2074 872 2123 et
923 2064 1025 2138 gaudet
1034 2082 1115 2136 super
1129 2065 1278 2136 iniquitate,
1307 2067 1461 2140 congaudet
1487 2077 1575 2125 autem
1603 2071 1720 2140 ueritati,

63 2156 206 2213 abundare
221 2165 246 2213 et
261 2155 407 2228 penuriam
423 2155 478 2227 pati
494 2155 639 2229 (Philipp.
660 2161 712 2226 ιι).
735 2179 746 2205 r
767 2156 824 2212 lloc
836 2155 870 2210 de

66 2244 178 2301 sinistra
204 2260 297 2316 quaon
313 2245 384 2301 sicut
398 2245 463 2300 dicit
486 2242 620 2311 Psalrnus,
643 2244 775 2301 Dominus
802 2261 871 2316 snp-

66 2335 147 2407 ponit
157 2333 241 2404 justo,
258 2349 292 2390 ne
307 2332 416 2390 interim
433 2333 576 2389 collidatur
590 2335 682 2396 (Prot.
703 2335 811 2404 xxxvi).
831 2334 871 2388 De

67 2423 184 2479 dextera
198 2438 265 2479 vero
280 2422 465 2495 amplexante,
476 2423 566 2478 statim
575 2422 715 2495 subiungit
727 2442 733 2477 ε
746 2445 757 2472 ι
772 2421 871 2478 Omnia

68 2512 144 2569 enirn
157 2527 281 2583 possum,
299 2511 326 2565 io
341 2527 374 2568 eo
388 2512 434 2583 qui
450 2527 493 2566 me
504 2511 641 2568 confortat
650 2511 786 2585 (Philipp.
796 2513 868 2582 xv).-

68 2599 220 2672 Amplexus
234 2600 336 2656 etenim
351 2600 485 2670 dexterae,
501 2601 552 2655 hoo
567 2605 608 2655 est
631 2599 782 2671 spiritualis
804 2614 871 2672 gra-

69 2685 126 2749 tiae,
159 2685 279 2741 animam
301 2685 445 2751 confortat,
474 2701 508 2740 ne
536 2685 714 2740 exterioribus
749 2685 792 2742 vel
817 2700 873 2740 non

68 2773 180 2842 habitis,
215 2773 345 2846 indigeat,
373 2774 415 2829 ret
443 2773 543 2828 habitis
570 2773 739 2829 succumbat.
765 2771 872 2843 Quibus

66 2863 140 2918 siem
147 2861 297 2918 succumbit
312 2860 357 2931 qui
372 2868 445 2934 eget,
458 2862 497 2917 sio
512 2877 543 2916 eo
560 2859 660 2934 subigit
674 2862 720 2933 qni
735 2861 772 2916 uti
788 2860 872 2925 novit,

67 2964 131 3007 cum
147 2965 181 3006 ea
196 2949 221 3005 si
233 2965 288 3006 noo
303 2950 394 3015 babet,
411 2966 465 3005 non
480 2954 558 3006 curat
571 2967 578 3016 ;
593 2951 697 3006 sivero
712 2950 802 3021 habet,
819 2966 874 3005 noo

923 2154 1014 2209 omnia
1027 2153 1131 2224 suffert,
1157 2155 1249 2211 omnia
1266 2155 1365 2226 credit,
1388 2157 1481 2212 omnia
1508 2158 1634 2214 sustinet.
1654 2158 1721 2228 Quae

923 2242 1043 2299 dexterae
1057 2251 1129 2311 sunt,
1148 2259 1201 2299 noo
1217 2245 1276 2298 sina
1291 2243 1382 2300 multis
1410 2259 1444 2301 ac
1458 2245 1589 2317 gravibus
1612 2249 1722 2304 exerci-

925 2330 1024 2387 tiorum
1040 2330 1179 2387 laboribus
1194 2335 1248 2387 tam
1270 2332 1366 2388 mentis
1393 2348 1475 2403 quam
1504 2335 1628 2406 corporis
1652 2338 1723 2391 acti-

925 2425 1033 2483 tantur;
1050 2423 1210 2491 quaeautem
1221 2419 1299 2476 laerae
1313 2427 1385 2488 sunt,
1406 2421 1540 2492 inquiete
1559 2430 1585 2478 et
1613 2423 1724 2481 silentio

925 2507 1065 2564 observari
1079 2514 1207 2579 possunt,
1230 2523 1281 2565 nec
1303 2525 1434 2581 magnum
1448 2510 1585 2581 requirunt
1601 2513 1724 2584 corporis

925 2596 1097 2652 exercitium.
1114 2598 1234 2668 Utraque
1251 2605 1351 2661 tamen,
1368 2605 1397 2653 ut
1407 2598 1466 2667 jam
1477 2614 1552 2669 saepe
1561 2600 1663 2657 dictum
1672 2609 1723 2669 est,

926 2692 979 2739 tam
1003 2684 1071 2740 laeva
1102 2701 1183 2757 qnam
1208 2685 1330 2755 dextera,
1358 2686 1463 2757 Sponsa
1488 2687 1595 2758 Spooso
1620 2691 1724 2746 astrin-

925 2772 1006 2844 gitur,
1028 2773 1092 2844 qnia
1120 2780 1146 2829 et
1166 2773 1287 2830 dexteras
1324 2774 1466 2846 patientia,
1501 2784 1527 2831 et
1548 2776 1625 2833 laerae
1653 2778 1725 2834 bona

926 2861 1088 2917 conscientia
1112 2861 1147 2916 ad
1173 2878 1297 2918 amorem
1327 2862 1387 2932 ejus
1414 2864 1545 2933 eruditur,
1574 2881 1725 2938 pacemque

925 2965 958 3005 ao
960 2950 1057 3022 jugem
1063 2950 1131 3006 bene
1141 2950 1245 3007 affecte
1256 2953 1355 3007 mentis
1366 2952 1597 3023 tranquillitatem.
1608 2955 1725 3011 Dextera

65 3041 161 3094 serrat
181 3038 326 3104 serviliter,
343 3038 392 3093 sed
418 3037 566 3094 liberaliter
587 3038 735 3109 dispensat.
757 3039 869 3095 Lenem
927 3035 1034 3090 facitac
1048 3042 1154 3100 tuctur3
1177 3034 1247 3092 laera
1267 3036 1378 3091 fruitur.
1402 3035 1465 3091 Sive
1493 3053 1561 3110 ergo
1590 3037 1651 3105 hoc,
1668 3040 1725 3096 sins

65 3141 138 3199 crgo
152 3125 264 3198 Sponsa
278 3126 329 3181 sub
343 3127 432 3198 capite
447 3127 538 3192 habet,
547 3127 713 3183 eumdeditse
721 3126 871 3182 Deomenti

65 3214 259 3286 temporalium
275 3215 489 3271 consolationum
505 3214 667 3271 sufficientia
682 3214 870 3271 subministra·

65 3312 120 3373 bar,
140 3303 185 3362 rel
203 3319 293 3359 rernm
314 3319 368 3359 non
385 3304 538 3359 habitarum
555 3311 735 3373 contemptus.
752 3305 871 3361 Dextera

923 3122 969 3178 illo
982 3124 1074 3191 modo,
1091 3123 1149 3178 sive
1179 3131 1206 3178 et
1221 3124 1273 3180 hoo
1287 3131 1312 3179 ct
1329 3123 1386 3191 illo,
1403 3123 1512 3196 Sponsa
1539 3125 1566 3180 io
1595 3128 1722 3197 amplexu

924 3211 1023 3282 Spoosi
1038 3219 1164 3282 soporata
1185 3210 1363 3266 absconditur
1381 3226 1574 3283 nonnunquam
1602 3214 1629 3268 in
1654 3213 1725 3271 abs-

923 3299 1033 3354 condito
1049 3298 1126 3354 faciei
1137 3298 1448 3368 ejusacontradictione
1463 3301 1619 3370 hominunm
1632 3310 1724 3373 prote·

63 3409 151 3459 vero,
181 3391 274 3448 idest
302 3391 457 3463 spirituales
484 3408 543 3447 eam
579 3393 781 3449 consolationes
808 3409 870 3449 om.
923 3388 997 3461 gitur
1010 3387 1037 3442 in
1052 3387 1227 3443 tabernaculo
1242 3388 1300 3455 eius
1315 3387 1546 3444 acontradiotione
1558 3390 1723 3462 linguarum,

63 3480 357 3556 plexaotur,cumeis
379 3481 532 3537 etfouetur
555 3482 583 3535 io
612 3481 750 3553 praeseoti,
780 3488 807 3537 et
835 3480 871 3538 de
924 3484 950 3531 et
964 3483 1055 3531 mente
1065 3478 1147 3530 modo
1159 3474 1293 3531 excedens
1308 3475 1375 3543 Deo,
1387 3474 1469 3531 modo
1483 3477 1573 3532 sobria
1584 3479 1722 3549 proximo,

65 3578 229 3628 astomorum
240 3569 401 3626 certitudine
422 3570 618 3641 promissorum
641 3569 668 3624 iu
692 3568 781 3626 futuro
802 3585 871 3625 oon·
923 3579 1031 3636 semper
1046 3571 1137 3635 parata
1153 3570 1194 3619 est
1209 3571 1235 3619 et
1249 3562 1336 3618 latere
1350 3570 1379 3618 et
1392 3563 1508 3634 prodire,
1525 3565 1560 3619 ad
1579 3566 1722 3623 arbitrium

64 3657 202 3715 firmatur.
229 3658 366 3730 Levaque
389 3674 420 3713 ec
445 3657 554 3714 dextera
582 3657 742 3730 astringitur
765 3657 799 3713 ad
822 3672 871 3714 cor
923 3652 1118 3709 abscondentis
1139 3661 1164 3708 et
1180 3652 1360 3725 protegentis.
1374 3653 1498 3725 Denique
1513 3656 1578 3710 audi
1600 3655 1722 3712 abscon·

66 3746 182 3820 Sponsi‚
198 3762 261 3803 cum
276 3751 303 3803 et
317 3746 404 3801 bonus
418 3745 604 3816 temporalium
629 3762 704 3814 usus,
733 3753 760 3800 et
787 3754 870 3802 aeter-
923 3743 1034 3798 dentem
1045 3748 1072 3796 et
1086 3749 1275 3814 protegentem
1292 3759 1298 3796 :
1318 3764 1328 3789 ι
1346 3740 1447 3809 Adjuro
1469 3758 1526 3810 uos,
1556 3742 1618 3799 frliae
1640 3746 1722 3801 leru-

64 3851 166 3893 norum
175 3836 222 3907 pia
236 3834 467 3901 fmitio,etomnia
480 3834 504 3890 ei
518 3843 697 3907 cooperantur
711 3835 739 3889 in
748 3849 871 3890 amorem
924 3830 1019 3899 salom,
1032 3845 1080 3900 per
1093 3845 1218 3901 capreas,
1234 3828 1413 3900 hinnulosque
1440 3846 1595 3900 ceruorum,
1624 3840 1653 3889 ut
1667 3850 1723 3890 oon

64 3925 129 3993 Dei,
142 3931 170 3980 et
184 3922 255 3979 inter
268 3922 376 3979 medios
387 3924 438 3978 hos
452 3922 542 3979 cleros
556 3922 666 3991 dormit,
677 3938 749 3992 curn,
768 3938 870 3978 moram
923 3918 1072 3984 suscitetis,
1098 3934 1186 3991 neque
1213 3917 1345 3991 evigilare
1365 3918 1471 3974 faciatis
1493 3921 1618 3990 emicem,
1635 3920 1723 3978 donec

65 4012 189 4069 faciente
203 4011 322 4084 Sponso,
338 4011 472 4083 patienter
494 4011 565 4083 agit.
592 4010 678 4066 Aliter
700 4013 781 4067 etiam
802 4012 870 4066 cha·
924 4009 982 4080 ipsa
997 4007 1060 4062 velit
1077 4008 1173 4077 (cont.
1186 4022 1226 4073 ιιι,
1251 4007 1319 4077 rhu
1345 4007 1485 4076 Adjurstio
1512 4008 1571 4064 lraeo
1599 4011 1722 4066 necessi·

64 4100 134 4157 ritas
149 4100 273 4157 ordinata
287 4101 384 4157 terum
400 4101 480 4157 habet
494 4116 526 4156 ac
546 4099 696 4156 sinistram.
721 4100 871 4171 Amplexus
924 4097 985 4151 tatis
1000 4103 1042 4151 est
1055 4095 1186 4158 indictio;
1203 4096 1253 4151 hoo
1274 4104 1315 4151 est
1330 4096 1438 4151 virtutis
1454 4096 1503 4151 Dei
1530 4096 1624 4154 efficax
1653 4115 1723 4171 ope-

64 4189 207 4263 siquidem
217 4188 261 4244 hio
275 4189 414 4244 charitatis
428 4197 482 4244 est.
502 4188 589 4244 llabet
603 4188 744 4243 dexteram
756 4188 873 4243 laborio
924 4184 1007 4240 ratio.
1027 4183 1189 4252 Adjuraotur
1202 4191 1292 4239 autem
1308 4183 1369 4240 iiliae
1382 4184 1542 4251 Jerusalem,
1558 4189 1723 4245 recentiores

63 4276 460 4343 sam,taevamveroamiosm
490 4276 597 4347 quietis,
627 4277 680 4332 hoc
704 4284 747 4331 est
777 4276 872 4333 active
924 4289 956 4329 ac
971 4273 1121 4328 teneriores
1136 4272 1163 4326 in
1178 4271 1312 4345 religione
1336 4273 1442 4341 enimae,
1466 4275 1583 4346 singulm
1600 4292 1648 4345 per
1663 4277 1721 4331 vir-

62 4362 298 4423 exercitinmritae
308 4365 520 4436 satogeosoirea
531 4364 660 4436 frequens
679 4364 866 4433 ministerium,
926 4370 995 4416 tutes
1011 4377 1078 4433 quas
1105 4370 1277 4433 acceperunt,
1310 4378 1372 4417 cum
1400 4362 1547 4432 inspiratur
1574 4364 1613 4418 eis
1640 4365 1722 4420 timor

64 4453 248 4524 studiumque
278 4452 524 4523 contemplationis,
550 4453 631 4525 capiti
668 4452 782 4523 Spoosae
808 4431 909 4508 leneD
925 4450 1073 4521 perdeodae
1087 4451 1191 4522 gratiae,
1208 4450 1294 4522 quain
1305 4451 1464 4506 exercendis
1476 4451 1620 4507 virtutibus
1639 4462 1722 4508 utun-

64 4543 198 4616 praebeos
218 4541 418 4598 fulcimentum.
453 4541 553 4612 Sicque
572 4540 649 4611 quasi
673 4540 780 4597 duobus
806 4543 870 4597 bra·
924 4547 977 4606 tur,
993 4538 1014 4594 si
1029 4539 1166 4609 sponsalis
1181 4544 1288 4594 secreto
1306 4539 1415 4595 thalami
1429 4540 1570 4612 negligent
1590 4541 1721 4598 exhibere

66 4631 138 4687 chiis
153 4646 204 4687 seu
217 4630 323 4686 duabus
336 4630 471 4698 manibus,
488 4629 600 4702 Sponsa
624 4628 721 4686 dilecta
748 4629 782 4684 ad
811 4645 870 4696 cor,
923 4628 1100 4684 reuerentiam
1138 4643 1226 4696 suam,
1256 4635 1283 4682 et
1314 4628 1433 4683 detritum
1474 4630 1721 4703 congratulationis

66 4727 101 4774 nt
113 4718 285 4785 dictumest,
305 4717 405 4789 Sponsi
433 4717 603 4788 astringitur,
633 4716 660 4771 id
689 4723 730 4772 est
757 4717 871 4773 actionis
924 4715 1061 4772 affectum.
1081 4715 1552 4786 Adjuranturautempercapreas,
1578 4734 1721 4789 quaeaeu-

67 4806 150 4864 bonae
176 4812 206 4863 et
219 4814 321 4863 sanotae
334 4805 592 4877 contemplationis:
610 4805 722 4860 rationis
735 4809 763 4861 et
791 4820 871 4861 amo·
925 4804 1001 4860 tioris
1016 4804 1090 4858 visus
1106 4819 1165 4859 esse
1193 4803 1367 4874 perhibentur
1392 4811 1418 4858 et
1445 4805 1539 4860 ultrices
1567 4811 1719 4875 rrrootium;

69 4894 118 4964 ris,
133 4894 179 4953 rel
190 4893 361 4952 rationabilis
382 4894 501 4950 scientim
529 4901 556 4949 et
571 4891 686 4950 efficacis
710 4893 866 4964 sapientire.

68 4982 145 5040 Deae
160 4983 260 5040 etcoim
275 4999 325 5056 per
343 4984 450 5050 laeram,
473 4998 534 5055 quae
566 4980 657 5037 minus
680 4988 791 5038 actuosa
819 4987 871 5051 est,

67 5086 150 5128 arnor
175 5071 415 5142 contemplativus,
443 5087 493 5126 seu
525 5070 658 5143 sapientia
687 5070 869 5143 designatur:

66 5159 209 5216 cuium
223 5157 330 5226 sufficit,
346 5167 374 5214 et
396 5175 456 5231 quaa
470 5174 555 5214 unum
577 5159 762 5214 tantummodo
791 5159 873 5215 hebet

65 5253 267 5313 neomsariom.
282 5255 364 5312 Unde
374 5254 473 5311 dicitur
485 5255 520 5311 de
535 5255 672 5326 Sapientia
688 5254 715 5309 in
733 5255 803 5312 libro
821 5271 872 5312 no·

65 5352 236 5425 minissjus.
260 5352 343 5424 rQui
368 5353 537 5410 minorantur
565 5361 638 5422 aotu,
666 5353 874 5426 apprehendent

65 5449 145 5506 illam
158 5447 260 5524 (Booti.
274 5452 402 5522 xxxrru).
423 5452 524 5507 ullone
548 5451 630 5508 etiam
657 5468 708 5522 por
732 5452 873 5510 dexteram

68 5546 213 5619 moxona
221 5546 381 5617 exprimitur
395 5547 516 5615 rationis,
532 5547 574 5603 rel
588 5546 708 5605 scientie
722 5549 872 5617 rationalis,

194 5642 333 5707 Parnon.
351 5641 511 5707 CLXXX.

925 4899 952 4947 et
970 4908 1020 4963 por
1043 4892 1169 4946 hinnulos
1188 4907 1332 4948 cervorum
1351 4893 1515 4963 serpentium
1546 4893 1671 4950 inimicos
1695 4905 1722 4952 et

925 4978 1011 5052 agiles
1021 4978 1055 5032 ad
1071 4979 1246 5045 currendum,
1263 4994 1324 5034 cum
1339 4979 1445 5035 oculum
1462 4979 1580 5049 purioris
1595 4990 1720 5038 oontem-

924 5066 1063 5140 pletionis,
1079 5074 1105 5123 et
1119 5068 1271 5125 celestium
1281 5084 1401 5124 amorem
1416 5068 1561 5142 odiumque
1583 5069 1721 5138 vitiorum,

926 5164 954 5213 et
967 5157 994 5212 in
1009 5156 1139 5212 virtutum
1153 5156 1323 5228 profectibus
1337 5156 1451 5228 perdere
1466 5166 1592 5213 serentur
1618 5175 1722 5231 prope-

926 5271 986 5310 rum
1016 5262 1043 5310 et
1068 5270 1238 5326 prosperum,
1270 5270 1353 5326 quem
1374 5254 1475 5311 habere
1504 5255 1640 5325 ridentur,
1657 5273 1722 5314 suc·

926 5368 1036 5411 cessum
1050 5353 1092 5423 ;si
1106 5355 1213 5410 minore
1228 5355 1400 5424 necessitate,
1416 5355 1438 5410 si
1459 5355 1563 5425 majore
1590 5357 1723 5430 importu-

927 5451 1021 5518 nitate,
1037 5458 1172 5509 temerare
1180 5451 1223 5508 rel
1234 5452 1384 5522 inquietare
1394 5455 1618 5526 presumpserint
1627 5456 1724 5528 Sponsi

928 5556 955 5605 et
968 5549 1083 5622 Sponsre
1108 5558 1207 5607 mutuae
1225 5552 1424 5623 conjunctionis
1442 5561 1468 5609 et
1496 5554 1630 5612 fruitionis
1656 5573 1725 5628 gau-

1569 5655 1605 5714 l'l
