3728 6000
38 302 41 307 ·
122 260 172 326 ttl

626 258 813 321 evitarunt
832 259 975 319 ASBATIS
994 260 1023 321 S.
1043 257 1259 321 Tflaobotttct
1718 263 1769 325 lb!

122 407 199 457 cens,
214 391 291 462 origo
305 387 452 444 divinitatis
467 389 569 443 estlle
583 387 643 458 ipso
658 403 723 445 vero
735 389 819 445 habet
834 388 916 444 Filius
929 388 959 450 Α
974 403 1007 444 eo
1022 388 1095 458 quod
1110 396 1165 444 tres
1187 396 1269 458 sunt,
1292 396 1318 445 et
1333 405 1386 445 una
1409 405 1503 446 eorum
1526 393 1652 461 operatio
1672 395 1725 457 cst,
1740 391 1769 446 in

124 479 196 549 quod
211 476 351 532 nascendo
365 475 401 531 ab
425 491 460 531 eo
481 476 596 547 accepit,
609 484 639 531 ut
659 477 776 533 naturali
800 476 917 533 essentia
973 484 1103 547 quantum
1118 493 1202 532 unum
1215 485 1287 534 sunt.
1303 478 1380 535 Unde
1392 486 1419 533 et
1432 478 1563 535 Dominus
1576 479 1605 533 in
1618 477 1769 554 Evangelio

122 583 206 623 unum
226 582 287 623 cum
310 565 371 636 ipso
385 564 427 620 sit.
444 563 486 619 Ab
509 564 569 636 ipso
590 564 670 620 etiam
686 573 713 621 et
734 581 750 622 a
778 565 855 635 Filio,
870 565 919 622 sed
972 563 1037 620 dicit
1054 579 1061 619 :
1079 588 1091 612 ι
1107 565 1169 622 Νοε
1188 574 1278 637 potest
1298 566 1397 622 Filium
1420 581 1481 623 ase
1503 568 1595 623 lacere
1609 566 1768 642 quidquam,

122 654 318 727 principaliter,
332 662 361 709 ut
374 652 475 707 dictum
490 662 540 719 est,
555 653 591 707 ab
604 653 665 724 ipso
683 655 765 710 Patre
779 663 819 710 εει
834 653 918 724 Spiri-
972 651 1024 708 nisi
1051 653 1124 724 quod
1149 653 1247 710 viderit
1274 654 1382 710 Patrem
1410 655 1566 711 facientem.
1595 655 1769 727 Quaecunque

121 752 164 799 tus
177 751 310 798 sanctus:
332 741 377 813 qui
393 741 565 813 procedendo
578 741 612 796 ab
633 749 758 815 utroque,
774 756 918 798 commune
972 740 1043 796 enirn
1068 742 1148 797 Pater
1162 742 1236 808 lacit,
1252 743 1310 799 baec
1338 750 1366 798 et
1388 742 1474 799 Filius
1503 742 1575 800 lacit.
1592 745 1670 800 l‘ater
1697 744 1770 799 enim

121 830 273 887 babetcum
295 843 411 900 utroque
430 837 459 883 ut
484 829 528 896 sit,
557 829 630 900 quod
658 829 697 884 illi
724 836 794 886 sunt.
816 830 920 887 Dicitur
971 828 1064 902 diligit
1078 829 1174 885 Filium
1191 837 1218 885 et
1242 829 1410 887 demonstrat
1433 831 1457 886 ei
1485 831 1576 887 omnia
1602 847 1771 904 quaecunque

30 988 33 993 Ι
121 919 201 975 etiam
216 918 297 974 Filius
311 917 425 973 relative
442 918 607 972 «Verbum»
621 917 708 973 Patris
721 918 849 986 dicentis,
860 935 919 974 san·
972 916 1038 973 lacit
1053 918 1144 988 (loon.
1159 920 1196 987 v).
1216 942 1227 967 ι
1245 919 1342 975 Videre
1357 920 1429 975 enim
1446 919 1514 976 Filio
1531 921 1644 988 Patrem,
1660 922 1713 976 lico
1728 924 1770 975 εει

121 1015 178 1063 ctus
192 1022 302 1079 quoque
322 1006 463 1077 Spiritus«
480 1006 581 1061 donum
591 1029 601 1055 ιι
627 1006 678 1062 Dei
702 1006 838 1062 donantis.
854 1007 916 1072 Ubi,
972 1021 1033 1062 esse
1060 1007 1132 1076 quod
1158 1006 1204 1062 ille
1227 1016 1284 1071 est;
1309 1007 1401 1064 videre
1430 1017 1601 1079 operantem,
1626 1024 1769 1079 cooperari

120 1095 262 1152 sicutcum
278 1095 377 1151 dieitur
392 1117 403 1141 ι
419 1095 499 1148 Pater
513 1101 539 1148 ot
554 1093 647 1160 Filius,
663 1119 673 1143 ιι
691 1110 860 1166 nequaquam
874 1111 919 1150 cn-
972 1100 1026 1149 est.
1046 1097 1134 1149 ltem:
1152 1094 1250 1151 Omnia
1270 1111 1320 1166 per
1344 1096 1446 1167 ipsum,
1465 1119 1476 1144 ι
1493 1098 1545 1152 lico
1564 1104 1614 1165 εει,
1630 1112 1679 1168 εεε
1701 1097 1769 1152 Ver-

119 1183 232 1255 gitanda
248 1191 288 1237 est
303 1183 448 1254 posteritas
463 1181 614 1237 derivativa
628 1182 767 1255 gignentis
781 1191 807 1237 et
821 1183 915 1255 geniti,
971 1181 1046 1251 bum,
1059 1203 1069 1234 ι
1081 1182 1153 1238 lacta
1162 1187 1226 1238 sunt
1238 1185 1329 1253 (loon.
1342 1184 1393 1252 r).·
1411 1184 1462 1241 Ubi
1478 1183 1552 1239 siout
1564 1184 1720 1256 cooperatio
1730 1184 1769 1240 in·

117 1273 166 1328 sed
181 1279 293 1327 reternae
319 1271 467 1325 natiuitatis
490 1278 644 1334 secretunr;
662 1271 704 1326 sic
724 1287 775 1327 nec
797 1287 859 1326 cum
874 1271 918 1326 di·
973 1269 1110 1343 telligitur,
1126 1271 1154 1326 in
1176 1286 1208 1327 eo
1232 1271 1304 1343 quud
1330 1273 1410 1327 Pater
1424 1280 1451 1329 ει
1472 1273 1590 1328 Verbum
1614 1273 1667 1329 duo
1682 1280 1765 1338 aunt;

117 1360 187 1415 citur
204 1383 215 1408 ιι
232 1359 347 1415 Verbum
365 1378 376 1409 ι
395 1359 453 1424 Dei,
470 1348 658 1414 aestimandum
675 1366 717 1413 est
732 1360 843 1414 verbum
857 1375 919 1429 pro·
972 1357 1007 1412 ειι
1020 1357 1136 1428 simplex
1152 1358 1316 1430 intelligitur
1336 1359 1472 1430 operatio,
1488 1359 1515 1413 in
1530 1374 1564 1415 εε
1585 1359 1657 1430 quod
1670 1359 1769 1416 dicitur

116 1447 242 1514 latinum,
258 1447 307 1503 sed
321 1446 550 1503 consubstantiale
570 1446 672 1501 dicenti
687 1454 714 1503 ει
734 1455 915 1510 coaeternum;
971 1446 1058 1501 Deum
1074 1446 1169 1502 omnia
1185 1447 1285 1503 iecisse
1296 1463 1347 1518 per
1363 1447 1484 1503 Verbum
1496 1463 1587 1516 suum,
1601 1449 1652 1504 lroc
1666 1456 1708 1503 est
1719 1464 1768 1519 per

117 1538 157 1594 sic
171 1552 222 1592 nec
236 1552 299 1592 curn
312 1534 411 1590 dicitur
425 1533 542 1605 Spiritus
557 1539 669 1590 sanctus
687 1559 697 1582 ιι
716 1535 816 1591 donum
834 1560 845 1584 ιι
863 1536 916 1591 Ρε-
971 1534 1000 1589 id
1018 1535 1092 1606 quod
1113 1551 1196 1590 unum
1220 1544 1292 1603 sunt,
1307 1536 1368 1606 ipse
1382 1544 1409 1591 et
1426 1536 1544 1593 Verbum
1570 1552 1658 1591 suum.
1685 1536 1767 1599 Quod

87 1620 90 1625 ’
116 1625 165 1680 tris
183 1633 211 1681 et
228 1623 299 1690 Filii,
322 1623 467 1695 cogitanda
491 1631 532 1677 εει
556 1623 632 1692 quasi
656 1622 776 1689 conditio
798 1624 865 1690 dati,
891 1632 918 1681 et
971 1631 1062 1677 tamen
1077 1623 1285 1696 intelligendum
1302 1633 1353 1691 est,
1370 1624 1404 1680 de
1428 1640 1461 1680 eo
1485 1624 1557 1696 quod
1572 1625 1611 1690 lit,
1627 1625 1672 1680 vel
1695 1625 1768 1696 quod

22 1727 25 1731 ’
116 1713 268 1769 dominatio
283 1711 415 1778 dantium,
432 1710 481 1766 sed
500 1712 647 1766 concordia
662 1711 717 1766 dati
732 1718 759 1766 et
773 1711 912 1767 dantium.
930 1709 1073 1796 Blactum
1087 1719 1138 1779 est,
1154 1712 1206 1767 hoc
1223 1719 1264 1766 est
1286 1712 1320 1766 de
1335 1719 1469 1780 creatura,
1485 1728 1547 1784 quae
1559 1711 1602 1769 rel
1618 1710 1646 1767 lit
1667 1712 1701 1766 ab
1723 1728 1765 1778 εε,

151 1827 303 1900 Singularis
316 1825 388 1882 enim
409 1825 549 1880 relationis
565 1824 639 1879 illius
656 1826 723 1882 ratio
739 1835 791 1894 εει,
807 1835 837 1881 ει
850 1826 915 1882 ιιεει

113 1915 264 1986 inaequales
287 1914 324 1969 ibi
346 1914 489 1970 videantur
507 1913 665 1981 relationes,
681 1915 751 1970 sicut
773 1916 860 1970 Patris
880 1915 913 1970 ad

113 2002 220 2068 Filium,
242 2002 359 2058 dicentis
380 2000 415 2056 ad
442 2002 572 2069 Verbum,
597 2001 661 2056 doni
688 2002 722 2056 ad
746 2001 913 2069 donantem;

22 2134 25 2139 .
113 2107 220 2147 summa
235 2099 326 2146 tamen
347 2088 386 2143 ibi
403 2088 543 2160 aequalitas
558 2089 594 2144 sit
608 2105 670 2144 cum
693 2107 776 2144 unum
790 2090 853 2155 sint,
870 2090 912 2145 al·

113 2186 156 2235 ter
170 2187 196 2235 et
209 2180 257 2250 qui
282 2179 317 2234 de
330 2178 418 2233 altero
432 2185 485 2244 εει,
501 2183 529 2232 ει
554 2193 623 2231 εεεε
638 2177 682 2246 εει
697 2177 731 2232 de
754 2177 870 2243 duobus,
886 2186 913 2233 et

111 2267 166 2323 duo
184 2267 334 2336 dequibus
353 2281 426 2320 unus
449 2272 499 2320 est.
523 2264 575 2319 Ubi
594 2280 654 2319 cum
678 2280 695 2319 a
716 2272 789 2321 recte
803 2265 837 2319 de
853 2265 912 2321 Deo

112 2354 259 2409 scientibus
282 2360 310 2407 ot
326 2354 371 2423 pie
394 2351 589 2423 cogitantibus,
605 2352 671 2407 illud
693 2368 787 2419 unum,
803 2353 838 2407 de
858 2368 912 2424 quo

112 2440 315 2497 Dominusdicit
325 2458 331 2494 :
342 2464 352 2488 ι
363 2441 421 2512 Ego
433 2448 460 2495 et
469 2442 548 2495 Pater
556 2457 640 2495 unum
649 2457 744 2496 sumus
753 2441 844 2512 (loon.
853 2442 908 2511 ε),ιι

111 2531 203 2585 εειιεε
218 2528 371 2586 inveniatur
394 2528 508 2598 primus,
524 2528 568 2583 vel
593 2528 708 2593 medius,
725 2528 768 2584 vel
790 2529 910 2585 novissi-

109 2634 189 2688 mus;
215 2625 321 2688 oportet
346 2621 437 2671 tamen
452 2624 481 2670 ut
500 2616 538 2670 ibi
554 2621 611 2672 tres
625 2616 751 2673 distincte
766 2617 908 2681 dicantur;

112 2723 181 2779 quos
194 2706 277 2761 etiam
301 2720 413 2759 necesse
436 2711 479 2759 εει
498 2703 668 2775 pronuntiari
689 2721 739 2761 suo
758 2705 865 2775 ordine,
881 2715 910 2762 ut

109 2795 218 2866 quiade
241 2793 346 2866 quasit
368 2791 542 2866 intelligatur.
560 2793 705 2865 Primoque
725 2795 784 2850 lone
798 2795 909 2864 ponitur

108 2889 188 2944 Pater
210 2887 256 2960 qui
279 2886 386 2960 genuit,
401 2886 522 2943 secundo
545 2885 635 2942 Filius
659 2887 706 2958 qui
728 2886 838 2959 genitus
854 2895 905 2955 est,

106 2978 186 3033 tertio
200 2975 318 3049 Spiritus
330 2975 491 3045 sanctusqui
506 2974 540 3029 ab
548 2979 662 3047 utroque
677 2974 810 3045 procedit.
828 2974 907 3045 Quod

56 3078 59 3083 ·
106 3065 189 3121 eliam
216 3065 244 3119 in
272 3062 432 3136 operatione
452 3062 609 3131 divinitatis,
637 3079 686 3119 seu
711 3067 946 3149 cooperationec

106 3151 257 3220 Trinitatis,
284 3169 345 3224 quaa
372 3167 433 3209 cum
461 3151 595 3207 relatione
621 3152 704 3207 trium
728 3168 903 3224 personamm

106 3257 237 3314 magnam
252 3240 377 3297 videntur
390 3240 492 3296 habere
506 3240 707 3312 cognationem,
723 3241 905 3313 providentis·

81 3364 85 3375 ·
106 3330 175 3387 sime
190 3328 461 3386 animadvertendum
475 3331 528 3396 εει,
544 3327 612 3384 sicut
631 3329 709 3385 vorbi
723 3328 813 3401 gratia
826 3330 856 3384 in
871 3344 904 3385 eo

105 3418 179 3491 quod
194 3418 343 3489 Apostolus
357 3415 447 3472 dicit:
477 3439 488 3464 ιι
506 3416 544 3470 Ex
560 3432 615 3487 quo
639 3418 742 3482 omnia,
758 3432 808 3487 per
822 3433 903 3491 quem

22 3528 27 3535 ·
106 3507 208 3573 omnia,
224 3506 252 3560 in
267 3521 320 3577 εεε
343 3505 446 3573 omnia,
462 3504 513 3574 ipsi
524 3503 612 3576 gloria
628 3504 654 3557 in
670 3504 771 3561 nacula
786 3505 903 3562 saculo-

104 3611 178 3662 rum,
193 3610 273 3649 amen
286 3595 375 3664 (llam.
385 3593 458 3662 ar).·
476 3592 528 3648 Ubi
547 3608 611 3648 cum
627 3608 643 3646 a
658 3593 734 3648 Patre
744 3610 793 3664 per
807 3595 903 3650 Filium

104 3685 133 3738 in
147 3681 249 3753 Spiritu
270 3688 364 3738 sanato
385 3681 495 3739 condita
516 3680 609 3737 omnia
627 3682 839 3737 commemorari
860 3682 904 3737 vi-

104 3771 234 3837 deantur,
249 3776 338 3824 tamen
360 3769 388 3823 in
403 3768 519 3824 diversis
543 3767 768 3838 praepositionum
791 3770 903 3840 apposi-

105 3856 227 3913 tionibus
238 3855 310 3910 nulla
325 3853 502 3926 intelligenda
512 3863 554 3910 est
564 3853 712 3908 diversitas
722 3856 903 3925 operationis,

104 3944 154 4001 sed
168 3943 284 4014 simplex
305 3941 469 4012 cooperatio.
485 3943 571 4012 AEque
595 3940 665 3996 eninr
682 3958 716 3996 ex
731 3943 810 3998 Patra
829 3950 856 3999 et
870 3959 905 3999 ex

105 4030 209 4104 Spiritu
221 4037 314 4085 sancto
331 4036 393 4084 sunt
407 4028 511 4099 omnia,
528 4029 598 4084 sicut
619 4044 654 4084 ex
674 4036 770 4085 natura
784 4030 904 4086 omnium

105 4119 247 4188 creatrice,
261 4134 338 4190 aeque
359 4133 412 4188 per
433 4117 538 4173 Patrem
561 4124 588 4172 et
610 4134 658 4189 per
682 4117 789 4187 Filium,
808 4126 835 4174 et
856 4135 905 4190 per

106 4208 235 4281 Spiritum
258 4213 394 4273 sanctum,
410 4207 481 4262 sicut
507 4222 555 4278 per
576 4206 662 4261 Deum
677 4206 798 4262 omnium
821 4205 904 4278 opili-

104 4314 164 4354 eem
177 4313 184 4368 ;
199 4311 276 4368 acque
290 4295 318 4350 in
334 4296 414 4351 Patre
428 4304 455 4351 ει
474 4295 544 4350 Filio
559 4302 586 4350 et
599 4294 701 4364 Spiritu
716 4305 819 4364 sancto,
835 4295 905 4352 sicut

104 4387 132 4442 in
147 4387 204 4443 Deo
218 4384 311 4442 omnia
326 4385 489 4441 continente.

141 4478 174 4530 ln
189 4472 347 4544 huiusmodi
359 4488 422 4530 vero
437 4470 614 4545 positionibus
624 4472 704 4528 trium
713 4489 903 4545 personarum,

29 4562 36 4583 ‘
106 4563 149 4621 rel
163 4562 388 4635 praepositiouum
413 4560 630 4632 appositionibus
650 4563 835 4619 tantummodo
859 4562 904 4618 in-

106 4650 255 4726 telligenda
283 4657 324 4707 εει
352 4647 505 4720 personalis
529 4648 671 4705 adnotatio
695 4650 850 4721 Trinitatis,
866 4651 906 4708 sic

107 4749 198 4796 tamen
222 4746 252 4794 ut
265 4739 357 4793 omnia
378 4736 571 4808 recolligantur
593 4735 630 4790 ad
652 4736 858 4809 intelligendam
877 4740 905 4795 in

107 4827 238 4884 Trinitate
265 4825 412 4880 veritatem
446 4823 546 4880 divinae
577 4824 698 4893 unitatis,
726 4826 905 4899 subjungente

107 4916 235 4974 continuo
253 4912 381 4985 apostolo
401 4928 433 4969 ac
457 4912 587 4968 dicente:
609 4935 618 4960 ι
637 4913 700 4985 ipsi,
721 4914 818 4985 inquit,
838 4932 904 4987 non,

107 5005 184 5077 ipsis.
195 5028 207 5052 ιι
224 5000 291 5070 Qun
315 5010 407 5056 tamen
436 5000 543 5073 singula
559 5000 675 5072 singulis
695 5002 903 5072 distribuuntur,

108 5108 170 5151 cum
184 5107 218 5146 ex
232 5090 310 5145 Patre
335 5088 460 5144 dicuntur
477 5104 536 5144 esse
550 5090 651 5155 omnia,
668 5105 702 5145 ex
721 5105 777 5160 quo
801 5092 903 5162 princi-

107 5181 204 5253 paliter
231 5185 273 5234 est
299 5177 393 5232 omnis
416 5183 557 5240 creatum
574 5185 601 5232 et
627 5194 676 5249 por
703 5178 822 5234 Verbum
851 5196 904 5250 quo

106 5270 168 5341 ipse
182 5266 262 5333 dixit,
273 5273 300 5320 et
313 5265 405 5321 omnia
417 5264 490 5321 lacta
503 5273 583 5334 sunt;
600 5273 627 5320 et
640 5265 670 5321 in
682 5266 783 5337 Spiritu
795 5276 902 5335 sancta,

108 5365 155 5438 qui
170 5362 256 5418 Patris
271 5368 297 5418 et
314 5361 372 5418 Filii
386 5361 494 5419 bonitas
505 5364 706 5432 est,continens
720 5362 821 5420 omnia.
832 5365 902 5421 Nam

107 5469 135 5520 ει
148 5460 222 5533 quod
236 5460 381 5532 cooperari
400 5459 538 5527 dicuntur,
555 5475 679 5533 quorum,
696 5460 765 5518 sicut
789 5479 842 5517 una
856 5480 901 5518 ns·

107 5558 206 5647 εεειιι,
221 5558 264 5615 ειε
277 5573 332 5616 una
345 5557 467 5631 operatio
490 5565 542 5628 εει,
567 5560 714 5632 cooperari
735 5559 903 5645 dicuuturin

971 1805 1000 1853 ut
1014 1797 1048 1852 sit
1063 1814 1123 1869 quaa
1146 1815 1198 1855 non
1216 1808 1275 1854 erat
1292 1815 1300 1863 ;
1318 1799 1362 1855 vel
1377 1799 1478 1873 aliquid
1500 1799 1530 1854 lit
1553 1801 1627 1856 circa
1648 1816 1719 1865 eam,
1735 1807 1766 1854 ut

968 1886 1040 1943 sacta
1067 1886 1210 1941 subsistat.
1227 1886 1305 1956 Quod
1337 1888 1409 1942 enirn
1436 1889 1463 1941 in
1494 1888 1619 1944 Crantore
1646 1889 1768 1943 omnium

969 1975 1028 2030 Deo
1043 1990 1096 2030 non
1113 1975 1153 2041 lit,
1167 1976 1215 2030 sed
1226 1984 1283 2043 est;
1299 1976 1447 2031 secundum
1457 1976 1670 2032 aestimationem
1692 1991 1767 2031 crea·

968 2072 1033 2119 turae
1060 2063 1215 2119 habendum
1243 2072 1293 2120 est.
1310 2063 1424 2120 Scilicet
1452 2065 1547 2136 genuit
1576 2065 1668 2131 Pater,
1694 2065 1767 2134 quod

969 2152 1053 2206 Filius
1072 2168 1126 2207 non
1142 2151 1221 2214 lneit;
1239 2153 1349 2224 genitus
1368 2160 1410 2207 est
1429 2151 1522 2219 Filius,
1538 2153 1611 2223 quod
1634 2169 1687 2210 nou
1704 2153 1768 2208 lacit

968 2241 1059 2306 l‘nter,
1076 2241 1124 2310 qui
1138 2240 1241 2312 genuit.
1256 2241 1309 2296 Sed
1325 2241 1377 2297 boc
1392 2257 1447 2295 non
1470 2248 1512 2295 εει
1526 2240 1643 2308 lactura,
1658 2241 1705 2296 sed
1720 2240 1765 2296 la·

967 2327 1063 2385 cientis
1088 2329 1179 2383 omnia
1205 2329 1356 2384 divinitatis
1384 2328 1516 2384 essentia.
1545 2330 1614 2384 Nam
1643 2336 1679 2396 et,
1703 2344 1766 2385 cum

966 2416 1088 2471 Verbum
1108 2432 1175 2473 caro
1191 2417 1289 2472 iactum
1305 2425 1356 2484 est,
1371 2424 1427 2472 tota
1451 2417 1573 2472 Trinitas
1594 2417 1767 2489 cooperando

965 2505 1039 2572 lecit,
1056 2504 1083 2560 id
1108 2505 1180 2577 quod
1207 2505 1296 2560 nolum
1324 2505 1442 2561 Verbum
1465 2504 1568 2561 sactum
1588 2514 1639 2572 est,
1655 2521 1766 2562 carnem

964 2593 1079 2664 scilicet,
1097 2610 1160 2666 quae
1175 2593 1285 2661 lacta,a
1301 2595 1360 2649 solo
1374 2594 1457 2651 verbo
1471 2593 1499 2648 in
1517 2595 1623 2650 unitate
1640 2610 1767 2664 personae

964 2690 1105 2754 assumpta
1129 2691 1182 2751 est,
1201 2683 1229 2737 in
1254 2698 1308 2754 quo
1330 2681 1515 2753 temporaliter
1539 2683 1642 2738 lactum
1665 2682 1766 2739 dicitur

965 2772 1084 2828 Verbum
1103 2772 1175 2843 quod
1193 2771 1265 2826 Deus
1280 2770 1352 2842 apud
1379 2771 1465 2826 Deum
1481 2779 1532 2827 εει.
1551 2770 1606 2826 Sed
1628 2778 1654 2826 ει
1669 2786 1765 2827 vocem

961 2859 1062 2930 Patris,
1079 2877 1140 2930 εεει
1167 2875 1249 2930 super
1276 2858 1422 2914 Dominum
1453 2858 1544 2913 audita
1571 2866 1624 2924 est,
1639 2858 1758 2915 dicens:

962 2971 974 2996 ι
991 2950 1040 3005 Ηιε
1051 2952 1093 3005 εει
1107 2947 1190 3002 Filius
1204 2963 1282 3003 meus
1296 2947 1412 3003 dilectus
1421 2947 1532 3016 (Μειιι.
1543 2951 1594 3016 ει),
1609 2971 1620 2995 ι
1639 2951 1695 3003 tota
1705 2947 1764 3003 Tri-

961 3037 1034 3093 nitas
1053 3036 1125 3103 lecit,
1149 3036 1274 3107 quamvis
1295 3051 1310 3089 a
1329 3034 1388 3090 solo
1411 3035 1489 3090 Patre
1513 3035 1643 3107 insonuit,
1661 3041 1688 3091 ot
1711 3051 1762 3092 co-

961 3125 1082 3180 lumbam
1104 3124 1133 3178 in
1155 3139 1209 3195 qua
1229 3139 1314 3195 super
1338 3122 1482 3179 Dominum
1511 3122 1627 3193 Spiritus
1650 3131 1760 3180 sanctus

958 3211 1098 3283 apparuit.
1114 3212 1179 3267 llaeo
1190 3211 1265 3266 enim
1280 3211 1371 3267 omnia
1385 3211 1572 3281 temporaliter
1587 3212 1661 3268 lacta
1674 3220 1755 3281 sunt;

959 3315 1008 3355 nec
1022 3299 1101 3354 aliter
1116 3299 1150 3354 de
1165 3299 1206 3355 eis
1220 3297 1409 3355 estimandum
1426 3306 1477 3366 εει,
1493 3312 1575 3370 quam
1590 3298 1658 3354 sicut
1674 3307 1754 3354 aunt.

961 3386 1085 3442 Diximus
1100 3403 1161 3458 quae
1180 3388 1332 3457 potuimus,
1348 3385 1384 3440 de
1399 3386 1556 3441 nominibus
1572 3386 1682 3455 divinis,
1697 3405 1759 3459 quae

958 3476 1015 3531 sive
1039 3475 1191 3531 secundum
1220 3475 1408 3541 substantiam,
1424 3474 1482 3530 siue
1502 3474 1615 3531 relative
1642 3475 1672 3529 in
1698 3476 1758 3531 Dea

958 3564 1098 3627 dicuntnr3
1115 3571 1141 3618 et
1160 3563 1195 3618 de
1215 3562 1343 3618 relatione
1366 3564 1437 3634 ipsa,
1449 3579 1500 3632 qua
1521 3563 1599 3632 juxta
1618 3563 1758 3619 nominum

959 3653 1079 3723 ipsorum
1107 3652 1303 3722 proprietatem
1321 3650 1356 3706 ad
1379 3650 1500 3708 invicem
1519 3650 1646 3707 dicuntur
1667 3652 1756 3719 Pater,

959 3749 986 3797 at
1006 3740 1100 3805 Filius,
1116 3748 1144 3795 et
1166 3739 1282 3810 Spiritus
1306 3747 1425 3807 sanctus,
1449 3739 1606 3794 haurientes
1625 3754 1756 3809 quaecun-

959 3844 1011 3900 que
1025 3828 1156 3896 diximus,
1172 3843 1228 3885 non
1242 3825 1278 3884 de
1298 3826 1418 3883 lontibus
1432 3829 1542 3896 nostris,
1560 3827 1608 3882 sed
1622 3827 1658 3882 de
1671 3827 1757 3883 lonti-

959 3916 1009 3971 bus
1024 3916 1182 3986 Salvatoris,
1212 3931 1249 3970 ex
1270 3915 1416 3987 scripturis
1430 3915 1543 3981 sanctis,
1559 3922 1585 3970 et
1599 3915 1759 3971 certissimis

958 4005 1161 4062 auctoritatibus
1186 4012 1341 4060 sanctorum
1358 4005 1476 4071 Patrem,
1497 4003 1690 4076 investigantes
1703 4005 1758 4060 ali-

959 4109 1039 4164 quam
1055 4109 1144 4150 rerum
1160 4092 1346 4164 cognitionem
1360 4107 1394 4147 er
1419 4091 1527 4146 indiciis
1542 4092 1681 4147 nominum
1692 4109 1758 4149 suo-

959 4198 1027 4236 rum.
1038 4183 1154 4237 Nomina
1168 4189 1259 4236 autem
1278 4182 1340 4251 ipsa
1355 4180 1474 4236 recentia
1489 4179 1597 4250 quidem
1612 4190 1673 4235 sunt
1684 4181 1759 4253 apud

957 4271 1080 4326 homines
1111 4269 1139 4325 in
1168 4269 1359 4341 predicatione
1389 4267 1470 4331 lidei;
1501 4269 1620 4338 nomina,
1635 4269 1755 4341 inquam,

960 4373 1014 4415 non
1029 4374 1073 4414 ras
1087 4358 1238 4414 nominum.
1255 4358 1309 4413 lles
1328 4357 1401 4412 enim
1425 4357 1566 4412 nominum
1579 4358 1687 4425 borum,
1702 4374 1758 4416 non

918 4435 945 4496 D
960 4456 1015 4503 tam
1026 4455 1168 4504 coaeternae
1182 4447 1250 4513 Deo,
1266 4461 1348 4517 quam
1364 4446 1439 4501 Deus
1457 4453 1531 4500 sunt.
1547 4446 1616 4500 Nam
1630 4453 1656 4501 at
1669 4445 1756 4517 ipsum

959 4550 1060 4594 nomeu
1083 4535 1144 4603 Dei,
1168 4535 1232 4606 quid
1255 4541 1306 4604 est,
1328 4534 1374 4590 vel
1396 4532 1467 4589 unda
1491 4533 1594 4590 dictum
1622 4537 1757 4590 astillat

960 4624 1022 4697 quis
1041 4626 1094 4680 boo
1107 4639 1207 4679 nomen
1229 4622 1357 4694 imposuit
1375 4622 1452 4676 Deo?
1476 4620 1598 4677 luleriori
1622 4621 1705 4691 enim,
1721 4623 1755 4677 ab

960 4729 993 4770 eo
1007 4713 1053 4785 εει
1077 4727 1160 4783 supra
1173 4712 1263 4782 ipsum
1284 4719 1337 4778 ast,
1348 4711 1416 4766 solet
1431 4709 1536 4781 imponi
1559 4725 1667 4765 nomen.
1685 4710 1757 4780 Quid

959 4815 1026 4875 ergo
1040 4807 1091 4869 est,
1107 4799 1179 4869 quod
1203 4814 1309 4854 summa
1327 4799 1374 4854 illa
1397 4798 1525 4868 majestas
1537 4805 1594 4853 tam
1617 4800 1753 4854 communi

959 4906 1010 4945 usu
1022 4897 1047 4945 at
1061 4887 1184 4960 generali
1197 4888 1318 4946 omnium
1333 4886 1467 4943 sententia
1483 4886 1518 4941 ab
1531 4885 1657 4942 omnibus
1670 4903 1752 4960 pror·

959 4995 1005 5036 sus
1021 4977 1176 5034 hominibus
1189 4975 1287 5034 dicitur
1302 4977 1400 5032 Deus?

994 5077 1052 5133 Vox
1068 5075 1193 5148 quaedam
1207 5082 1248 5130 cst
1269 5074 1401 5129 naturalis
1419 5073 1448 5128 in
1462 5075 1571 5131 bomine
1588 5072 1702 5137 timoris,
1717 5071 1752 5127 ad

958 5180 1092 5222 summam
1108 5164 1252 5220 essentiam
1267 5179 1321 5233 qua
1334 5170 1471 5234 utcunque
1486 5163 1521 5218 de
1534 5178 1567 5218 ea
1580 5161 1672 5228 edicit,
1681 5159 1755 5231 quad

958 5261 1100 5332 sit,rolens
1109 5276 1160 5315 nec
1167 5259 1262 5314 valens
1273 5258 1456 5328 edicere,quid
1467 5259 1584 5316 sitNarn
1595 5266 1647 5314 eta
1658 5256 1755 5314 Graeco

958 5361 1030 5435 quod
1054 5360 1150 5415 dicitur
1167 5358 1232 5433 θεὸς,
1246 5357 1319 5428 quod
1338 5358 1463 5414 timorem
1488 5357 1631 5431 significat,
1657 5357 1755 5414 dicitur

957 5461 1041 5517 Deus.
1069 5456 1208 5531 Significat
1230 5464 1321 5514 autem
1342 5457 1502 5523 naturalem,
1521 5464 1551 5511 ut
1575 5457 1676 5512 dictum
1701 5464 1753 5525 est,

956 5559 1083 5616 timorem
1097 5555 1221 5616 bominis
1239 5555 1273 5611 ad
1288 5569 1423 5611 summam
1436 5553 1597 5626 essentiam,
1613 5567 1715 5611 nemen
1728 5549 1755 5606 ει
