3728 6000
98 225 148 280 did
599 226 786 291 Gatttnttss
807 229 954 287 dlleTlS
973 229 1001 285 S.
1023 226 1239 285 Tnssonontct
1692 220 1744 279 544

98 364 152 406 non
168 350 340 418 fraudamus;
356 356 406 410 sed
418 371 467 412 nec
478 366 659 428 raptoresnec
669 358 890 431 lmudantespati
905 355 934 418 A
947 354 1041 413 'scibile
1055 355 1089 411 ad
1100 354 1266 425 habendum,
1281 352 1442 410 delectabile
1457 351 1491 406 ad
1503 349 1657 405 fruendum.
1671 346 1745 402 Facit

98 453 254 509 possumus,
271 457 323 497 non
340 450 447 514 tempus
462 445 605 514 redimere,
621 456 651 501 ut
668 448 816 520 quidquam
832 463 893 520 per·
946 444 1100 500 instabilem
1114 460 1193 500 amor
1207 443 1322 510 stabilis,
1338 441 1468 497 mobilem
1481 439 1598 495 intentio
1612 435 1744 492 immobi-

97 525 202 593 demus,
219 538 247 583 ut
268 538 388 586 nostrum
414 535 553 605 negotium
577 544 701 607 agentes,
718 553 815 608 panem
840 552 891 591 no·
947 531 991 598 lis,
1008 533 1163 589 mutabilem
1179 531 1294 589 allectus
1318 528 1504 586 immutabilis.
1521 527 1596 582 Libet
1621 539 1745 594 quserere

58 642 63 655 ι
98 622 183 670 strum
199 632 260 671 carm
275 617 383 675 silentio
399 621 602 677 manducemus.
619 625 650 678 ln
675 624 894 695 concupiscentie
946 621 1100 692 ubicunque
1114 622 1296 677 inveniendus
1320 628 1462 691 speratur:
1480 615 1524 687 qui
1549 626 1744 685 nunnunquam

96 703 188 759 saeeuli
202 705 315 761 obnoxii
330 723 423 762 sunaus
438 710 592 766 bominibus
603 713 707 779 saecu'i,
719 713 893 783 peccantibus

99 790 249 856 adulantes,
265 810 318 850 non
333 795 418 866 ipsos¹
435 798 486 852 sed
500 814 562 868 quae
584 800 703 870 ipsorum
729 809 799 866 strat,
816 817 892 871 quae·

98 882 895 961 rentesNonneistaesuntlataeplateaesaeculi,quibusitur

99 965 126 1021 in
141 977 255 1025 mortem
264 972 278 1024 ⁶?
287 971 436 1028 Nonneisti
446 985 508 1030 sunt
520 977 570 1031 vici
582 977 682 1042 saeeuli,
695 979 762 1033 uarii
771 977 891 1049 quidem.

99 1054 148 1110 sed
170 1063 260 1112 umen
283 1061 432 1116 seeundum
456 1064 584 1119 saeculum
607 1065 681 1120 modi
714 1066 850 1120 uiuendi?
864 1065 892 1121 Si

97 1157 165 1199 sane
188 1160 356 1216 saperemus,
372 1150 529 1207 timeremus
551 1153 627 1220 illud,
644 1155 716 1225 quod
739 1154 804 1210 dicit
824 1171 894 1209 unus

97 1231 133 1287 de
157 1231 224 1287 nibil
251 1235 423 1307 habentibus,
446 1249 473 1295 et
500 1242 590 1296 omnia
612 1243 822 1312 possidentibus,
846 1257 893 1296 aas

947 711 1062 767 inveniri
1078 711 1156 778 solet,
1173 711 1253 765 etiam
1264 710 1311 763 ubi
1327 724 1381 763 non
1395 702 1743 778 speratur.lnvenitautcrn

946 799 1056 869 aliquod
1072 798 1336 870 Sponsiuestigium,
1345 796 1498 866 ubicunque
1508 801 1534 849 ει
1544 792 1571 846 in
1583 805 1744 863 quocunque

946 888 1053 943 invenit
1065 887 1173 958 aliquod
1188 887 1294 943 virtutis
1309 884 1449 949 indicium,
1459 878 1744 952 exemplumpietatie,

946 975 1086 1047 speculum
1101 974 1273 1048 integritatis,
1297 972 1438 1046 religionis
1457 971 1584 1026 ardorem
1611 976 1639 1023 ει
1664 981 1745 1022 amo·

947 1081 1003 1119 rem
1017 1063 1147 1135 puritatis.
1169 1086 1180 1111 ι
1196 1062 1283 1132 Quem
1299 1061 1387 1134 diligit
1407 1060 1496 1114 anima
1511 1073 1583 1113 mea.
1600 1079 1613 1107 ιι
1643 1058 1745 1110 lterum

947 1153 1096 1220 etiterum,
1112 1168 1145 1208 ac
1158 1151 1261 1223 jugiter
1274 1150 1357 1205 beata
1370 1149 1474 1215 anime,
1490 1147 1533 1203 cui
1548 1146 1581 1201 ad
1597 1143 1744 1201 Dominum
1782 1149 1787 1157 ·

947 1243 1032 1297 Deum
1052 1256 1129 1295 suum
1146 1241 1249 1311 jugiter
1267 1239 1295 1293 iu
1324 1237 1500 1301 conscientia,
1520 1234 1617 1292 erebro
1645 1241 1688 1289 est
1714 1232 1744 1287 ia

97 1317 238 1376 electionis
257 1326 399 1394 apostolus
422 1329 521 1385 Paulus
538 1349 544 1385 ε
574 1353 585 1379 ι
602 1329 656 1399 Qui
677 1330 779 1399 volunt,
795 1330 891 1401 inquit,
945 1329 1048 1403 lingua,
1067 1351 1078 1377 ιι
1095 1345 1175 1400 quem
1191 1327 1279 1401 diligit
1292 1327 1383 1382 anima
1398 1341 1472 1381 mea.
1489 1323 1612 1394 Quaesivi
1626 1321 1703 1377 illum
1716 1328 1744 1376 et

96 1405 194 1463 divites
208 1408 276 1476 lieri,
291 1412 413 1470 incidunt
426 1416 453 1471 in
477 1419 641 1473 tentationes
658 1428 686 1474 et
705 1419 817 1491 loqueos
830 1419 892 1473 dia·
946 1434 1000 1474 non
1015 1417 1115 1472 inveni.
1139 1419 1301 1473 invenerunt
1322 1431 1366 1470 me
1387 1414 1495 1487 uigiles,
1517 1412 1562 1485 qui
1590 1409 1746 1466 cudridiont

96 1493 162 1561 boli,
187 1505 215 1553 ει
237 1497 373 1558 desideria
397 1506 482 1560 muita
505 1512 533 1561 et
555 1507 661 1570 nociva,
682 1523 744 1578 quae
766 1513 893 1579 mergunt
945 1506 1093 1562 civitatem.
1108 1506 1179 1559 Num
1203 1520 1284 1576 quem
1309 1503 1400 1574 diligit
1424 1503 1515 1558 anime
1539 1515 1599 1556 mea
1613 1497 1744 1556 vidistis‘l

95 1583 219 1642 homines
241 1587 267 1642 in
292 1589 428 1647 interitum
451 1593 630 1649 damnationis
655 1596 677 1665 (l
702 1597 775 1652 Tim.
803 1598 856 1664 vt).
879 1617 890 1643 ιι
946 1594 1085 1649 Paululum
1100 1608 1159 1648 cum
1175 1591 1377 1664 pertransissem
1402 1605 1461 1654 eos,
1477 1589 1568 1644 inueni
1593 1603 1675 1660 quern
1698 1585 1744 1641 di-

96 1669 200 1729 Etenim
212 1692 376 1749 quacunque
389 1682 542 1748 censione,
554 1683 604 1738 sud
619 1698 782 1755 quacunque
800 1683 891 1751 speeie
905 1707 931 1768 Β
946 1680 1007 1755 ligit
1021 1683 1113 1736 anima
1127 1695 1198 1736 mea.
1217 1703 1229 1730 ι
1243 1678 1383 1735 Paululum
1393 1679 1427 1734 ad
1438 1677 1577 1748 superiora
1588 1675 1744 1745 redeamus,

94 1759 223 1833 subrepet
232 1766 356 1835 avaritia,
365 1790 376 1815 ι
386 1769 462 1824 radix
473 1792 485 1818 ιι
495 1787 604 1843 semper
611 1780 652 1826 est
663 1794 674 1825 ι
686 1772 893 1828 omniumnarlo·
949 1777 979 1825 ut
992 1769 1147 1825 historicum
1160 1784 1269 1824 sensum
1284 1775 1312 1824 et
1325 1768 1449 1824 orliaem
1472 1765 1601 1822 dramatis
1614 1763 1745 1834 inspicia-

94 1861 154 1903 runt
169 1851 277 1924 (adid.):
298 1865 345 1911 net
361 1857 516 1930 quicunque
527 1869 656 1931 appetunt
667 1877 740 1930 eam,
752 1883 764 1907 ι
776 1862 896 1917 inserunt
949 1875 1018 1914 mus.
1035 1860 1094 1913 lam
1112 1858 1221 1928 quidem
1250 1858 1372 1930 Sponsrrs
1390 1856 1427 1911 ad
1455 1856 1591 1927 Sponsam
1619 1851 1743 1918 veniens,

97 1951 129 1992 se
143 1936 283 1997 doloribus
298 1944 389 2000 multis
403 1946 495 2017 (ibid.)
513 1968 525 1999 a
543 1920 700 2005 Sedtamer‘r
709 1950 735 2004 in
746 1957 819 2005 tanta
829 1949 897 2003 mul·
950 1946 1049 2002 saliens
1063 1947 1089 2001 in
1112 1946 1252 2002 montibus
1267 1953 1293 2001 et
1317 1945 1473 2001 transiliens
1493 1942 1588 2011 colles,
1607 1940 1746 2012 aspiciens

96 2023 211 2082 titudine
225 2029 336 2087 divitum
358 2035 572 2104 periclitantium
598 2046 626 2094 ot
651 2038 796 2094 ridentium
817 2038 895 2093 inue-
950 2052 999 2107 per
1022 2035 1163 2100 fenestras,
1180 2035 1350 2106 prospiciens
1375 2048 1424 2104 per
1446 2031 1592 2097 cancellos,
1608 2029 1694 2102 ipsam
1719 2028 1749 2083 in

95 2111 172 2170 nitur
196 2133 389 2194 nonnunquam
416 2141 520 2196 pauper
549 2126 646 2197 spiritu
670 2128 752 2182 honio
778 2126 837 2194 Dei,
853 2125 898 2181 cui
949 2123 1140 2181 lectuliotioso
1157 2123 1277 2195 negotio,
1293 2123 1350 2178 sive
1365 2122 1506 2195 negotioso
1521 2118 1748 2186 otiolerientem,

97 2205 175 2274 quasi
195 2205 229 2263 de
246 2209 430 2266 tumultuantis
454 2214 657 2284 perturbatione
681 2215 764 2269 maris
787 2219 895 2285 erepto,

98 2304 248 2366 secumque
264 2297 289 2350 in
306 2306 384 2367 portu
399 2300 590 2370 placidissimae
612 2312 692 2374 atque
716 2303 897 2373 pacatissimae

97 2378 234 2436 eharitatis
248 2400 372 2440 seorsum
387 2389 540 2456 constituto,
552 2391 625 2446 dicet
647 2392 718 2447 idem
733 2392 877 2463 Apostolus
892 2407 898 2447 :

100 2469 207 2524 scerta
230 2471 329 2528 bonum
352 2485 489 2533 certamen
512 2477 596 2548 fidei3
612 2481 789 2551 apprehenda
811 2481 896 2537 ritem

97 2564 226 2613 aternam
243 2561 343 2631 (idid).
362 2564 641 2639 aQriaeeunqueenim
652 2585 732 2637 supra
742 2570 813 2625 dicta
823 2578 894 2638 suut,

98 2642 182 2703 horno
197 2648 246 2703 Dei
259 2651 415 2724 quicunque
424 2654 471 2710 ille
480 2663 531 2722 εει,
542 2655 610 2728 fugit
623 2664 650 2711 et
661 2656 764 2728 elingit,
775 2657 894 2714 laborem

96 2733 203 2791 sortiter
217 2753 360 2806 exercens,
376 2757 486 2798 omnem
503 2760 568 2799 vero
592 2745 804 2801 sollicitudinem
818 2763 895 2802 suam

950 2228 1000 2268 nec
1014 2212 1064 2266 nisi
1080 2228 1140 2282 quae
1154 2210 1247 2268 lectuli
1262 2219 1325 2266 sunt
1348 2217 1475 2283 agentem
1501 2209 1543 2263 vel
1566 2207 1745 2279 cogitantem,

950 2301 1117 2357 excitaverat
1129 2298 1213 2354 semel
1229 2307 1255 2354 et
1279 2299 1391 2364 iterum,
1407 2312 1439 2354 ae
1463 2296 1552 2363 tertio,
1567 2294 1602 2351 ad
1627 2310 1750 2367 surgen·

950 2388 1025 2453 diam,
1042 2387 1075 2442 ad
1100 2385 1311 2457 properandum,
1334 2385 1369 2439 ad
1390 2383 1565 2448 veniendum,
1581 2383 1748 2437 invitaverat

950 2477 985 2532 ad
1000 2475 1102 2531 artioris
1120 2476 1159 2531 sui
1181 2474 1331 2531 occultiora
1351 2473 1486 2545 mysteria,
1503 2473 1538 2527 ad
1562 2472 1663 2527 laniem
1685 2470 1748 2542 ple-

949 2565 1033 2620 nioris
1048 2564 1160 2619 visionis
1176 2580 1241 2631 suae,
1257 2563 1292 2619 ad
1306 2563 1426 2618 studium
1441 2560 1637 2616 manifestioris
1649 2558 1749 2632 cogni-

950 2653 1031 2707 tionis
1046 2669 1111 2718 suae,
1127 2653 1161 2707 ad
1177 2652 1273 2708 altiora
1288 2651 1398 2722 praemia
1417 2649 1592 2706 beatitudinis
1618 2652 1747 2715 aeternae3

949 2740 1049 2795 deinde
1064 2756 1130 2796 vero
1145 2741 1253 2804 abiona,
1270 2750 1296 2795 et
1310 2740 1337 2794 in
1348 2747 1482 2796 secretum
1494 2755 1523 2793 se
1534 2736 1683 2792 divinitatis
1692 2751 1749 2791 suae

98 2823 126 2877 in
141 2824 227 2880 Deum
252 2829 402 2898 projiciens
416 2846 423 2900 ;
438 2847 540 2889 carens
564 2833 768 2906 negligentiam,
783 2834 811 2889 in
837 2835 895 2890 Deo
947 2829 1094 2898 recipiens,
1111 2829 1333 2900 abscondensque
1347 2828 1381 2883 ab
1396 2843 1430 2883 ea
1448 2826 1657 2883 desiderabilem
1672 2825 1750 2880 illum

98 2910 202 2968 habens
216 2913 353 2983 fiduciam,
365 2918 444 2990 eique
458 2922 584 2990 placendi
593 2921 698 2976 tirmam
709 2938 817 2994 seraper
826 2924 894 2979 reti·
949 2917 1054 2972 uultum
1070 2934 1159 2986 suum,
1176 2919 1204 2971 1¹¹
1221 2933 1301 2987 (luem
1318 2933 1371 2972 ⁰0¹1
1388 2915 1476 2973 ⁵⁰¹¹¹m
1500 2913 1592 2987 anss‘ffi
1608 2913 1636 2969 5¹¹
1657 2912 1747 2981 ωῑῆθι

98 3014 167 3055 nens
186 3005 436 3076 concupiscentiam
451 3023 457 3077 ;
475 3008 574 3065 bonam
597 3011 700 3066 habens
724 3011 891 3067 voluntatem
949 3006 997 3060 sed
1012 3014 1039 3061 et
1053 3006 1186 3078 angelica>
1201 3005 1291 3061 aemnli
1306 3004 1618 3077 perfectionisbotnines
1632 3001 1750 3057 interris

98 3088 226 3147 omnibus
239 3095 427 3164 concurrendi,
444 3098 577 3154 sinevitio
590 3100 813 3170 concupiscendi,
829 3117 891 3155 cum
947 3095 1101 3165 prospicere
1116 3095 1329 3164 concupiscunt:
1344 3101 1474 3165 posuerat
1490 3092 1618 3148 tenebras
1641 3089 1748 3146 latibu-

98 3175 190 3236 l⁸b⁰te
204 3179 295 3253 siquid
309 3191 396 3253 potest
409 3186 542 3256 parando,
559 3187 649 3260 siquid
674 3189 812 3259 paraverit
826 3206 892 3259 pru·
946 3187 1001 3237 lum
1017 3198 1106 3236 suum.
1120 3183 1268 3238 Delicatius
1284 3183 1383 3254 quippe
1397 3182 1526 3249 habitam,
1542 3188 1569 3235 et
1595 3180 1621 3234 in
1640 3177 1748 3234 deliciis

99 3265 196 3323 denter
222 3284 254 3326 ac
283 3270 401 3344 benigne
428 3274 626 3345 dispensando,
640 3275 739 3348 ubique
763 3276 892 3333 effectum
946 3270 1209 3343 gnriaenuuitam
1226 3272 1355 3343 gratuitae
1382 3269 1481 3341 Sponsi
1506 3268 1680 3323 visitationes
1701 3266 1748 3337 pi-

96 3353 229 3430 diligendi
241 3373 391 3428 pmvocans
406 3368 431 3417 et
446 3367 589 3434 appetens,
606 3364 755 3435 appetitum
766 3365 893 3436 placendi

98 3456 244 3501 exsecrans
262 3455 288 3502 et
301 3448 417 3520 lugiens.
433 3449 541 3523 lleligio
555 3450 627 3506 enim
652 3452 680 3505 in
708 3467 760 3523 qua
780 3452 895 3508 avaritia

97 3529 263 3598 dominatur,
293 3536 387 3605 plateae
414 3546 475 3592 sunt
504 3539 532 3592 in
566 3539 717 3596 Jerusalem
749 3540 834 3611 Syriae
868 3549 895 3596 et

98 3618 223 3676 Damasci
248 3622 295 3690 (lll
318 3626 380 3696 llep.
396 3626 459 3696 xu);
475 3634 502 3682 et
525 3627 577 3683 vici
601 3627 629 3681 in
653 3627 753 3698 quibus
773 3628 896 3699 Sponsus

99 3720 156 3762 non
170 3718 314 3767 invenitur.

137 3816 149 3844 ιι
166 3796 216 3851 Per
229 3795 303 3852 vicos
317 3802 344 3853 ct
358 3799 462 3870 plateas
476 3801 587 3870 quaeaivi
603 3803 654 3868 ol„
672 3818 790 3874 quaeram
814 3820 895 3874 quem

97 3881 187 3956 diligit
209 3884 299 3940 aniana
328 3903 398 3943 mea.
416 3911 428 3936 ι
459 3887 594 3957 Quidnam
610 3892 662 3946 boe
676 3891 741 3947 est?
767 3893 896 3962 Nunquid

99 3969 220 4042 Sponsus
234 3973 261 4027 iu
277 3974 385 4044 publico
400 3979 465 4031 est‘l
475 3976 603 4046 Nunquid
618 3977 645 4031 in
661 3978 756 4047 plateis
771 3980 895 4036 etaicis‘?

97 4057 152 4114 Sed
166 4072 243 4114 amor
257 4060 401 4131 impatiens
415 4063 515 4134 ubique
527 4071 604 4134 putat
616 4081 678 4120 esse
702 4068 893 4136 quaerendum,

98 4161 232 4217 nusquam
246 4163 308 4204 eum
323 4150 440 4209 inueniri
461 4151 587 4217 voluerit,
606 4168 660 4208 non
683 4153 890 4209 inveniendum.

102 4233 228 4303 «Quem,
246 4260 258 4286 ι
276 4238 372 4310 inquit,
390 4262 401 4287 ι
418 4239 507 4313 diligit
532 4240 624 4296 anima
645 4257 714 4297 men.
736 4265 747 4291 ι
765 4244 821 4298 Cur
841 4259 896 4299 non

947 3359 1068 3433 griorem
1084 3357 1237 3424 effecerant,
1253 3367 1277 3413 ει
1293 3355 1748 3429 remissamaspiritualibnsexer·

946 3447 1028 3516 uitiis,
1043 3448 1108 3502 solis
1122 3447 1290 3503 orationibus
1304 3447 1433 3516 deditam,
1443 3455 1470 3502 et
1480 3445 1669 3516 spiritualibus
1681 3442 1747 3499 otiis

947 3551 980 3592 ae
992 3534 1221 3603 meditationibus,
1238 3551 1289 3591 nec
1304 3535 1357 3590 alia
1370 3542 1509 3591 curantem
1528 3548 1535 3589 ε
1552 3532 1747 3605 propterquod

947 3640 998 3680 nec
1012 3632 1107 3680 vocate
1119 3625 1256 3686 sorrentu
1273 3640 1323 3679 nec
1335 3624 1499 3694 properauit,
1516 3638 1567 3678 nec
1589 3620 1679 3684 uenit3
1696 3620 1748 3676 sed

947 3712 1035 3784 ipsum
1059 3711 1093 3766 ad
1115 3728 1144 3767 ae
1168 3711 1291 3767 crebrius
1314 3711 1418 3767 reverti
1438 3712 1608 3782 deprecatur,
1624 3709 1745 3765 dicens:

949 3824 960 3850 ι
978 3802 1132 3867 llevertere,
1149 3799 1245 3855 similis
1260 3802 1318 3855 esto
1332 3815 1440 3870 caprea
1454 3799 1621 3870 hinnuloque
1644 3812 1746 3852 cervo-

948 3905 1016 3944 mm.
1034 3911 1046 3936 ι
1064 3889 1097 3943 Ει
1111 3902 1172 3944 cum
1186 3903 1241 3943 non
1255 3889 1403 3944 revertitur
1414 3887 1449 3942 ad
1462 3897 1551 3942 votum
1562 3885 1746 3957 deprecantis,

948 3977 1023 4048 quasi
1038 3994 1054 4032 a
1068 3977 1182 4042 deliciis,
1199 3976 1319 4032 aealore
1332 3975 1423 4032 lectuli
1438 3975 1539 4046 pedem
1564 3973 1675 4031 tendere
1691 3988 1746 4027 tion

948 4067 1051 4129 valens,
1067 4070 1161 4120 verset
1175 4080 1233 4120 sen
1248 4066 1333 4119 latere
1348 4064 1374 4118 in
1390 4064 1471 4130 latus,
1483 4064 1542 4118 sine
1561 4063 1654 4118 labore
1669 4060 1748 4131 spiri·

949 4154 1029 4209 tualis
1044 4153 1163 4209 exercitii
1177 4160 1305 4208 consueta
1319 4153 1413 4208 oscula
1437 4160 1464 4208 et
1484 4160 1630 4208 consuetos
1651 4148 1747 4221 requi-

949 4257 1012 4295 rens
1039 4242 1191 4312 amplexus,
1216 4240 1275 4295 sine
1302 4239 1450 4311 grauedine
1477 4238 1620 4293 exterioris
1648 4238 1749 4293 laboris

99 4325 187 4396 magis
201 4325 336 4397 spiritus?
350 4327 420 4397 Quia
435 4344 487 4384 non
503 4328 580 4400 prius
594 4330 667 4401 quod
681 4329 829 4402 spirituale,
845 4332 893 4387 sed
945 4329 1050 4399 jugiter
1065 4329 1276 4383 inventuramse
1290 4327 1327 4381 ibi
1334 4324 1475 4383 conlidens
1483 4326 1598 4398 gratiam
1608 4333 1748 4381 consueta
1825 4358 1827 4362 -

97 4412 169 4484 quod
183 4414 301 4471 animale
314 4423 365 4483 est,
378 4416 476 4473 deinde
490 4418 562 4489 quod
585 4418 737 4490 spirituale.
755 4420 808 4475 Per
830 4420 893 4474 ani·
907 4393 934 4455 D
947 4417 1148 4473 delectationis.
1168 4415 1305 4471 Tardante
1321 4431 1385 4471 vero
1401 4415 1508 4485 Sponsa
1530 4415 1614 4469 sensit
1634 4413 1746 4470 tandem

98 4515 170 4556 mem
193 4518 254 4574 quae
278 4502 409 4569 vivificat,
435 4504 489 4560 uita
515 4505 684 4578 intelligitur,
710 4521 743 4562 eo
764 4507 893 4576 loquendi

96 4605 210 4662 genere,
226 4606 281 4661 quo
296 4607 346 4663 per
360 4591 477 4648 efficiens
491 4591 615 4650 effectum
633 4594 804 4666 intelligitur.
826 4595 893 4663 Ejus

96 4692 163 4751 ergo
183 4679 274 4735 anima
297 4680 387 4753 diligit
400 4689 426 4736 et
449 4683 546 4753 quaerit
566 4682 714 4752 Sponsum,
739 4682 782 4739 cui
801 4683 893 4738 rivere

98 4765 222 4822 Christus
235 4775 286 4835 est,
301 4768 328 4823 in
343 4770 419 4839 cujus
437 4769 491 4824 uita
510 4770 632 4825 Christus
646 4769 834 4842 glorificatur,
849 4771 893 4826 cui

10 4926 12 4931 s
97 4854 181 4910 seruit
195 4856 324 4927 quidquid
340 4857 367 4913 in
383 4857 443 4927 ipso
457 4865 497 4912 est
511 4872 544 4913 aa
559 4857 643 4922 vivit;
658 4857 701 4914 cui
716 4859 751 4913 ad
766 4860 816 4914 hoe
832 4866 893 4914 tan·

99 4950 155 4998 turn
170 4944 262 4999 vivere
276 4944 351 5010 libet,
368 4953 394 5000 ut
410 4945 461 5016 ipsi
484 4946 586 5001 seruiat
606 4953 691 5001 totum
716 4947 788 5017 quod
812 4947 889 5002 vivit.

102 5052 114 5078 ι
131 5029 250 5101 Quaesiui
266 5031 315 5105 [ol.
331 5033 471 5105 quoemml.
487 5055 499 5081 ιι
516 5049 593 5107 ergo,
609 5034 656 5100 ait,
675 5050 779 5106 squam
805 5035 895 5109 diligit

99 5121 188 5176 anima
199 5136 270 5177 mea.
289 5145 300 5171 ι
317 5121 447 5191 Elapsum
461 5120 556 5177 dolens
571 5138 650 5194 quem
667 5123 784 5188 tenebat,
799 5124 895 5179 circuit

98 5217 199 5285 omnia,
215 5233 324 5274 omnem
343 5218 443 5283 locum,
460 5234 541 5275 omne
555 5219 684 5288 studium,
699 5235 781 5276 omne
799 5220 896 5277 homi-

99 5329 163 5368 num
189 5330 286 5387 genus,
303 5330 412 5371 omnem
434 5314 543 5373 vivendi
568 5317 693 5372 modum.
719 5317 838 5373 Nauseat
861 5319 895 5373 ud

101 5426 182 5483 omne
203 5412 347 5484 pulchrum
370 5414 439 5481 visu,
454 5430 580 5486 saporum
598 5422 690 5487 gustu,
706 5429 834 5472 sonorum
850 5430 897 5473 au.

10 5596 14 5603 Ι
103 5506 169 5576 dito,
187 5506 315 5585 lragrans
333 5510 458 5577 odoratu,
473 5510 619 5568 blandiens
640 5519 750 5581 attactu,
762 5513 895 5586 concupi·
914 5574 917 5581 ,

948 4505 1113 4578 surgendum
1127 4505 1178 4560 sibi
1190 4521 1262 4569 esse,
1272 4504 1441 4559 commodius
1451 4503 1506 4559 lore
1514 4502 1641 4573 judicans
1650 4503 1746 4576 egredi

947 4595 982 4650 ad
997 4593 1138 4664 imperium
1154 4593 1264 4665 Sponsi,
1280 4608 1360 4664 quam
1375 4592 1463 4648 solam
1477 4591 1504 4646 in
1520 4591 1621 4647 lectulo
1631 4591 1678 4646 otii
1693 4592 1746 4656 sui,

946 4698 1002 4737 non
1016 4687 1072 4737 um
1087 4683 1200 4738 absente
1221 4682 1334 4752 Sponsa
1356 4696 1479 4751 pausare,
1496 4695 1577 4751 quam
1603 4680 1742 4751 pigritari.

948 4770 1071 4842 Denique
1084 4770 1168 4826 otium
1184 4769 1243 4824 sine
1258 4770 1328 4840 ipso,
1346 4767 1434 4839 magis
1448 4769 1616 4838 sepulturam
1632 4768 1748 4823 viventis

948 4858 1102 4923 arbitratur,
1119 4873 1200 4928 qaam
1216 4856 1347 4928 requiem.
1367 4879 1378 4905 ι
1395 4855 1516 4926 Surgam
1534 4878 1545 4904 ι
1562 4854 1745 4926 ergo,inquit,

951 4953 1005 5002 ιει
1028 4946 1150 5002 circuibo
1172 4945 1329 5012 ciuitatem
1348 4960 1398 5015 per
1420 4944 1496 4999 vicos
1520 4951 1547 4998 et
1570 4959 1618 5013 per
1640 4942 1747 5014 plateas

948 5051 1070 5108 quaeram
1085 5051 1167 5106 quem
1183 5033 1278 5088 dilexit
1288 5033 1380 5088 anima
1390 5047 1463 5088 mea.
1480 5054 1491 5080 ιι
1504 5030 1583 5100 Quod
1590 5039 1632 5086 est
1641 5031 1746 5088 dicere.

949 5124 1078 5193 Quaeram
1096 5122 1327 5193 opportunitatem
1343 5120 1463 5176 exterius
1475 5119 1556 5175 bonae
1577 5118 1703 5184 actionis,
1720 5119 1748 5175 in

949 5219 1081 5275 auxilium
1096 5218 1209 5274 internae
1224 5216 1469 5288 contemplationis.
1488 5214 1654 5284 «Quaeram,
1673 5240 1685 5266 ι
1703 5215 1749 5272 in·

950 5316 1017 5387 quit,
1031 5339 1042 5364 ι
1059 5331 1139 5385 quem
1153 5315 1247 5371 dilexit
1261 5315 1353 5370 anime
1367 5329 1438 5369 mea.
1456 5333 1467 5364 ι
1484 5313 1598 5369 veriora
1622 5314 1697 5368 enirn
1708 5315 1750 5372 sic

950 5413 1052 5470 babent
1083 5411 1259 5482 exemplaria.
1288 5410 1440 5482 -Quem,a
1469 5409 1565 5482 inquit,
1583 5409 1712 5466 udilexit.
1734 5434 1747 5461 ι

953 5511 1064 5569 Videtur
1076 5510 1149 5566 enirn
1165 5509 1220 5566 sibi
1243 5510 1348 5582 Sponsa
1368 5510 1426 5581 jam
1450 5508 1531 5582 quasi
1553 5524 1607 5566 non
1631 5508 1748 5583 diligere
