3728 6000
522 197 650 259 TRACT.
670 201 716 258 DE
736 200 969 261 reflectente
989 203 1020 260 S.
1040 198 1208 262 Patulcii.
1662 208 1717 272 998

88 332 142 387 est.
164 328 371 400 Sequebantur
385 328 539 402 praedicta,
558 328 715 401 utriusque
730 343 828 393 sexus,
846 331 870 384 Α
886 329 1032 398 nantium,
1045 329 1153 401 singuli
1169 348 1237 389 vero
1256 333 1294 390 de
1317 334 1440 407 propria
1454 334 1589 394 felicitate
1604 341 1714 408 gaude-

82 434 130 475 ,aar
140 417 248 487 oetatis,
257 421 286 474 et
298 417 388 474 unius
399 419 546 491 cujusque
555 416 669 473 ordinis
677 417 828 473 homines:
884 415 967 483 bunt,
980 419 1031 474 sed
1046 424 1073 474 et
1083 419 1120 475 de
1129 418 1255 477 eliorum
1268 423 1378 492 gaudio
1391 424 1499 487 singuli
1513 427 1712 486 exsultabant.

82 509 165 581 quasi
190 507 417 580 archiepiscopi,
437 507 486 563 aiii
510 513 543 562 ut
560 507 703 580 episcopi,
722 505 771 563 alii
799 509 832 562 ut
886 506 996 563 Omnes
1013 524 1081 564 vero
1097 509 1150 580 qui
1168 510 1290 567 militem
1305 512 1508 580 intuebantur,
1525 515 1562 571 de
1578 516 1643 587 ejus
1658 518 1713 575 ad·
1807 543 1810 549 ·

82 603 141 663 tes,
158 596 309 660 monachi,
325 596 474 662 canonici,
489 596 665 669 presbyteri,
682 612 717 652 ac
731 596 832 666 singu·
885 599 975 651 ventu
990 596 1149 653 ltominum
1162 598 1391 669 benedicebant,
1407 607 1435 658 et
1450 603 1487 658 de
1498 604 1563 675 ejus
1576 606 1714 663 adaemo-

82 704 102 742 ιι
120 686 260 743 Ecclesiae
278 686 428 756 graduum
439 685 577 752 ministri,
594 685 685 741 sacris
696 685 830 742 vestibus
885 683 1389 758 nibuseruptioaecougaudebant:
1403 697 1431 747 et
1443 692 1599 750 ridebatur
1610 695 1662 762 ibi,
1674 697 1712 753 de
1784 702 1786 707 '

82 777 170 833 >rdini
183 775 419 847 congruentibus
434 774 539 831 induti.
555 776 665 832 Omnes
678 791 750 833 vero
768 781 829 832 tam
884 770 979 843 ipsius
993 773 1359 847 adventuquodammodo
1369 781 1545 852 quasiuova
1555 783 1713 841 exsultatio

82 865 111 935 ri,
126 875 219 938 quam
232 865 309 933 laici,
323 865 431 922 eadem
441 864 538 921 lorma
553 864 681 920 vestium
696 864 736 920 ibi
752 864 832 921 vide·
884 860 1031 920 fieri.Non
1042 870 1230 930 aestum,non
1240 866 1334 938 frigus
1343 868 1384 924 ibi
1392 871 1547 938 sentiebat,
1559 890 1614 930 nec
1628 875 1712 947 quod

82 970 115 1010 ur
137 955 246 1020 amicti,
264 955 293 1010 in
312 970 373 1026 qua
394 957 453 1011 lieo
474 955 639 1010 servierunt
656 955 687 1009 in
709 954 830 1010 saeculo.
886 949 947 1007 ullo
971 953 1064 1009 modo
1087 956 1361 1026 possetoffendere,
1386 967 1436 1015 aut
1451 976 1558 1019 nocere
1573 963 1710 1033 videbat;

82 1060 122 1101 ιιιι
132 1059 204 1101 vero
215 1060 321 1101 omnes
333 1060 402 1100 eum
413 1059 526 1114 magua
537 1043 736 1110 veneratione,
746 1048 774 1100 et
782 1043 828 1115 ju·
885 1041 988 1098 omnia
1000 1042 1079 1098 enim
1091 1050 1208 1116 pacate,
1222 1046 1324 1104 omnia
1338 1047 1467 1119 placida,
1483 1051 1585 1107 omnia
1600 1060 1686 1124 grata
1702 1072 1710 1123 ;

84 1133 214 1191 alaetltia
229 1138 435 1206 susceperunt,
448 1149 577 1206 eumque
595 1149 666 1189 cum
685 1137 831 1189 concentu
885 1129 980 1188 multo
990 1131 1199 1203 plurimavidit
1209 1134 1238 1190 in
1249 1135 1298 1192 illa
1310 1138 1422 1209 requie,
1434 1153 1526 1211 quam
1539 1141 1646 1215 aliquis
1656 1144 1710 1201 ho·

82 1223 166 1280 lenire
177 1222 286 1279 eoeculo
300 1222 444 1280 inauditae
457 1223 535 1280 intra
544 1228 663 1295 portam
679 1238 781 1279 secum
792 1222 830 1279 le·
885 1219 1001 1276 minum
1013 1221 1095 1293 loqui
1105 1222 1263 1291 sufficeret,
1276 1226 1473 1284 autscribere.

82 1312 319 1369 rconduxerunt·
919 1312 964 1364 er.
980 1309 1030 1365 llis
1045 1311 1086 1367 ita
1099 1310 1264 1384 completis,
1278 1314 1414 1371 dixerunt
1427 1317 1583 1388 pontifices
1598 1321 1637 1377 ad
1652 1322 1711 1378 mi·

95 1401 189 1458 Finito
204 1403 303 1474 itaque
317 1405 473 1467 concentu,
483 1401 616 1458 etsoluts
626 1402 827 1474 processione,
883 1395 1709 1480 litem:Ecceirater,anxilianteDeo,vidistiquaevidere

82 1489 174 1547 lentes
190 1491 326 1560 seorsim,
340 1491 401 1547 duo
416 1491 497 1548 velut
516 1490 829 1565 archiepiscopimili-
882 1486 1071 1557 desiderasti,
1090 1491 1192 1547 vidisti
1211 1493 1290 1549 enim
1316 1494 1375 1550 huc
1395 1496 1541 1553 veniendo
1560 1504 1710 1559 tormenta

82 1595 106 1637 ,ιι
120 1594 176 1637 suo
191 1579 334 1636 comitatu
345 1586 540 1652 susceperunt
559 1596 723 1652 secumque
736 1581 828 1637 duxe-
881 1583 1084 1652 peccatorum,
1100 1580 1147 1637 hic
1163 1587 1263 1639 autem
1283 1584 1416 1657 requiem
1427 1585 1576 1656 justorum
1592 1605 1598 1645 :
1615 1590 1709 1647 bene-

82 1668 167 1742 quesi
179 1668 427 1741 patriam,etejus
441 1669 646 1725 amoenitatem
660 1669 824 1726 ostensuri:
844 1667 978 1744 gdictus
997 1668 1034 1725 sit
1050 1672 1170 1726 Creator
1189 1676 1217 1726 et
1230 1671 1409 1745 Redemptor
1433 1676 1568 1732 omniurn
1584 1679 1636 1751 qui
1654 1680 1707 1737 tibi

84 1773 136 1815 um
151 1773 187 1815 eo
202 1758 369 1831 loquentes,
381 1758 479 1832 primo
491 1757 707 1814 benedixerunt
721 1760 825 1826 Deum,
882 1757 964 1814 dedit
989 1758 1047 1814 tale
1062 1760 1260 1832 propositum,
1277 1762 1364 1833 cujus
1379 1766 1474 1833 gratia
1491 1781 1544 1838 per
1559 1773 1708 1828 tormenta

82 1853 143 1905 tnta
157 1850 326 1905 constantia
338 1849 369 1904 in
382 1847 546 1917 tormentis,
560 1863 613 1920 per
627 1863 695 1920 ques
711 1848 827 1905 transiit
881 1847 1030 1903 transiens
1048 1855 1218 1906 constanter
1238 1850 1333 1921 egisti.
1357 1855 1439 1908 Nune
1466 1859 1567 1912 autem
1587 1857 1661 1916 scire
1679 1866 1706 1915 te

82 1939 162 1995 rtutit
176 1939 241 2010 ejus
255 1939 389 1996 animam
403 1938 563 1995 roboravit.
577 1939 652 2011 lpsis
668 1938 758 2007 igitur
770 1938 826 1994 mi·
880 1935 1031 2000 volumus,
1053 1953 1121 2008 quse
1136 1936 1194 1993 sint
1206 1936 1256 1994 illa
1274 1954 1341 2010 quse
1367 1940 1466 1998 vidisti
1487 1947 1707 2003 tormentorum

99 2042 154 2099 per
172 2042 293 2084 amoena
317 2029 420 2100 patriae
441 2026 689 2093 conducentibus,
709 2028 768 2084 huo
792 2027 824 2085 il·
879 2022 954 2090 loca,
971 2026 1063 2081 sedet
1078 2042 1147 2099 quae
1161 2027 1220 2083 ista
1235 2033 1324 2084 tantae
1340 2029 1651 2105 beatitudinispatria.

81 2131 106 2172 te
116 2119 318 2189 pertransiens
329 2116 422 2174 multo
433 2117 622 2189 pluraquam
635 2117 698 2189 ipse
709 2117 825 2174 autali-
915 2118 960 2170 58.
977 2115 1073 2171 Patria
1093 2115 1150 2172 ista
1174 2117 1317 2172 terrestris
1337 2124 1383 2175 est
1400 2119 1573 2191 paradisus,
1587 2123 1625 2180 de
1644 2140 1707 2198 qua

82 2205 227 2263 lominum
240 2205 715 2279 peritissimuslinguavelcalemo
724 2211 824 2279 posset
878 2202 1215 2275 propterincbedienttse
1226 2204 1345 2277 cuipam
1354 2207 1466 2278 ejectus
1477 2213 1522 2264 est
1534 2210 1629 2268 Adam
1640 2228 1706 2286 pro-

82 2296 551 2369 aare,delectabiliajucundaque
562 2297 721 2368 prospexit.
731 2299 824 2355 Tanta
877 2291 1024 2364 toplaslus
1037 2308 1045 2359 ;
1060 2298 1223 2365 postquam
1242 2293 1321 2350 enim
1336 2298 1396 2351 beo
1410 2295 1586 2355 inobediens
1598 2301 1705 2374 subjici

82 2383 156 2442 lucis
170 2392 233 2443 erat
245 2386 294 2442 illa
306 2388 403 2458 patria
415 2384 689 2456 claritatelustreta,
706 2390 738 2441 ut
748 2385 823 2442 sicat
877 2382 1067 2452 contempsit,
1081 2381 1156 2440 ultra
1167 2381 1268 2438 ridere
1279 2399 1347 2455 quae
1368 2385 1464 2453 vides,
1474 2386 1535 2442 imo
1550 2387 1639 2459 longe
1661 2390 1704 2447 in-

82 2475 241 2532 nlucernae
256 2474 822 2547 solisobscuratursplendore,itasolis
877 2470 1119 2543 comparabiliter
1143 2473 1260 2543 majora
1283 2474 1404 2544 gaudia,
1428 2491 1488 2532 non
1515 2479 1622 2550 potuit.
1654 2479 1705 2537 llic

82 2580 115 2622 as
141 2565 309 2621 meridiana
328 2580 415 2638 posse
439 2564 597 2620 ridebatur
620 2564 819 2633 obtenebrari,
876 2559 970 2632 ipsius
985 2561 1035 2617 liei
1048 2560 1254 2618 rerbasedulo
1268 2562 1415 2631 audieret,
1429 2566 1528 2622 cordis
1545 2568 1702 2636 munditia,

82 2652 157 2710 illius
169 2653 271 2726 patriae
286 2654 412 2710 mirabili
428 2653 561 2725 iulgore:
577 2670 637 2711 nox
652 2653 734 2711 illam
744 2669 821 2711 nun·
876 2649 1048 2707 celsitudine
1064 2650 1185 2707 visionis
1207 2652 1381 2718 internecet
1402 2655 1559 2712 beatorum
1583 2658 1705 2728 angelo·

82 2743 260 2810 obnubilat,
274 2743 348 2816 quia
360 2743 503 2816 splendor
513 2759 581 2800 eam
589 2744 742 2817 purissimi
754 2744 820 2800 coeli
875 2754 942 2795 rum
955 2745 1078 2812 aspectu
1100 2740 1212 2813 perirui
1225 2746 1351 2814 poterat·
1368 2742 1436 2809 Sed,
1450 2760 1520 2800 oum
1533 2760 1586 2817 per
1601 2746 1704 2804 inobe-

83 2831 114 2888 ni
124 2830 256 2890 claritate
266 2833 437 2905 perlustrat.
449 2835 517 2888 Erat
529 2839 628 2888 autem
640 2836 701 2889 tota
712 2834 818 2905 patria,
874 2827 1017 2885 dientiam
1027 2830 1297 2888 etantacccidissel
1307 2831 1498 2900 beatitudine,
1507 2832 1610 2891 lumen
1622 2851 1703 2894 men·

86 2925 173 2993 prate
182 2937 303 2979 amoene
315 2930 405 2993 atque
416 2922 550 2990 virentia,
561 2920 819 2978 dirersisfloribus
874 2919 921 2986 tie,
944 2934 1005 2993 quo
1026 2919 1218 2988 lustrabatur,
1239 2921 1349 2985 amisit,
1364 2921 1435 2994 quia
1458 2938 1524 2980 cana
1539 2924 1571 2981 in
1594 2925 1703 2984 bonore
1809 2964 1811 2969 -

82 3011 207 3083 busque,
222 3011 422 3068 herbarumet
432 3010 574 3066 arborum
591 3011 817 3068 multiformium
836 3047 856 3105 C
874 3015 946 3065 esset
959 3024 1018 3065 saon
1033 3010 1192 3074 intellexit,
1206 3011 1285 3066 unde
1299 3017 1487 3082 comparatas
1501 3019 1542 3069 est
1555 3016 1702 3084 jumentis

82 3105 149 3158 ata:
163 3116 304 3174 quorum,
320 3101 371 3167 ait,
387 3100 480 3157 odore
495 3100 558 3156 sine
570 3100 630 3155 line
645 3101 778 3174 visisset,
791 3102 817 3158 si
872 3097 1090 3168 insipientibus,
1106 3105 1133 3155 et
1147 3099 1253 3156 similis
1263 3100 1365 3169 saetas
1378 3105 1420 3157 cst
1432 3100 1504 3159 iilis.
1522 3104 1615 3176 liujus
1629 3120 1701 3162 vero

81 3205 102 3246 n
116 3190 143 3246 ei
158 3195 254 3245 visere
267 3189 406 3246 licuisset.
424 3191 522 3246 Finem
543 3206 612 3246 vero
628 3191 742 3263 palriae,
757 3207 817 3263 pras
874 3187 1011 3245 universa
1025 3189 1133 3261 posteri
1140 3189 1242 3253 tas,ob
1252 3188 1345 3261 ipsius
1356 3190 1486 3263 culpam,
1499 3191 1575 3250 sicut
1585 3198 1613 3250 et
1626 3195 1699 3267 ipse,

82 3278 181 3352 ‚ipius
196 3279 818 3351 magnitudinescirenonpotuit,nisiten-
872 3277 978 3334 mortis
1004 3280 1135 3349 suscepit
1164 3277 1331 3335 seientiam.
1359 3279 1381 3336 0
1407 3278 1580 3338 detestabile
1603 3282 1701 3340 scelus

84 3384 151 3425 xes
165 3376 248 3440 parte
264 3385 325 3442 qua
341 3385 393 3440 per
407 3374 524 3442 portam
544 3368 672 3424 intravit.
692 3372 816 3426 Tantam
871 3365 1098 3423 inobedientiael

83 3457 815 3531 romiuumutriusquesexusvidilmultitudinem,
907 3460 952 3513 59.
981 3459 1074 3513 llotus
1107 3455 1231 3512 landem
1257 3456 1365 3529 pietate
1396 3457 1698 3520 misericordissimus

82 3562 136 3605 nm
148 3548 179 3604 in
193 3548 251 3605 hac
270 3549 331 3605 rita
350 3549 501 3604 neminem
515 3547 683 3605 estimabat
698 3549 815 3619 uidisse,
871 3546 949 3600 licus
965 3561 1055 3617 super
1066 3545 1192 3601 humani
1207 3545 1325 3615 generis
1338 3546 1468 3615 miserie,
1485 3547 1590 3605 Filium
1607 3566 1696 3607 suum

82 3636 211 3693 triduum
222 3637 324 3694 saeculi
334 3637 458 3694 credidit
469 3637 618 3693 continere
627 3654 716 3710 posse
728 3656 816 3712 :quo·
871 3635 1056 3704 unigenitum
1069 3635 1219 3690 incarnari
1228 3635 1379 3691 constituit
1389 3637 1548 3693 licerinum
1561 3644 1698 3698 nostrum

82 3724 119 3781 dii
134 3725 165 3782 in
179 3726 237 3796 his,
253 3726 302 3782 alii
318 3728 347 3782 ln
363 3726 428 3783 aliis
441 3725 514 3782 locis
527 3742 579 3798 per
594 3732 758 3783 conventus
774 3729 816 3784 di·
869 3728 970 3782 lesum
983 3725 1141 3791 Christum,
1154 3725 1240 3794 eujus
1258 3724 1350 3779 fidem
1368 3725 1563 3798 suspicientes
1578 3743 1632 3800 per
1645 3729 1698 3788 ba·

82 3815 97 3881 i,
117 3817 351 3873 commanebunt
366 3832 372 3884 ;
387 3815 546 3871 sedtamen
562 3821 651 3887 prout
665 3815 813 3886 volebant,
869 3815 1015 3889 ptismum
1026 3820 1087 3871 tam
1095 3814 1133 3870 ab
1144 3813 1321 3879 actualibus,
1329 3829 1420 3884 quarn
1430 3814 1567 3885 originali
1575 3823 1697 3890 peccato

82 3919 97 3960 e
116 3903 227 3961 istisin
247 3906 321 3972 illes,
338 3905 440 3962 allide
461 3904 518 3960 illis
538 3905 568 3960 in
590 3905 661 3960 istas
682 3912 814 3965 catervae
869 3903 955 3960 liberi
967 3903 1006 3960 ad
1019 3904 1109 3960 istam
1124 3903 1252 3975 patriam
1266 3903 1361 3958 redire
1376 3918 1432 3959 nos
1449 3904 1633 3962 meruimus:
1649 3923 1698 3965 ve·

82 3993 176 4050 laetitia
195 3996 380 4052 transiebant
395 4010 402 4061 ;
425 3995 526 4066 sicque
543 3993 643 4060 fiebat,
660 4000 693 4051 ut
707 3996 755 4051 alii
776 3997 814 4056 de
868 3991 1525 4067 rum,quiapalliuminbaptismosusceptum
1534 3995 1697 4053 maculari·

84 4084 287 4141 maisitatione
298 4084 471 4155 gauderent.
484 4083 675 4140 Cborichoris
685 4085 813 4156 perloca
867 4100 946 4150 mus,
963 4099 1031 4139 cum
1044 4098 1097 4156 per
1111 4080 1299 4151 fragilitatem
1314 4080 1412 4137 carnis
1430 4083 1632 4154 peccavimus,
1646 4100 1696 4142 ne·

82 4171 343 4246 ebant‚dulcisque
353 4173 671 4229 harmonioeconcentu
684 4174 812 4232 beotau-
856 4164 949 4230 'cesse
963 4176 1026 4229 erat
1042 4177 1075 4227 ut
1090 4187 1143 4244 per
1158 4169 1371 4243 poeniteutiam,
1392 4171 1553 4228 actualium
1576 4174 1694 4232 reniam

82 4263 255 4321 esonabant.
274 4267 306 4319 Et
328 4264 403 4319 sicut
427 4263 510 4319 stella
532 4261 628 4319 differt
643 4279 661 4319 a
675 4264 760 4320 steila
781 4267 811 4323 in
866 4259 1693 4334 impetraremus.Poeuitentiaenimquamantemortcm,
1795 4340 1798 4345 Ι

82 4356 130 4418 tte,
146 4351 187 4410 ite
206 4358 270 4410 erat
288 4354 429 4426 quaedam
450 4351 617 4408 differentia
631 4368 757 4410 concors
781 4357 811 4412 in
865 4351 910 4408 rel
925 4352 955 4407 in
970 4350 1111 4407 extremis
1122 4349 1207 4421 positi
1220 4348 1419 4419 suscepimus,
1432 4364 1487 4404 nec
1498 4351 1527 4405 in
1537 4351 1600 4407 vita
1611 4367 1695 4423 pere-

82 4457 91 4498 ι
103 4443 233 4499 vestium
243 4447 272 4500 et
283 4442 419 4498 vultuum
435 4440 573 4499 claritatis
582 4449 746 4500 venustate.
757 4446 810 4502 Alli
866 4441 976 4512 gimus,
993 4444 1062 4512 post
1076 4437 1174 4495 carnis
1187 4436 1377 4502 solutionem,
1389 4435 1420 4491 in
1429 4436 1501 4492 loeis
1510 4454 1578 4509 quae
1591 4439 1693 4498 vidisti

83 4531 180 4589 induti
198 4532 379 4589 videbantur
394 4532 499 4587 vestitu
521 4546 631 4598 aurco;
650 4531 697 4587 alii
720 4539 810 4606 atque
865 4528 1044 4603 poenalibus,
1056 4526 1106 4583 alii
1120 4525 1257 4597 longiori,
1270 4524 1317 4580 alii
1330 4524 1459 4581 breviori
1470 4527 1614 4598 temporis
1625 4545 1692 4601 spa·

82 4619 807 4694 idi,purpureo,hyacinthino,eaeruleo,eandid03
864 4622 913 4685 tio,
934 4619 1020 4690 juxta
1039 4616 1164 4672 modum
1182 4621 1210 4670 et
1231 4614 1427 4686 quantitatem
1451 4614 1609 4687 culparum
1633 4621 1691 4675 tor-

89 4713 192 4767 temen
202 4709 321 4766 babitus
340 4709 525 4780 singulorum
548 4711 611 4764 erat
631 4710 736 4766 eadem
748 4727 810 4784 qua
863 4716 964 4766 mente
976 4704 1126 4780 patiendo,
1139 4702 1346 4775 persolvimus.
1358 4703 1468 4759 Omnes
1484 4703 1564 4760 enim
1579 4706 1632 4777 qui
1643 4706 1691 4763 hic

82 4802 143 4856 ιιιιι·
156 4800 187 4856 in
201 4799 322 4864 seculo,
332 4814 399 4871 quae
410 4797 534 4869 proinde
547 4797 631 4855 militi
645 4799 807 4870 indicabat,
863 4813 967 4855 sumus
991 4796 1029 4851 ad
1052 4793 1133 4849 hunc
1157 4791 1292 4864 requiem
1314 4807 1366 4864 per
1392 4790 1443 4848 illa
1465 4791 1532 4848 loca
1554 4795 1693 4851 transivi·

88 4889 186 4946 meriti
205 4889 333 4962 quisque
353 4887 449 4952 luerit,
461 4887 507 4942 vel
532 4887 659 4944 ordinis:
677 4906 808 4963 quorum
862 4902 946 4943 mus:
962 4889 991 4941 et
1003 4898 1108 4941 omnes
1119 4897 1196 4954 quos
1210 4880 1240 4936 in
1253 4880 1460 4951 singulislocis
1472 4881 1692 4952 poenalibusri-

82 4995 111 5046 s,
134 4979 236 5035 varius
259 4977 350 5041 color,
374 4975 463 5033 variae
487 4975 644 5033 videbatur
666 4979 807 5037 claritatis
862 4973 943 5040 disti,
957 4977 1064 5047 praeter
1075 4986 1127 5026 eos
1142 4970 1192 5043 qui
1210 4970 1286 5026 inira
1300 4984 1335 5025 os
1349 4969 1428 5042 putei
1446 4968 1599 5027 infernalis
1614 4971 1690 5030 detl-

82 5066 196 5124 lor.Alii
211 5066 297 5140 quasi
305 5082 390 5138 reges
404 5065 536 5121 coronati
556 5065 745 5132 incedebant,
757 5069 807 5125 alii
861 5059 1272 5136 nentur,postquampurgati
1283 5057 1544 5123 luerintadtsram
1554 5060 1687 5133 requiem

84 5173 98 5212 s
111 5171 219 5214 aureas
230 5155 406 5213 inmanibus
415 5155 582 5225 gestabant.
594 5155 706 5211 Talium
718 5157 807 5227 igitur
861 5151 1013 5209 venientes
1023 5149 1096 5207 salvi
1104 5147 1559 5220 lient;sedetquolidiequidam
1569 5151 1688 5221 purgati

82 5260 174 5302 nrum
196 5246 251 5303 luit
264 5246 294 5302 in
307 5245 357 5302 illa
371 5244 475 5317 requie
485 5245 635 5315 justorum
652 5245 737 5300 militi
753 5245 805 5301 de·
859 5241 993 5308 veniunt,
1006 5256 1084 5313 quos
1101 5237 1294 5310 suscipientes
1309 5240 1383 5292 sieut
1402 5242 1429 5294 et
1444 5242 1471 5293 te
1486 5237 1684 5310 suscepimus,

82 5333 803 5408 llisaspectus,necmlnoreorumdemharmoniae,
860 5349 928 5388 cum
948 5331 1059 5402 gaudio
1074 5329 1133 5385 huc
1152 5326 1364 5384 intoducimus.
1379 5329 1488 5384 Eorum
1506 5344 1576 5386 vero
1591 5329 1686 5402 quiin

96 5429 126 5479 et
136 5423 314 5481 ineffabilior
333 5424 427 5479 dulcis
449 5422 568 5479 auditus
584 5439 589 5477 :
605 5423 738 5496 undique
751 5441 804 5481 au·
859 5416 1468 5496 poenissunt,nullusnovitquandiuinibi
1479 5418 1683 5490 torquebitur:

82 5515 253 5572 sanctorum
279 5517 471 5581 concentum,
496 5514 547 5569 Dei
574 5511 680 5570 leudes
703 5528 804 5586 perso·
859 5505 1686 5599 permissasautem,psalrnos‚orationeseteleemosy-
