3728 6000
84 294 138 350 ³37

81 510 209 578 quamvis
226 512 462 585 Patercliquaudo
485 514 560 586 quasi
586 515 759 587 singulariter
783 515 884 570 dicitur

79 597 213 667 potentia,
230 599 314 655 Filius
348 601 480 673 sapientia
523 603 586 658 sive
628 604 735 666 veritas,
767 603 885 675 Spiritus

80 694 193 742 sauctus
206 689 329 745 voluntas
343 690 401 746 sive
422 691 564 747 ebaritas:
583 690 617 746 ad
637 692 663 746 id
689 701 779 747 tamen
807 707 884 748 sem·

80 790 133 846 per
148 775 261 844 reditur,
277 788 306 831 ut
320 779 400 834 Pater
426 787 452 834 et
468 779 550 835 Filius
577 789 603 836 et
630 781 750 852 Spiritus
774 790 884 838 sauctus

80 887 137 926 una
161 872 197 926 sit
221 875 348 944 potentia,
366 890 423 931 una
463 876 606 948 sapientia,
635 893 718 932 unum
751 877 884 948 quidquid

81 969 156 1015 sunt.
179 961 284 1018 Deinde
306 964 422 1019 subtexit
447 973 473 1020 et
500 964 587 1021 dicit:
611 987 622 1014 ι
640 967 695 1021 Has
709 974 775 1030 tres,
796 966 824 1022 id
843 973 886 1022 est

80 1048 243 1120 potentiam,
286 1053 457 1122 sapientiam,
500 1054 678 1123 voluntatem,
712 1055 797 1111 sancti
830 1063 884 1110 tres

81 1152 218 1207 personas
233 1148 339 1208 vocant,
361 1142 493 1198 vocabula
520 1142 576 1197 illis
605 1145 748 1217 evulgari
774 1147 885 1215 propter

80 1225 244 1282 affinitatem
286 1230 431 1298 quamdam
473 1231 667 1288 transferentes
695 1250 701 1288 :
735 1234 883 1303 potentiam

79 1316 252 1385 appellantes
270 1318 388 1389 Patrem,
410 1319 569 1391 sapientiam
591 1320 700 1388 Filium,
716 1322 882 1376 voluntatem

79 1403 213 1473 Spiritum
246 1416 382 1462 sanctum.
417 1409 540 1464 Potentia
565 1409 664 1465 dieitur
693 1411 784 1476 Pater,
819 1409 883 1481 quia

79 1495 195 1558 creavit,
212 1502 240 1550 et
255 1505 350 1552 creata
372 1505 487 1568 paterno
516 1498 586 1570 regit
614 1497 722 1554 affectu.
744 1498 883 1568 Sapientia

78 1581 183 1637 dicitur
198 1584 280 1640 Filius
296 1602 312 1640 e
327 1587 404 1642 Patre
414 1595 476 1642 aute
491 1588 590 1643 saecula
604 1587 723 1660 genitus,
739 1595 765 1642 et
788 1595 881 1642 tamen

631 301 678 357 DE
695 299 897 357 uuuotttssus
916 299 951 355 G.
972 300 1018 355 DE
1037 299 1199 357 CONCHlS.

80 420 194 491 proprie
229 437 400 494 unaquaeque
442 441 561 498 persona
607 434 796 498 cognoscatur.
832 423 1059 486 UbiAestesso
1075 427 1227 498 quodest:
1248 425 1339 498 lingua
1363 426 1533 499 angelorum,
1557 426 1738 498 contemplari
1825 488 1828 495 ⁸

1684 304 1736 360 338
1790 390 1792 395 Ι

939 532 1000 572 eam
1013 524 1039 571 et
1053 515 1205 588 intelligere
1226 515 1304 572 sicuti
1320 522 1359 571 est
1375 530 1382 570 :
1399 516 1497 587 lingua
1526 516 1643 571 bominis
1668 517 1735 572 inte·

939 608 1027 674 rioris,
1043 608 1125 664 corde
1140 609 1253 664 credere
1267 609 1301 664 ad
1311 608 1457 678 justitiam;
1476 610 1624 664 exterioris
1633 619 1735 677 auteur,

938 714 985 753 ore
998 696 1120 754 confiteri
1132 697 1166 752 ad
1179 697 1301 753 salutem.
1318 720 1330 747 ι
1350 698 1431 767 Quod
1453 706 1542 754 autem
1572 699 1670 754 Filium
1686 701 1739 755 Dei
1843 688 1846 693 ’

938 786 992 844 boc
1010 785 1063 842 dici
1093 787 1273 857 nuncupative
1301 795 1424 842 astruere
1449 787 1558 850 nititur;
1588 803 1641 843 nou
1669 788 1739 846 sicut

938 876 1013 944 dicit,
1028 877 1079 932 boc
1092 876 1188 933 dicunt
1201 875 1284 946 aliqui
1297 877 1393 942 sancti,
1411 875 1459 932 sed
1472 876 1660 932 contradicunt
1672 893 1735 933 orn-
1789 862 1792 867 ¹

938 982 987 1022 nes
1001 966 1100 1021 sancti.
1115 965 1286 1037 Augustinus
1303 982 1310 1019 :
1328 965 1494 1021 «Credimus
1508 966 1557 1020 Dei
1572 964 1738 1023 Filiumanta

937 1071 1018 1111 omne
1033 1069 1146 1126 prorsus
1154 1054 1269 1120 initium,
1285 1054 1338 1110 hoc
1352 1062 1393 1110 est
1408 1054 1467 1109 sine
1482 1054 1572 1123 aliquo
1594 1071 1651 1111 suae
1665 1055 1737 1109 nati-

937 1144 1028 1200 vitatis
1043 1143 1129 1208 initio,
1143 1142 1177 1198 da
1192 1142 1279 1198 Patris
1309 1142 1460 1197 substantia
1486 1143 1618 1215 genitum,
1648 1143 1734 1199 Deum

937 1232 971 1289 de
987 1234 1054 1297 Deo,
1066 1231 1212 1287 Dominum
1223 1231 1257 1287 de
1268 1230 1386 1286 Domino
1402 1251 1408 1286 :
1424 1247 1478 1286 nou
1492 1248 1524 1286 ox
1545 1230 1640 1298 nihilo,
1670 1232 1736 1305 quis

937 1321 971 1377 de
988 1322 1079 1385 Patre;
1095 1336 1150 1375 nou
1162 1320 1355 1389 nuncupative,
1372 1319 1435 1389 quie
1462 1335 1562 1375 nomon
1590 1320 1672 1376 habet
1700 1337 1735 1376 ex

936 1410 1047 1466 veritate
1076 1417 1195 1465 naturas:
1213 1425 1267 1464 non
1282 1424 1317 1463 ex
1345 1408 1436 1478 aliqua
1459 1408 1583 1479 materia,
1599 1410 1734 1480 quianon

936 1499 986 1554 luit
1001 1498 1103 1570 aliquid
1119 1501 1285 1553 coaeternum
1300 1498 1367 1563 Deo,
1384 1497 1455 1552 unda
1470 1497 1548 1568 origo
1557 1505 1732 1568 praestaretur

936 1586 1013 1643 Filio.
1030 1585 1101 1656 Quid
1115 1595 1206 1642 autem
1221 1586 1335 1658 prodest
1343 1585 1418 1652 Filio,
1434 1593 1462 1640 ut
1475 1593 1649 1655 nuncupetur
1668 1586 1732 1641 uni-

79 1668 120 1724 illi
134 1679 306 1742 ooaeternus;
323 1677 387 1744 quia
398 1675 466 1729 sieut
485 1676 565 1730 Filius
576 1675 675 1747 aliquis
696 1677 881 1746 temporaliter
935 1675 1018 1749 geniti
1030 1675 1148 1742 nomine,
1164 1675 1188 1730 si
1207 1675 1329 1745 privetur
1343 1674 1468 1731 vocabuli
1478 1675 1594 1730 veritate
1607 1677 1621 1729 ‘i
1633 1698 1644 1723 ι
1662 1676 1733 1731 Item

79 1765 249 1830 estapatre,
270 1762 306 1816 ita
323 1765 457 1833 sapientia
480 1764 677 1820 coaeternaliter
704 1775 731 1820 et
755 1765 879 1820 consub-
895 1780 922 1841 Β
936 1764 1094 1820 ambrosius
1120 1772 1215 1821 contra
1242 1763 1359 1818 Arianos
1384 1780 1421 1817 :r
1443 1761 1514 1832 Quid
1536 1771 1572 1828 te,
1591 1783 1602 1815 ι
1633 1763 1730 1836 inquit,

78 1849 244 1905 stantialiter
271 1859 312 1906 est
340 1853 508 1922 epotantie.
534 1853 667 1909 Voluntas
696 1868 761 1909 vero
789 1853 881 1908 divina
938 1854 1148 1925 «questionum
1171 1860 1304 1908 tormenta
1331 1851 1489 1909 delectant?
1514 1853 1623 1909 Patrem
1643 1852 1731 1925 audis,

79 1936 181 1993 dicitur
195 1939 324 2009 Spiritus.
346 1942 392 1996 Est
407 1943 479 1996 euim
502 1943 611 2012 proprio
634 1942 747 2014 spiritus
774 1943 882 1998 anheli·
936 1943 1032 1998 Filium
1047 1941 1133 1998 audis.
1149 1944 1200 1997 Aut
1214 1941 1405 2003 delenomen;
1425 1949 1472 1996 aut
1493 1941 1622 1997 confitere
1646 1947 1731 1997 uatu-

80 2033 137 2080 tus.
158 2027 214 2082 Sed
227 2029 291 2098 quia
306 2030 332 2082 in
352 2031 447 2099 spiritu
463 2040 488 2086 et
512 2031 633 2086 anhelitu
658 2047 731 2100 saepe
755 2032 882 2087 voluntas
936 2030 1380 2103 ram.»1temsupertuoem:«
1402 2030 1452 2086 llic
1475 2038 1516 2086 est
1543 2030 1627 2085 Filius
1655 2045 1732 2086 meus

75 2113 199 2170 bominis
227 2118 419 2188 perpenditur;
450 2120 528 2175 aliter
555 2120 655 2191 quippe
681 2120 766 2190 spirat
794 2120 881 2193 laetus,
935 2120 1061 2184 dilectus,
1091 2119 1119 2174 in
1147 2135 1201 2192 quo
1221 2119 1286 2174 mibi
1307 2119 1377 2174 bene
1403 2117 1568 2190 complacui.
1591 2119 1642 2175 Ubi
1669 2128 1732 2176 sunt

75 2202 157 2256 aliter
178 2203 277 2265 iratus:
295 2205 415 2261 divinam
435 2208 598 2262 voluntatem
628 2216 796 2264 vocaverunt
816 2209 880 2280 Spi-
935 2210 1036 2276 Amani,
1059 2209 1158 2282 quibus
1186 2207 1310 2278 displicet
1335 2208 1429 2274 Filius,
1445 2208 1472 2261 in
1493 2223 1546 2278 quo
1569 2207 1733 2279 complacuit

76 2291 171 2357 ritum,
187 2293 236 2348 sed
251 2296 467 2351 autonomastice
481 2304 646 2351 sanetum.»
665 2298 733 2352 Ecce
743 2297 880 2366 quomodo
934 2298 984 2353 sibi
998 2298 1093 2354 Pater?
1109 2298 1169 2353 Hoc
1189 2313 1244 2352 uon
1260 2313 1314 2369 ego
1328 2296 1400 2362 dico,
1417 2311 1471 2351 non
1496 2295 1636 2351 bominum
1651 2297 1730 2369 quis-

75 2379 236 2436 Sabelliano
250 2383 357 2454 spiritu,
372 2392 502 2455 quantum
518 2385 544 2438 in
560 2386 623 2457 ipso
651 2393 701 2452 est,
724 2386 838 2441 destruit
852 2387 879 2441 in
934 2403 1014 2460 quarn
1029 2386 1093 2443 dicit
1110 2404 1117 2449 ;
1132 2402 1220 2457 neque
1235 2401 1284 2457 per
1305 2386 1444 2441 hominem
1464 2386 1549 2450 Deus,
1564 2401 1653 2456 neque
1681 2402 1731 2457 per

73 2469 108 2524 S.
147 2471 277 2526 Trinitate
312 2473 453 2527 veritatem
484 2490 677 2543 personarum.
708 2475 741 2529 Et
766 2476 800 2529 de
826 2491 879 2528 no·
933 2474 1426 2548 angelos,nequeperarclrangelos3
1443 2473 1491 2530 sed
1516 2474 1552 2529 ab
1575 2474 1730 2544 ipsul’atre

73 2557 269 2630 miuequidem
286 2571 541 2631 permansuerunt,
565 2564 637 2633 quod
660 2563 695 2617 ab
724 2563 879 2619 bominibus
933 2564 1086 2619 voxmissa
1110 2563 1240 2634 signavit.
1259 2561 1312 2632 Qui
1341 2577 1408 2633 ergo
1432 2561 1528 2617 Filium
1555 2578 1611 2617 uon
1641 2562 1729 2619 eredit

73 2656 215 2716 repertum
251 2658 302 2704 est.
344 2650 459 2717 Etenim,
490 2653 559 2706 sicut
603 2652 671 2706 dicit
697 2651 793 2707 beatus
818 2656 877 2708 Au·
932 2668 985 2707 nun
1013 2651 1099 2708 credit
1122 2651 1205 2706 Patri.
1238 2650 1325 2705 Testis
1351 2651 1422 2706 euim
1442 2657 1483 2705 est
1509 2649 1727 2707 itteuovitio..

74 2736 213 2807 pustinus,
229 2753 369 2809 oumopus
383 2744 455 2795 esset
479 2741 590 2810 copiosa
617 2740 799 2810 disputatione
825 2741 877 2796 ud·
932 2741 1098 2813 Augustinus
1115 2740 1150 2795 de
1172 2738 1302 2795 Trinitate
1319 2757 1325 2793 ε
1342 2761 1352 2787 n
1375 2738 1497 2795 Rideuda
1522 2746 1564 2793 est
1587 2739 1729 2795 dialectica

74 2825 375 2881 versusbaereticorum
399 2828 512 2883 insidias
535 2838 561 2884 et
583 2845 700 2894 errores,
716 2830 877 2886 necessitate
932 2829 1068 2895 Eunomii,
1093 2828 1139 2900 qui
1166 2844 1226 2883 oum
1247 2842 1302 2882 nou
1329 2828 1465 2898 potuisset
1493 2826 1654 2899 intelligere,
1681 2844 1731 2884 nee

74 2909 210 2982 loquendi
224 2913 258 2969 de
273 2913 411 2980 ineffabili,
429 2918 571 2972 inventum
587 2926 628 2973 est
643 2919 695 2974 boo
717 2926 878 2974 nomeu:ut
931 2916 1042 2973 credere
1071 2915 1209 2982 voluisset,
1238 2915 1413 2984 Unigenitum
1444 2914 1489 2970 uei
1514 2914 1645 2983 Verbum,
1683 2930 1732 2986 per
1834 2910 1837 2915 ’

74 3012 140 3055 curn
168 3002 300 3072 quaeritur
324 3006 358 3058 tle
382 3002 512 3060 Trinitate
544 3006 727 3077 sanota,quid
755 3015 819 3074 tres,
848 3014 876 3062 et
932 3002 1393 3076 quodfactasuutomnia,Filium
1410 3003 1459 3057 Dei
1479 3018 1538 3058 esse
1557 3012 1661 3069 natura,
1678 3004 1731 3059 boc

73 3101 230 3157 congruum
254 3090 296 3144 eis
323 3105 422 3146 nonien
449 3106 503 3146 uon
539 3093 683 3153 invenitur.
710 3094 876 3149 necessitate
893 3102 971 3192 cest
986 3093 1019 3149 de
1034 3093 1182 3149 substantia
1197 3092 1287 3147 Patris
1308 3092 1445 3163 genitum3
1464 3106 1518 3145 uon
1542 3099 1644 3146 natiuae
1672 3091 1730 3147 sive

73 3175 262 3244 respondendi
277 3187 304 3233 et
317 3195 367 3234 usu
393 3179 522 3252 loquendi
546 3197 581 3236 ax
601 3182 692 3235 multis
719 3181 876 3251 incongruis
931 3183 1058 3239 essentiae
1072 3182 1144 3237 dixit
1155 3197 1216 3237 esse
1232 3180 1338 3245 Filium,
1355 3179 1403 3235 scd
1427 3178 1593 3236 voluntatis:
1624 3180 1732 3236 scilicet

73 3262 128 3318 boc
142 3263 308 3332 proferatur,
325 3275 353 3320 ut
367 3266 482 3332 dicetur,
500 3276 553 3323 tres
569 3284 715 3338 personae:
730 3285 783 3324 uon
799 3277 829 3324 ut
842 3285 875 3325 eo
930 3272 994 3342 quia
1009 3271 1104 3326 Filium
1120 3270 1259 3326 charitatis
1271 3268 1319 3323 Dei
1333 3284 1394 3324 eum
1414 3269 1535 3339 appellat
1549 3268 1705 3339 Apostolus.
1716 3290 1727 3319 ιι

73 3366 132 3415 res,
148 3350 217 3407 sieut
246 3362 295 3416 est,
321 3355 452 3421 edicatur,
481 3357 527 3411 sed
557 3373 592 3412 ne
610 3357 720 3412 omniuo
739 3366 871 3414 taceatur.
930 3360 1034 3416 Deinde
1048 3359 1157 3414 nomina
1170 3359 1229 3429 ipsa
1245 3357 1333 3412 Patris
1349 3365 1375 3412 et
1389 3357 1450 3412 Filii
1472 3366 1499 3412 et
1510 3357 1729 3427 Spiritussanoti,

72 3440 160 3495 Porro
172 3440 326 3496 divinorum
344 3443 466 3514 ipsorum
489 3445 638 3514 nominum,
651 3446 736 3501 Patris
761 3447 875 3513 seilicet,
930 3465 984 3503 non
999 3449 1026 3502 in
1042 3447 1155 3502 veritate
1175 3445 1330 3518 generantis
1347 3453 1374 3500 et
1396 3444 1481 3517 geniti
1497 3453 1525 3500 at
1553 3445 1587 3498 ab
1615 3453 1732 3516 utroque

71 3536 100 3583 et
115 3528 188 3595 Filii,
203 3537 231 3584 et
243 3530 359 3600 Spiritus
374 3533 471 3597 sancti,
489 3534 624 3588 neminem
640 3534 756 3588 dicimus
777 3544 874 3590 aueto—
930 3535 1112 3608 prooedeutis,
1142 3535 1170 3588 in
1193 3535 1251 3589 Deo
1275 3549 1343 3598 csse,
1369 3533 1417 3588 sed
1440 3532 1599 3602 aequivocali
1614 3533 1730 3604 quadam

73 3632 132 3672 rem
155 3617 199 3671 vel
230 3620 381 3683 credimus,
403 3621 455 3675 nisi
484 3620 570 3691 ipsam
608 3622 726 3678 divinam
752 3630 875 3679 naturam
930 3621 1203 3679 allinitatotranslata
1221 3621 1248 3675 in
1274 3622 1360 3676 Deum
1388 3636 1458 3688 esse,
1488 3628 1609 3676 astruere
1636 3619 1731 3676 aititur

73 3703 216 3776 gignentis
230 3707 358 3777 etgeuiti,
370 3714 398 3763 ot
410 3709 445 3763 ab
457 3720 572 3781 utroque
585 3709 876 3780 procedentisNatura
930 3712 1022 3767 diceus
1038 3731 1044 3767 :
1064 3733 1075 3759 ι
1092 3711 1215 3766 Potentia
1224 3709 1322 3765 dicitur
1336 3710 1427 3775 Pater,
1443 3708 1505 3778 quia
1519 3716 1619 3764 cuncta
1647 3724 1729 3765 crea-

73 3808 146 3849 vero
178 3794 239 3863 ipsa
266 3797 405 3851 aeteruitas
419 3805 469 3863 est,
485 3806 655 3853 etaeteruum
680 3806 729 3864 est,
745 3797 876 3869 quidquid
931 3801 978 3864 vit,
994 3808 1020 3854 et
1048 3805 1161 3868 paterno
1180 3797 1303 3869 disponit
1333 3795 1441 3852 affectu.
1468 3795 1606 3867 Sapientia
1632 3796 1730 3852 dieitur

74 3889 181 3937 naturae
195 3881 268 3937 illius
290 3891 341 3938 est.
372 3886 450 3939 Pater
476 3901 542 3957 ergo
565 3895 592 3941 et
613 3886 698 3941 Filius
712 3895 739 3942 et
762 3887 877 3957 Spiritus
930 3888 1014 3942 Filius
1028 3903 1044 3942 a
1058 3888 1136 3941 Patre
1151 3890 1214 3942 aula
1229 3885 1335 3940 secula
1349 3885 1599 3955 genitusettamen
1610 3884 1729 3940 illicoae·

73 3976 185 4026 sauctus
201 3970 271 4025 sicut
284 3972 320 4026 ab
340 3981 441 4029 aterno
469 3975 522 4030 boo
549 3981 621 4039 sunt,
641 3976 681 4031 sic
709 3975 745 4028 ab
772 3984 876 4030 aeterno
930 3984 1033 4039 ternus,
1063 3976 1126 4046 quia
1153 3973 1223 4030 siout
1242 3972 1325 4028 Filius
1356 3971 1542 4044 temporaliter
1553 3974 1727 4037 estaPntre,

74 4060 127 4113 boc
141 4058 284 4128 dicuntur;
304 4060 355 4116 etsi
373 4077 429 4117 nou
457 4063 542 4118 vcrbo
570 4063 697 4129 hominis,
721 4061 769 4118 sed
791 4062 876 4118 verbo
930 4065 966 4118 ita
988 4063 1121 4134 sapientie
1135 4062 1297 4118 eternaliter
1311 4068 1337 4117 et
1360 4059 1625 4116 consubstantialiter
1644 4069 1686 4116 est
1712 4076 1728 4115 a

74 4146 135 4213 Dei,
151 4146 241 4203 Verbo
256 4149 323 4213 Derr,
339 4149 411 4221 quod
426 4157 471 4206 est
485 4152 557 4220 apud
576 4152 676 4207 Deum.
930 4151 1059 4223 potentia.
1079 4174 1089 4199 ι

109 4236 311 4308 Augustinus:
329 4238 418 4292 ·tv0u
439 4246 553 4310 possunt
580 4255 628 4310 per
651 4249 756 4296 nostras
782 4253 876 4308 voces,
966 4240 1016 4295 llic
1030 4238 1121 4310 palam
1139 4237 1267 4294 omuibus
1281 4244 1333 4304 est,
1361 4236 1497 4306 quomodo
1519 4236 1637 4292 occurrit
1653 4237 1727 4303 lidei,

75 4340 142 4395 quae
157 4325 250 4396 utique
261 4326 418 4396 corporales
428 4331 500 4392 sunt,
517 4335 543 4382 et
566 4328 744 4398 corporaliter
764 4334 875 4394 sonant,
930 4327 1088 4383 adversatur
1101 4325 1225 4394 veritati;
1245 4341 1307 4381 eum
1335 4324 1400 4381 dicit
1426 4326 1543 4390 Patrem,
1574 4326 1626 4380 boo
1654 4326 1728 4397 quod

73 4412 193 4468 Poteret
203 4413 288 4467 Filius
303 4423 330 4469 et
340 4414 455 4485 Spiritus
467 4422 575 4470 sauctus
586 4415 636 4469 nisi
645 4416 701 4470 suis
716 4415 877 4487 propriisiu-
931 4417 1012 4470 Pater
1026 4422 1134 4470 estnon
1153 4429 1214 4470 esse
1233 4413 1267 4468 ad
1288 4413 1395 4482 Filium,
1425 4413 1474 4467 sed
1501 4412 1535 4466 ad
1563 4420 1726 4479 creaturam,

73 4500 196 4556 tervallis
211 4508 365 4572 temporum
386 4504 642 4573 certaseparetiouc
657 4504 801 4569 distinctis,
816 4485 917 4574 quaeD
933 4520 986 4558 nou
1014 4511 1119 4570 natura,
1152 4502 1202 4558 sed
1230 4500 1328 4558 affectu
1344 4519 1351 4557 :
1368 4501 1431 4572 quin
1448 4502 1728 4570 potiusPutremuou

74 4604 132 4647 suto
144 4590 278 4661 cujusque
292 4591 417 4646 vocabuli
431 4592 542 4662 syllabae
560 4600 702 4661 occupant,
729 4592 875 4647 nominari.
931 4608 1011 4655 essc;
1028 4591 1176 4661 potentiam
1193 4598 1284 4645 autern
1308 4590 1414 4643 Patrem
1429 4587 1492 4655 diei,
1522 4596 1632 4658 propter
1659 4586 1729 4644 affe·

74 4679 416 4746 lusuaverosubstantis,
436 4680 483 4735 ubi
511 4688 566 4736 tres
587 4697 671 4735 unum
701 4689 771 4745 sunt,
801 4681 877 4736 nullo
930 4689 1001 4735 ctum
1012 4679 1133 4745 creandi,
1149 4686 1175 4733 et
1190 4675 1313 4733 allectum
1338 4676 1517 4749 gubernandi.
1541 4676 1727 4747 Augustinus:

75 4766 221 4836 temporali
241 4777 327 4833 motu,
348 4785 430 4840 super
444 4783 553 4824 omnem
577 4777 729 4824 creaturam
756 4769 877 4840 idipsum

75 4854 114 4919 fit,
122 4855 184 4910 siue
193 4855 248 4911 ulla
257 4855 398 4911 intervallo
406 4864 561 4926 temporum
572 4857 616 4912 vel
626 4857 756 4911 locorum.
768 4881 779 4906 ιι
791 4859 876 4912 ltem:

78 4964 90 4990 t
107 4942 161 4999 Ubi
176 4958 227 5013 per
249 4944 378 5013 Verbum,
393 4961 448 5001 nou
462 4945 540 5017 quod
560 4947 699 5014 protertur
714 4952 741 4999 et
759 4954 837 5000 sonat
852 4954 878 5000 et

75 5029 183 5095 transit,
195 5030 243 5086 sed
258 5032 346 5088 Verbo
360 5033 434 5102 quod
449 5040 492 5088 ast
505 5033 576 5104 apud
597 5034 693 5100 Deum,
711 5040 737 5087 et
752 5034 825 5089 Deus
839 5039 879 5088 est

78 5118 199 5174 Verbum
228 5129 257 5174 ot
282 5119 374 5176 omnia
403 5136 452 5192 per
476 5124 566 5192 ipsum
597 5122 668 5177 iacta
696 5129 768 5185 sunt,
787 5121 879 5178 Verbo

75 5214 176 5288 aequali
197 5214 261 5279 sibi,
290 5232 452 5289 semperque
480 5218 702 5284 incommutabili,
719 5233 828 5290 semper
841 5226 881 5273 at·

75 5328 129 5382 que
143 5313 404 5370 incommutabiliter
417 5314 483 5371 dicit
496 5317 682 5387 semetipsum.
700 5315 806 5372 Etenim
826 5330 880 5371 no·

75 5410 224 5484 mitraqum
249 5410 285 5467 de
311 5412 371 5467 Deo
386 5411 470 5485 digne
498 5414 637 5482 dicuntur,
654 5414 732 5469 aliter
756 5413 881 5470 dicuutur

74 5508 166 5564 Verbo
180 5505 243 5573 Dei,
258 5507 337 5563 aliter
350 5509 444 5582 lingua
474 5510 646 5584 angelorum,
677 5511 758 5566 aliter
786 5510 880 5584 lingua

75 5603 228 5662 bominum.
246 5604 337 5663 Verbo
351 5605 426 5662 euim
440 5606 492 5664 Dei
517 5623 551 5664 ea
572 5607 628 5664 dici
652 5623 710 5665 rem
740 5608 879 5667 nominum

933 4789 945 4818 ι
972 4766 1051 4837 Quod
1066 4768 1144 4821 Pater
1161 4774 1211 4830 est,
1227 4765 1262 4819 ud
1286 4764 1385 4820 Filium
1400 4780 1407 4820 :
1424 4763 1498 4835 qiiod
1532 4763 1674 4829 Dominus,
1695 4765 1731 4821 ad

932 4864 1093 4912 creaturam.
1110 4878 1121 4903 ι
1139 4854 1305 4925 Sapientiam
1328 4868 1394 4908 vero
1416 4852 1513 4907 Filium
1545 4852 1610 4908 dicit
1633 4854 1730 4923 appel·

932 4945 994 5011 lari,
1010 4959 1043 4999 eo
1056 4943 1128 5013 quod
1142 4942 1209 4999 sicut
1224 4941 1295 4997 filius
1309 4941 1421 5013 quilibet
1436 4942 1622 5012 temporaliter
1637 4942 1731 5015 gigui-

933 5042 976 5087 tur
1004 5031 1038 5087 de
1057 5039 1135 5102 patre
1164 5046 1228 5097 suo,
1244 5030 1283 5085 sic
1299 5029 1345 5084 illa
1357 5028 1520 5085 aeternaliter
1541 5028 1575 5084 de
1590 5030 1725 5099 potentia.

933 5120 1029 5176 Videte
1043 5119 1151 5176 ebrium
1166 5118 1358 5188 offendentem,
1374 5126 1506 5175 ruentem.
1524 5119 1602 5174 Ponit
1620 5119 1732 5189 sapien·

932 5218 1000 5273 tiam
1014 5217 1049 5272 ad
1063 5216 1213 5290 potentiam
1225 5224 1353 5287 tanquam
1375 5213 1460 5270 filium
1475 5214 1510 5269 ad
1524 5218 1646 5285 patrem3
1680 5230 1732 5285 po-

934 5316 1049 5372 tentiam
1076 5329 1141 5372 vero
1157 5322 1272 5384 patrem,
1302 5327 1357 5367 nun
1378 5311 1413 5367 ad
1440 5311 1674 5382 sapientiam,sed
1698 5312 1735 5369 ad

935 5421 1095 5469 creaturam.
1121 5412 1175 5468 Sed
1199 5418 1225 5468 et
1249 5408 1410 5483 sapientiam
1436 5408 1470 5464 do
1500 5409 1623 5480 potentia
1647 5410 1733 5478 nasci,

934 5526 1023 5581 nequae
1037 5525 1074 5565 ex
1095 5508 1254 5565 auctoritate
1281 5508 1424 5574 babemus,
1450 5522 1538 5577 nerlue
1566 5523 1601 5563 ex
1628 5509 1733 5563 ratione

934 5605 1110 5680 colligimus:
1139 5606 1205 5679 quin
1225 5604 1314 5679 potius
1336 5620 1371 5662 ex
1392 5620 1442 5661 usu
1470 5602 1579 5660 rationis
1603 5603 1732 5658 humanae
