3728 6000
108 233 163 290 tta

599 239 633 295 n.
653 239 782 296 aucant
801 218 1027 294 scuotnsrrcr
1047 238 1263 296 iconiensis.

1704 228 1757 283 att

105 358 164 414 suis
179 364 261 432 capt
275 361 392 433 (episttt
408 363 442 420 ad
458 365 543 435 episc.
555 365 648 437 Luc.):
662 388 673 414 a
683 364 848 422 Necessaria
862 378 903 418 rc·
916 361 943 423 A
958 373 1095 420 sererent.
1122 364 1207 421 aliter
1220 380 1289 421 vena
1304 372 1344 421 est
1362 360 1486 419 habenda
1498 358 1558 416 talis
1571 354 1720 414 ordinatio.
1742 376 1753 403 u

103 464 162 503 rum
180 449 356 521 dispositione
375 454 592 528 constringimur
613 460 641 510 et
659 452 904 526 apostolicaesedis

104 537 292 595 moderatione
312 543 500 610 convenimur,
517 542 557 599 sic
576 558 710 599 canonum
730 550 903 615 paternorum

104 625 215 682 decreta
229 626 358 696 liberare,
374 638 402 684 ut
418 648 478 702 quae
494 633 665 702 praesentium
681 632 826 688 necessitas
839 639 904 685 tem·

103 728 201 783 porum
231 718 419 774 restaurandis
442 718 568 776 ecclesiis
593 719 745 776 relaxanda
768 718 902 791 deposcit,

106 801 239 875 diligenti,
251 807 473 863 consideratione
488 816 616 879 quantum
628 817 714 880 potest
727 807 782 864 lieri
799 816 903 877 tempe·

105 905 206 946 minus.
225 915 237 940 a
256 894 430 951 Postmodum
446 912 508 967 cap.
522 902 548 962 ι,
561 897 614 952 ait:
629 920 640 944 s
653 897 750 954 Priscis
764 897 845 969 igitur
856 911 903 967 pro

65 1038 69 1045 ,
104 979 146 1034 sui
160 981 313 1038 reverentia
337 985 510 1040 manentibus
536 985 675 1051 institutis,
692 1003 751 1056 quae
768 985 813 1040 ubi
831 984 904 1039 nulla

104 1083 197 1123 rerum
213 1070 257 1125 vel
272 1078 423 1143 temporum
444 1081 570 1146 perurget
591 1076 718 1145 angustia
742 1073 904 1146 regulariter

34 1172 37 1177 ·
104 1157 232 1213 convenit
247 1160 385 1227 custodiri,
401 1170 513 1219 eatenus
529 1163 652 1219 ecclesiis
667 1180 727 1234 quae
743 1163 786 1218 rel
801 1163 903 1218 cunetis

104 1247 147 1301 vel
162 1245 360 1306 sufficientibus
375 1252 489 1320 privatae
504 1261 569 1307 sunt
584 1252 726 1317 ministris,
736 1261 764 1308 ut
778 1252 902 1323 pluribus

105 1334 140 1389 ad
154 1352 183 1391 se
198 1337 392 1407 pertinentibus
406 1340 499 1396 divina
514 1357 624 1396 munera
640 1343 768 1413 supplere
780 1357 834 1396 nnn
850 1357 900 1395 ra-

104 1421 199 1480 leant:
220 1425 397 1482 concedimus
411 1435 440 1483 nt
455 1430 479 1484 si
494 1431 556 1501 quis
579 1429 613 1485 de
637 1428 786 1502 disciplinis
808 1443 901 1484 mona·

105 1511 266 1569 sterialibus
281 1515 314 1570 ad
330 1515 456 1573 clericale
471 1535 568 1572 munus
590 1518 709 1586 aceedit,
734 1526 760 1573 et
783 1519 902 1572 maxime

105 1598 141 1656 de
159 1600 247 1666 laicis,
272 1611 393 1661 anteacta
416 1605 472 1661 vita
503 1607 667 1677 requiratur,
696 1622 730 1662 ne
755 1607 787 1662 sit
810 1607 901 1676 aliquo

958 453 1025 509 Cum
1041 460 1132 509 tamen
1142 452 1466 524 constantinopolitannm
1483 447 1626 506 concilium
1642 448 1715 517 (can.
1727 443 1755 507 3)

958 541 992 597 de
1009 542 1119 596 nissimi
1133 541 1227 598 illicita
1241 541 1411 598 ordinatione
1435 539 1470 593 ιιιι
1493 537 1635 593 decernat.
1659 555 1670 580 ι
1689 533 1755 586 Pla-

958 633 1015 686 cuit
1029 647 1118 702 neque
1130 631 1277 685 blaximum
1289 631 1448 702 episcopum
1461 642 1523 683 esse
1538 624 1582 680 rel
1597 623 1691 686 luisse,
1704 634 1755 676 nec

958 715 1065 787 eosqui
1079 715 1115 769 ab
1130 731 1163 771 eo
1178 717 1205 769 in
1220 714 1312 786 aliquo
1327 714 1414 785 gradu
1429 711 1518 768 elerici
1542 717 1605 765 sunt
1626 704 1753 768 ordinati,

959 818 1018 860 cum
1035 805 1127 859 omnia
1141 821 1201 875 qnae
1223 805 1256 858 ab
1277 804 1373 859 eodem
1390 807 1546 874 perpetrata
1564 805 1637 866 sunt,
1652 796 1680 849 in
1696 793 1755 847 irri-

958 900 1014 947 tum
1029 893 1147 948 deducta
1161 909 1221 948 esse
1236 893 1387 947 videantur.
1407 914 1418 937 ι

958 991 1105 1048 Canxll'.
1120 991 1195 1062 Quod
1209 993 1380 1047 necessitate
1396 991 1438 1046 uel
1448 988 1576 1045 utilitate
1591 980 1755 1039 mutilanda

1259 1065 1319 1118 sint
1333 1063 1455 1118 decreta.

993 1159 1058 1213 ltem
1075 1158 1200 1214 Gelasins
1214 1175 1284 1231 papa
1295 1159 1322 1214 in
1336 1158 1451 1214 decretis
1466 1155 1533 1221 suis,
1548 1169 1608 1224 cap.
1624 1149 1750 1221 blepist.

957 1247 984 1317 a)
1002 1267 1008 1303 :
1028 1271 1038 1296 s
1057 1248 1186 1318 Qnaedam
1220 1265 1268 1320 pro
1301 1256 1424 1320 tempore
1457 1261 1519 1301 esse
1547 1242 1669 1307 silenda,
1692 1254 1754 1311 qnae

959 1345 1046 1392 tamen
1063 1337 1212 1394 manifeste
1232 1353 1286 1394 non
1308 1336 1440 1392 iulamant
1454 1333 1622 1397 Ecclesiam,
1646 1327 1754 1385 etiarnsi

956 1426 1003 1481 illa
1016 1443 1211 1499 nonnunquam
1232 1425 1338 1482 silenda
1360 1432 1424 1480 sunt
1441 1440 1448 1479 ε
1464 1441 1527 1496 quae
1547 1422 1569 1477 si
1593 1427 1753 1477 ceterorum

954 1523 1063 1575 constat
1095 1516 1255 1588 integritas,
1279 1514 1336 1570 sola
1359 1529 1458 1571 nocere
1479 1528 1533 1567 non
1557 1509 1681 1576 valeant,
1707 1506 1753 1560 illa

956 1620 1122 1676 magnopere
1138 1612 1199 1659 stant
1214 1604 1393 1676 praecavenda
1408 1619 1469 1674 quae
1483 1601 1567 1670 recipi
1583 1599 1643 1654 sine
1662 1595 1752 1650 mani-

104 1690 180 1761 grari
197 1689 316 1748 facinore
331 1693 459 1761 inlectus,
478 1695 520 1750 rel
535 1695 676 1750 illiteratus
699 1695 741 1750 vel
763 1695 900 1767 bigamus,
915 1717 943 1777 B
959 1693 1027 1749 testa
1042 1693 1225 1749 declaratione
1245 1709 1298 1749 non
1320 1701 1441 1764 possunt.
1462 1694 1500 1746 llc
1520 1689 1543 1744 ai
1566 1704 1599 1743 ca
1618 1688 1677 1758 ipsa
1692 1701 1753 1757 quae

104 1778 149 1833 rel
162 1778 197 1833 ab
212 1779 265 1836 alio
281 1780 436 1837 derelictam
452 1784 576 1848 sortitus,
592 1784 634 1839 uel
651 1799 768 1854 corpore
782 1785 902 1849 vitiatus,
958 1782 1031 1837 nullo
1054 1782 1215 1838 detrimento
1234 1782 1381 1854 aliquoties
1402 1778 1570 1852 indulgenda
1593 1775 1752 1838 creduntur,

107 1865 151 1920 uel
165 1867 272 1922 servilis
287 1878 332 1924 aut
347 1871 505 1942 originariae
521 1871 691 1938 conditionis,
707 1872 749 1927 rel
765 1873 847 1928 enriaa
860 1871 903 1927 vel

108 1953 276 2025 publicarum
302 1974 391 2013 rerum
415 1960 534 2015 nexibus
554 1960 713 2030 implicitus,
727 1961 772 2015 vel
794 1959 905 2032 publica

107 2043 265 2113 poenilentia
284 2055 401 2114 notatus,
418 2049 460 2103 rel
475 2049 549 2104 nulla
573 2050 753 2122 congruentia
777 2049 904 2120 temporis

109 2135 313 2203 exspectatione
327 2136 481 2192 discussus,
499 2160 510 2185 s

110 2229 174 2286 Cae.
186 2232 233 2287 xt.
242 2234 311 2289 ltcm
320 2234 349 2289 ιιι
355 2236 430 2289 tuitu
439 2237 610 2308 pietalispro
618 2240 720 2291 eueatu
730 2239 903 2308 preceptum

342 2308 450 2378 portien
466 2311 665 2379 temperatum.

145 2398 321 2454 Postmodum
337 2408 427 2457 lamen
443 2401 470 2456 in
484 2402 587 2458 eisdem
603 2402 732 2467 decretis,
748 2417 809 2474 cap.
827 2407 859 2466 o,
870 2403 904 2457 de

107 2483 242 2548 illiteratis
268 2496 294 2542 et
312 2505 427 2560 corpore
452 2492 552 2545 vitiatis
565 2492 624 2545 ait:
644 2515 655 2540 a
674 2492 700 2547 Si
716 2493 763 2562 qui
777 2492 820 2547 rel
836 2507 903 2563 pro-

107 2573 168 2644 pria
184 2576 345 2642 temeritate,
361 2579 404 2632 rel
419 2578 523 2633 incuria
543 2580 742 2649 presidentium
758 2581 825 2635 tales
839 2596 904 2635 sus-

108 2662 180 2733 eepti
196 2667 270 2730 sunt,
295 2665 361 2719 nihil
386 2667 453 2720 ultra
479 2668 659 2738 promotionis
681 2669 831 2739 accipiant,
857 2685 905 2725 sa-

18 2814 20 2819 ,
109 2750 198 2824 tisqne
214 2753 329 2809 babeant
345 2756 397 2812 lroc
412 2756 463 2810 sibi
478 2772 526 2827 pro
541 2756 625 2811 nimio
640 2757 813 2813 nriseratione
836 2774 905 2813 eon-

110 2854 228 2897 cessum.
248 2869 258 2891 a
282 2844 348 2899 Item
374 2861 408 2900 ex
431 2845 550 2901 decretis
578 2846 664 2901 Siricii
688 2863 780 2916 pupae,
796 2862 855 2918 cap.
872 2848 906 2902 tn

111 2929 204 3000 (epist.
225 2933 250 2996 l,
266 2932 299 2987 ad
315 2933 437 3004 Himer.)
456 2935 490 2989 de
508 2935 665 3004 paenitente,
681 2936 792 3007 digamo
809 2935 851 2990 rel
866 2935 906 2991 vi-

108 3016 169 3072 duae
184 3021 283 3076 marito
303 3021 404 3077 clerieo
424 3022 498 3078 tacto
515 3043 521 3077 :
539 3045 550 3073 ι
568 3023 627 3079 Nos
648 3024 758 3078 iuterim
775 3023 833 3079 solo
848 3023 905 3094 pie·

108 3105 173 3161 tatis
185 3106 282 3164 iutuitu
309 3126 421 3166 necesse
444 3119 485 3166 est
508 3111 657 3167 clementer
673 3112 824 3185 ignoscere,
841 3113 903 3183 qui-

60 3228 64 3235 ·
106 3209 213 3267 ctrnqne
233 3197 382 3267 poeniteus,
406 3198 560 3270 quicunque
582 3200 725 3272 digamus,
749 3200 903 3273 quicunqne

105 3283 196 3341 uiduae
210 3287 322 3341 maritus
336 3288 369 3342 ad
385 3303 490 3343 sacram
505 3289 628 3343 militiam
652 3289 772 3345 indebite
795 3289 902 3345 incom-

107 3382 285 3449 petenterque
300 3378 452 3450 irrepserit,
475 3380 528 3435 trac
550 3378 602 3435 sibi
626 3381 783 3435 conditione
796 3396 811 3434 a
826 3380 904 3435 nobis

107 3464 215 3520 veniam
230 3467 382 3522 relaxatam
399 3468 541 3538 intelligat,
558 3473 703 3538 almagno
722 3468 819 3523 ‹lebeat
833 3485 903 3524 eom·

105 3560 201 3623 putare
216 3554 361 3623 beneticio,
378 3556 411 3621 si,
427 3556 551 3628 adempta
567 3556 616 3610 sibi
632 3557 704 3610 omni
724 3572 773 3626 spe
795 3572 901 3628 promo·

104 3641 205 3708 tionis,
229 3644 257 3697 in
280 3660 334 3716 qno
358 3643 492 3699 invenitur
515 3644 625 3711 ordine,
649 3644 675 3698 in
700 3647 752 3700 hnc
773 3654 902 3717 perpetua

105 3730 251 3786 stabilitate
270 3741 440 3803 permaneat.
462 3756 472 3781 a

124 3826 190 3884 Car.
199 3828 261 3882 xit.
274 3830 344 3885 ltem
360 3831 539 3886 necessitatis
552 3831 662 3886 intuitu
676 3831 881 3888 intermissum.

140 3923 214 3978 ldern
228 3941 309 3996 papa,
321 3943 381 3981 cum
397 3927 431 3982 de
447 3927 565 3998 quodam
578 3927 707 3999 episcopo
722 3938 823 4000 praeter
834 3930 902 3985 noti·

105 4011 169 4068 tiam
184 4016 385 4084 metropolitani
400 4016 535 4082 ordinato,
547 4017 804 4089 intercocpiscopos
818 4037 901 4090 grave

25 4130 28 4135 ·
104 4109 260 4166 scandalum
277 4110 361 4180 fieret,
378 4113 413 4167 nit
428 4114 454 4168 in
471 4115 585 4186 epistola
600 4131 660 4180 sna,
676 4130 738 4184 cap.
754 4115 771 4169 2
785 4135 790 4170 :
804 4140 815 4161 ·
829 4116 902 4185 Quin·

104 4198 177 4253 niam
199 4199 329 4272 quidquid
362 4201 398 4256 ab
427 4203 553 4259 alterutra
579 4212 655 4272 parte
679 4211 720 4258 est
743 4204 900 4269 indicatum,

106 4287 180 4343 omni
201 4287 324 4343 violemus
355 4292 533 4360 perversitate
565 4291 725 4360 contusum,
750 4299 899 4362 temporum

958 1871 1000 1926 vel
1016 1887 1104 1926 rerum
1120 1880 1325 1942 temporumque
1347 1871 1420 1941 cogit
1440 1868 1563 1931 intuitus,
1581 1864 1624 1920 vel
1646 1862 1753 1919 accele-

958 1975 1020 2014 rare
1043 1959 1207 2030 provisionis
1229 1965 1373 2029 respectus
1395 1963 1522 2021 excusat,
1545 1961 1647 2026 quanto
1667 1949 1753 2018 magis

957 2048 1003 2104 illa
1019 2049 1171 2105 nullatenus
1185 2056 1247 2103 saint
1262 2047 1410 2102 mutilanda
1429 2062 1491 2117 quae
1512 2059 1562 2100 nec
1582 2043 1635 2097 nlla
1660 2056 1754 2096 neees-

958 2138 1036 2204 silas,
1051 2154 1102 2193 nec
1120 2138 1294 2210 evangelica,
1314 2152 1365 2192 nec
1385 2135 1441 2189 ulla
1462 2149 1572 2205 prorsus
1595 2136 1755 2201 extorqueat

958 2228 1077 2282 utilitas‘?
1105 2226 1257 2299 Aliquando
1277 2226 1348 2281 enim
1368 2241 1417 2295 pro
1439 2223 1601 2279 necessitate
1620 2220 1664 2276 rel
1681 2218 1754 2274 utili·

959 2320 1012 2371 tate
1034 2315 1161 2372 Ecclesiae
1182 2315 1339 2370 mutilantur
1360 2322 1386 2369 et
1406 2312 1530 2368 laxantur
1548 2318 1686 2382 praecepta
1704 2323 1752 2364 ca·

957 2420 1069 2461 ssOsslttss.
1092 2427 1104 2452 ιι

1135 2503 1201 2558 Car.
1216 2503 1279 2558 xl.
1302 2500 1368 2559 item
1393 2501 1574 2558 necessitate.

993 2601 1172 2668 Necessitate,
1188 2607 1219 2656 ut
1231 2602 1405 2657 Innocentius
1420 2615 1491 2671 papa
1510 2599 1537 2652 ιιι
1556 2596 1674 2653 decretis
1688 2594 1753 2662 suis,

959 2707 1019 2762 cap.
1036 2692 1215 2761 56‚testatur,
1241 2689 1381 2759 «Quoties
1402 2706 1416 2741 a
1439 2687 1546 2760 populis
1568 2685 1612 2740 rel
1635 2700 1651 2738 a
1675 2684 1754 2740 turba

959 2789 1101 2853 peceatur;
1117 2781 1181 2848 quia
1193 2780 1221 2833 in
1236 2795 1333 2835 omnes
1358 2786 1467 2848 propter
1487 2775 1685 2831 multitudinem
1701 2789 1754 2828 nou

958 2874 1048 2942 potest
1063 2869 1205 2934 uindicari,
1221 2868 1334 2923 inultum
1349 2867 1464 2922 transire
1476 2867 1553 2921 solet.
1577 2865 1672 2920 Priora
1687 2877 1755 2936 ergo

958 2959 1019 3014 dico
1041 2959 1202 3014 dimittenda
1218 2956 1265 3012 Dei
1277 2957 1391 3026 judicio,
1412 2963 1439 3011 et
1459 2955 1492 3010 de
1512 2955 1617 3025 reliquo
1636 2954 1755 3008 maxims

920 3065 945 3129 C
959 3049 1140 3105 sollicitudine
1154 3046 1341 3118 precavenda.
1359 3068 1370 3095 ι

1152 3147 1217 3200 Cae.
1232 3145 1305 3199 xvt.
1327 3143 1399 3199 lteris
1415 3144 1556 3198 ulilitate.

992 3243 1111 3299 Utilitate
1132 3259 1198 3297 uero
1215 3261 1221 3296 :
1241 3264 1252 3288 a
1269 3243 1304 3298 Ut
1319 3241 1346 3295 in
1361 3240 1492 3296 lleldensi
1513 3238 1629 3295 concilio
1658 3237 1753 3308 probi·

957 3331 1035 3386 betur
1058 3333 1091 3387 de
1112 3331 1174 3386 filiis
1194 3331 1328 3404 uirginum
1351 3329 1474 3402 pervim
1498 3332 1643 3399 raptarum,
1667 3327 1752 3382 etsie

956 3420 990 3475 ad
1005 3420 1159 3492 conjuginm
1179 3429 1315 3489 raptorum
1338 3418 1534 3490 applicatarum
1558 3416 1602 3470 tali
1624 3415 1752 3486 conjugio

956 3509 1075 3581 generati
1109 3508 1282 3564 ecelesiastici
1311 3507 1453 3562 ordinibus
1483 3520 1538 3560 non
1569 3505 1750 3575 applicentur,

956 3597 1009 3652 nisi
1040 3597 1108 3652 torte
1128 3613 1175 3652 eus
1196 3603 1243 3651 aut
1262 3597 1381 3651 maxima
1412 3594 1543 3650 Ecclesiae
1568 3593 1684 3659 utilitas,
1709 3593 1752 3648 vel

956 3686 1103 3741 necessitas
1116 3685 1242 3756 postulat,
1265 3685 1307 3739 rel
1331 3685 1446 3740 euidens
1468 3684 1624 3737 meritorum
1644 3698 1751 3752 praero-

956 3775 1048 3845 gativa
1062 3775 1245 3830 commendet.
1266 3775 1313 3829 Cui
1336 3783 1362 3829 et
1378 3776 1471 3828 Petrus
1492 3771 1670 3837 conconlans,
1686 3771 1728 3826 ait
1744 3787 1751 3826 ε

956 3863 992 3920 Ira
1007 3865 1126 3920 acritate
1141 3865 1273 3935 comperi,
1289 3865 1355 3934 quic
1370 3878 1428 3917 non
1444 3865 1488 3916 cst
1501 3875 1686 3932 personarum
1702 3876 1751 3915 nc·

956 3960 1050 4026 ceptor
1066 3956 1135 4008 lleats
1151 3953 1223 4017 (rtet.
1240 3969 1267 4014 x,
1284 3952 1329 4020 3l)
1347 3975 1371 4018 a,
1390 3958 1445 4007 etc.

956 4069 1113 4125 clnxvtt.
1127 4069 1205 4134 ltern,
1216 4084 1281 4124 cum
1296 4069 1410 4122 nullum-
1426 4068 1541 4122 onssrino
1552 4068 1700 4138 peccatum
1714 4067 1751 4121 sit

991 4139 1751 4211 perpetrandum‚matlilnturprreecptnmcneoraicum,

990 4216 1024 4266 nt
1045 4212 1075 4266 in
1096 4212 1269 4278 difficultate
1288 4211 1405 4279 majoris
1429 4213 1458 4264 et
1478 4210 1600 4262 minoris
1621 4209 1752 4262 criminis

990 4286 1087 4337 arietes
1101 4284 1139 4336 sit
1154 4281 1323 4352 elipande-m.

105 4378 272 4432 necessitate
293 4387 452 4450 prospecta,
475 4381 526 4435 hac
547 4380 650 4434 ratione
670 4379 843 4436 decernimus
864 4381 939 4481 astiD
991 4379 1061 4449 Quia
1075 4394 1141 4450 ergo
1156 4378 1184 4432 in
1198 4377 1315 4432 diversis
1330 4375 1453 4446 personis
1471 4391 1489 4431 a
1509 4383 1547 4431 tot
1570 4376 1669 4431 sanctis
1686 4377 1752 4431 airis

20 4512 26 4519 .
104 4464 210 4519 veniam
225 4466 358 4538 pertinere
381 4469 453 4540 quod
469 4477 575 4541 gestum
591 4472 640 4530 est,
656 4475 684 4522 ut
700 4468 829 4540 deinceps
843 4468 901 4524 nul·

22 4604 30 4613 ,
101 4549 144 4608 lus
157 4562 256 4623 praeter
270 4555 391 4610 notitiam
407 4564 432 4611 et
446 4572 612 4612 eonsensum
639 4556 836 4627 metropolitani
851 4573 900 4613 or·

104 4640 213 4697 dinetur
227 4643 350 4699 antistes.
370 4665 381 4694 a

205 4740 269 4797 Car.
287 4742 361 4795 Xlll.
382 4740 452 4797 llam
467 4743 573 4815 pietate
588 4747 786 4815 temperatum.

138 4837 205 4892 ltenr
221 4838 274 4893 Leo
289 4855 360 4910 papa
375 4839 401 4893 in
417 4839 535 4895 decretis
550 4841 614 4903 suis,
631 4857 692 4914 cap.
710 4845 742 4895 aa
754 4842 841 4912 (epist.
853 4846 898 4909 aa,

99 4941 171 4997 resp.
190 4928 216 4997 l)
233 4946 239 4981 :
258 4952 268 4973 a
286 4928 367 4982 Nulla
387 4928 454 4982 ratio
472 4929 534 4983 sinit
553 4938 581 4983 nt
606 4932 675 4985 inter
694 4931 839 5001 episcopos
854 4933 898 4986 lra-

38 5034 42 5039 ·
98 5012 215 5070 beantur
237 5015 281 5087 qni
297 5032 347 5070 nec
362 5032 378 5070 a
393 5016 500 5071 clericis
521 5027 582 5073 sunt
603 5019 691 5083 electi,
715 5035 765 5073 nec
779 5035 795 5073 a
810 5019 899 5088 plebi·

100 5102 151 5158 bus
177 5104 299 5174 expetiti,
330 5122 379 5159 nec
401 5122 415 5160 ιι
439 5106 649 5175 prouincialibus
668 5107 805 5178 episcopia
838 5123 898 5161 cum

100 5194 301 5262 metropolitani
314 5193 420 5262 judicio
436 5196 597 5250 consecrati.
619 5196 650 5250 Si
672 5196 717 5265 qui
739 5204 828 5250 tamen
848 5196 900 5251 clc-

100 5279 149 5336 rici
165 5280 200 5334 ab
216 5280 257 5335 his
274 5282 516 5354 pseudoepiscopis
531 5284 559 5338 in
579 5284 618 5338 eis
638 5284 759 5339 ecelesiis
782 5284 900 5340 ordinati

98 5374 162 5423 sunt
176 5383 236 5437 quse
251 5369 285 5424 ad
300 5370 428 5441 proprios
453 5373 597 5444 episcopos
616 5373 797 5444 pertinebant,
812 5379 836 5427 ct
851 5388 897 5427 nr·

95 5455 199 5513 dinatio
213 5470 307 5510 eorum
319 5472 453 5514 consensu
464 5460 600 5529 ctjudinio
612 5461 814 5532 praesidentium
827 5459 898 5516 lacta

28 5598 31 5603 .
96 5552 147 5616 est,
162 5549 252 5616 potest
266 5551 323 5600 rata
336 5547 445 5618 haberi,
461 5547 500 5603 ita
512 5555 543 5604 ut
556 5548 584 5604 in
601 5548 669 5622 ipsis
684 5548 806 5606 ecclesiis
829 5564 897 5621 per·

956 4469 1068 4539 pietate,
1084 4467 1258 4532 necessitate,
1278 4466 1401 4531 utilitate,
1425 4470 1574 4536 temperata
1594 4474 1655 4520 sunt
1676 4482 1749 4536 prae-

954 4561 1035 4627 cepta
1055 4556 1196 4620 canonica,
1213 4555 1355 4609 rideamus
1371 4556 1392 4608 si
1409 4555 1533 4610 similiter
1552 4555 1691 4621 agendum
1716 4555 1751 4608 sit

954 4645 980 4701 in
994 4661 1048 4701 una
1064 4645 1159 4714 quavis
1182 4660 1298 4715 persona
1319 4643 1401 4697 variis
1422 4642 1622 4697 difficultatibus
1637 4643 1750 4699 circnm-

955 4744 1044 4791 reuta.
1072 4734 1117 4788 Ait
1145 4733 1297 4804 Gregorius
1324 4732 1349 4785 in
1379 4731 1528 4786 lloralibns
1555 4731 1626 4787 libro
1650 4748 1748 4786 xxvi:

956 4846 967 4871 u
985 4824 1051 4879 Cum
1067 4838 1145 4877 mens
1165 4822 1234 4875 intur
1257 4821 1361 4890 majora
1386 4825 1412 4875 ct
1434 4820 1536 4874 minora
1558 4829 1666 4889 pecc-atu
1687 4835 1751 4876 con·

954 4911 1106 4981 stringitur,
1121 4911 1144 4964 si
1167 4909 1277 4964 omnino
1303 4908 1391 4962 nnllrrs
1419 4908 1522 4979 absque
1552 4913 1665 4979 peccalo
1687 4923 1750 4963 era-

953 5000 1036 5055 dendi
1051 5006 1123 5070 patet
1138 4998 1236 5060 aditus,
1252 4997 1358 5052 ruinosa
1380 5013 1487 5067 semper
1508 4997 1660 5068 eligardum
1678 4996 1751 5066 qnia,

953 5089 998 5158 qui
1017 5103 1154 5144 murorum
1174 5087 1275 5142 ambitu
1297 5103 1331 5141 ne
1350 5086 1437 5157 fugiat
1459 5085 1605 5145 clauditur,
1622 5086 1659 5138 ibi
1675 5101 1706 5140 se
1723 5087 1750 5139 in

954 5177 1045 5248 lugam
1061 5176 1220 5245 praecipitat,
1237 5176 1281 5230 ubi
1298 5174 1404 5230 brevior
1419 5191 1509 5228 murus
1525 5174 1668 5228 invenitur.
1689 5197 1699 5220 ι

1019 5274 1086 5329 Car.
1102 5273 1202 5328 XVlll.
1222 5275 1254 5330 tlt
1270 5277 1352 5345 turpe
1366 5273 1534 5345 promissum
1548 5289 1604 5328 econ
1620 5271 1682 5340 fiat.

987 5369 1065 5427 Unde
1091 5369 1250 5425 Ambrosius
1278 5370 1318 5423 Dc
1346 5365 1440 5422 ollieiis
1463 5367 1509 5421 lib.
1534 5384 1563 5421 ιιι
1588 5370 1659 5438 (cap.
1679 5367 1749 5435 ti):

954 5483 965 5507 s
983 5459 1055 5514 Nilail
1078 5458 1219 5529 promittas
1242 5457 1428 5521 inhonestum;
1456 5465 1502 5511 aut
1527 5456 1548 5510 si
1581 5456 1751 5525 promiseris,

952 5547 1118 5605 tolerabilius
1131 5547 1268 5620 promissa
1281 5562 1336 5602 nnn
1350 5546 1442 5602 tacere
1457 5561 1538 5618 quam
1554 5545 1655 5613 tacere,
1676 5544 1749 5617 quod
