3728 6000
66 254 120 312 tos
607 252 797 316 ttxeosuto
816 257 951 316 ALTERA
972 259 1008 315 stt
1027 258 1163 316 clauc.
1655 252 1710 319 bid

62 381 181 456 suspirat
202 381 236 438 sd
267 380 377 451 iactum,
403 384 549 458 degustato
564 383 598 440 ad
623 384 717 440 horam
732 384 804 456 quod
828 400 863 440 ex
875 383 904 445 A
918 400 973 440 non
986 383 1057 455 sapit
1083 383 1194 440 babenti
1209 383 1236 440 in
1260 400 1294 442 eo
1322 385 1368 458 qui
1383 382 1503 440 omnium
1522 381 1649 439 virtutum
1665 399 1714 441 sa·

60 480 139 545 parte
154 478 206 538 ast,
222 470 375 528 accubitum
390 489 439 530 seu
466 473 590 546 requiem
618 472 757 529 desiderat
783 472 811 527 in
827 487 860 528 eo
915 472 1017 545 pientia
1031 480 1083 529 ast.
1103 475 1133 527 ln
1148 488 1201 543 quo
1214 475 1285 529 sieut
1308 489 1373 530 vcra
1387 480 1414 530 et
1439 472 1527 528 solida
1548 472 1636 529 virtus
1662 479 1713 542 est,
1754 491 1760 499 ·

61 558 135 632 quad
159 559 312 632 perfeetum
336 568 389 617 εει.
431 563 462 616 Ιιι
490 561 715 632 contemplatione
743 576 862 631 namque
915 577 969 618 non
986 562 1077 617 solum
1092 561 1208 617 studium
1223 562 1335 629 laboris,
1353 563 1395 619 vel
1410 561 1533 618 ambitus
1560 560 1714 630 uoluntatis,

61 649 166 704 summi
179 647 245 704 boni
259 664 293 704 ex
311 650 428 705 naturali
441 650 506 706 bani
517 650 601 721 ipsius
615 651 714 720 gratia,
726 665 861 721 prasum-
916 650 967 707 sed
981 649 1096 707 effeetus
1109 651 1202 719 animi,
1218 650 1380 724 habitusque
1394 652 1474 707 bona
1494 650 1591 706 rneotis
1607 666 1614 713 ;
1629 649 1714 706 sicud

59 736 157 809 ptibile
170 738 258 793 statim
274 736 333 793 lieri
343 736 415 795 solet
428 739 557 807 credenti,
574 739 704 811 quidquid
726 746 863 794 amantem
916 739 1006 812 ipsum
1021 756 1100 796 verus
1113 755 1144 797 ac
1160 741 1256 796 vivens
1275 755 1352 795 arnor
1373 747 1413 797 eat
1429 759 1435 805 ;
1452 756 1511 795 cum
1527 738 1573 810 qui
1594 742 1713 804 amatur,

62 825 184 883 defectat
198 845 206 894 ;
222 834 251 882 at
263 827 291 882 in
309 826 511 884 luminevultus
526 829 585 895 Dei,
601 827 668 883 sicut
695 843 749 884 non
775 835 864 898 potest
917 829 1018 884 amanti
1033 844 1083 900 per
1096 827 1262 884 intellectum
1290 844 1337 885 seu
1366 845 1476 884 sensum
1504 829 1605 883 amoris
1628 826 1715 898 ipsius

59 930 125 972 asse
139 914 291 988 aliquando
306 931 384 972 amor
394 916 453 972 sins
467 933 498 973 re
514 916 573 984 ,sic
599 932 687 987 neque
710 915 862 973 intellectus
917 925 1015 990 praesto
1030 925 1070 973 εει
1091 934 1097 973 :
1114 926 1142 973 et
1156 924 1218 972 tunc
1231 917 1380 973 lectuluset
1390 923 1527 985 noster,et
1538 916 1709 973 floridusest.

57 1003 117 1061 sine
131 1019 199 1075 spe.
219 1004 348 1074 Sequitur
363 1022 370 1059 :
917 1006 962 1063 Sic
977 1022 1046 1078 ergo
1061 1021 1233 1078 quecunque
1245 1006 1289 1062 hic
1303 1005 1338 1062 de
1353 1006 1451 1063 lectulo
1465 1005 1562 1061 flando
1585 1012 1612 1060 et
1625 1003 1714 1060 domi·

96 1091 660 1164 sTignadomorumnostrarumcedrina.
676 1093 862 1164 »Nonsolum,
917 1095 969 1150 bus
979 1094 1140 1165 contignatis
1156 1094 1337 1166 aclsqueatis,
1362 1095 1397 1150 ad
1423 1095 1559 1165 Sponsum
1589 1092 1714 1149 dicuntur

62 1180 102 1235 ait
117 1181 243 1249 lectulus,
258 1181 307 1237 sed
321 1190 349 1238 et
363 1182 463 1238 domus
477 1187 575 1239 nostroe
598 1183 715 1239 oderunt
737 1182 863 1239 solitudi·
917 1184 953 1238 ab
967 1185 1083 1255 Sponsa,
1101 1198 1155 1238 non
1169 1191 1230 1239 sunt
1245 1183 1329 1252 aliud,
1346 1200 1428 1257 quam
1442 1183 1469 1238 in
1485 1198 1532 1239 eor
1549 1197 1628 1238 suum
1643 1196 1712 1238 con·

58 1285 135 1325 nem.
150 1269 310 1327 sicutenim
321 1270 349 1326 in
364 1271 473 1340 lectulo,
490 1272 529 1328 sic
543 1280 569 1328 et
594 1289 639 1328 va
651 1272 703 1327 soii
730 1272 863 1329 habitanti
917 1273 1001 1328 scium
1016 1273 1103 1328 Deum
1118 1271 1235 1328 invitans
1247 1273 1295 1344 pia
1308 1272 1490 1328 conscientia.
1507 1270 1556 1327 Vel
1569 1270 1714 1344 subtiguis

58 1356 193 1414 indomo.
208 1358 271 1415 Non
284 1368 374 1416 autem
389 1376 469 1416 unam
480 1365 596 1426 lantum,
612 1362 659 1417 sed
675 1361 863 1433 quotvirtutes
917 1360 980 1416 fidei
994 1369 1020 1416 et
1034 1361 1103 1430 spei,
1120 1360 1173 1416 hoc
1188 1369 1226 1417 est
1236 1360 1263 1416 iu
1278 1361 1416 1417 communi
1431 1359 1552 1416 fidelium
1578 1359 1641 1426 vita,
1670 1374 1714 1416 re-

58 1445 145 1502 babet
158 1447 277 1519 Sponsa,
292 1455 332 1505 ιοι
346 1449 429 1505 babet
442 1450 538 1505 domos
551 1449 585 1505 ad
612 1449 801 1517 habitandum,
814 1465 863 1505 seu
917 1449 997 1520 quirit
1025 1450 1132 1520 Sponsa
1161 1450 1258 1505 lectum
1273 1449 1399 1505 floridum
1416 1467 1423 1504 :
1440 1449 1525 1505 etsub
1540 1446 1715 1521 laquearibus

57 1534 168 1606 Sponsa
177 1535 402 1593 cohabitandum.
419 1539 523 1594 Domus
537 1537 653 1609 Sponsae
664 1545 767 1593 sanctae
782 1537 864 1593 virtu·
916 1539 979 1595 vitae
993 1538 1112 1604 socialis,
1128 1537 1180 1592 fixa
1195 1537 1318 1593 stationis
1338 1543 1444 1594 certam
1461 1538 1629 1593 mansionem
1647 1551 1654 1605 ;
1670 1535 1715 1593 cui

56 1630 186 1693 lassant,
201 1624 235 1680 de
257 1625 356 1697 quibus
380 1626 408 1681 in
432 1627 542 1698 psalmo
571 1626 689 1699 legitur:
707 1649 718 1674 a
736 1626 809 1681 Deus
834 1624 864 1680 in
917 1635 1093 1683 mutuaecum
1109 1627 1217 1697 Sponsa
1244 1626 1379 1682 fruitionis
1406 1635 1431 1682 et
1460 1626 1559 1682 amoris
1580 1624 1713 1682 secretius

55 1711 188 1768 domibus
216 1713 286 1782 ejus,
321 1735 332 1762 u
351 1714 469 1787 Sponsas
490 1714 617 1771 videlieet
638 1721 859 1787 congnoscetur,
875 1740 902 1801 Β
917 1716 1055 1788 negotium
1084 1716 1277 1772 committatur.
1303 1715 1357 1771 Sed
1381 1715 1517 1786 aptiorem
1549 1715 1607 1770 haec
1625 1713 1714 1769 lenum

54 1814 121 1856 oum
145 1801 277 1872 suscipiet
292 1817 364 1870 earn,
385 1803 472 1874 ‚ipse
497 1803 620 1874 Sponsus
648 1804 734 1873 (Psoi.
756 1808 855 1872 xcvii).
915 1803 1083 1871 desiderent,
1099 1802 1713 1873 etjueundioremadaccumbendum;secre·

55 1888 467 1963 Sponsusquippeindomibus
482 1890 859 1964 Sponsaecognosaitur,cum
914 1892 1010 1948 tiorem
1036 1892 1069 1947 ad
1098 1891 1253 1961 fruendum,
1283 1892 1447 1948 securiorem
1469 1891 1504 1948 ad
1534 1889 1711 1947 manendum.

53 1984 192 2047 suscepte
206 1978 250 2033 uel
264 1987 418 2047 acceptaeet
433 1978 540 2050 placita
557 1978 584 2033 in
609 1978 696 2034 oculis
711 1978 772 2047 ejus
787 1994 860 2048 prm-
914 1983 975 2053 fpsa
998 1988 1038 2036 εει
1050 1979 1176 2045 charitas,
1196 2004 1206 2027 ι
1224 1979 1258 2035 da
1282 1981 1366 2035 corde
1380 1995 1456 2050 puro,
1489 1987 1515 2035 et
1543 1979 1712 2035 conscientia

53 2064 152 2121 sentiae
175 2065 263 2137 ipsius
277 2067 366 2139 qratia
380 2066 559 2122 illustrantur.
575 2066 639 2122 Alia
658 2066 796 2138 siquidem
819 2074 861 2122 εει
914 2068 997 2138 bona,
1014 2078 1040 2126 et
1055 2068 1108 2125 fide
1122 2084 1177 2124 non
1192 2067 1289 2138 fistal!
1304 2071 1377 2125 Tim.
1395 2070 1416 2139 ι)
1431 2084 1438 2124 :
1456 2088 1468 2118 ι
1488 2075 1515 2123 ει
1527 2066 1712 2123 seuinsolitu·
1812 2088 1819 2093 ·

53 2154 263 2226 auditasquam
293 2154 359 2211 facit
385 2155 510 2223 ebaritas,
536 2155 590 2210 alia
620 2171 702 2226 quam
725 2154 860 2211 facitsola
914 2159 987 2226 dine,
1003 2158 1088 2214 seuin
1104 2157 1192 2224 turba,
1207 2173 1255 2212 eor
1269 2157 1295 2212 in
1306 2159 1365 2213 Deo
1379 2156 1544 2214 solitarium.
1561 2155 1709 2226 Sequitur:

54 2242 236 2299 conducatis.
252 2243 409 2316 Omnesque
423 2261 455 2301 ae
467 2243 583 2317 singulae
597 2245 716 2299 virtutes
729 2243 789 2299 alite
798 2253 860 2301 sunt
1232 2247 1344 2303 CAPUT
1362 2248 1397 2302 ΙΙ.

53 2331 81 2385 ιιι
96 2330 160 2386 solo
175 2332 298 2403 appetitu
309 2333 455 2389 voluntatis
468 2349 502 2388 ex
516 2332 621 2402 judicio
648 2331 772 2399 rationis,
800 2330 861 2386 alia
951 2360 962 2386 a
977 2336 1093 2409 Egestas
1107 2336 1205 2406 campi,
1215 2343 1244 2393 et
1258 2333 1521 2391 iiliumconuailinm.
1540 2357 1551 2383 ι
1569 2331 1712 2402 Soletspi-

53 2417 84 2474 in
99 2416 200 2475 affectu
210 2420 306 2492 gratim
320 2418 494 2477 vivificantis.
516 2420 644 2490 Quandiu
671 2420 771 2476 etenim
780 2433 860 2476 com·
913 2425 981 2481 ritus
995 2424 1136 2496 sapientiae
1149 2424 1291 2480 ditandum
1305 2440 1384 2480 suurn
1412 2422 1489 2496 prius
1511 2421 1540 2478 in
1556 2437 1607 2478 suo
1617 2418 1714 2491 spiritu

55 2522 157 2563 mones
172 2517 237 2564 sunt
261 2509 370 2580 Sponsa
382 2524 416 2566 ac
430 2510 545 2581 Sponsoe
559 2510 656 2565 domus
682 2524 749 2577 suoe,
764 2508 861 2564 domus
913 2529 1075 2585 pauperare,
1091 2512 1292 2569 sublimandum
1309 2511 1477 2576 humiliare,
1494 2517 1523 2566 ut
1539 2526 1611 2566 verae
1625 2508 1714 2565 altitu·

54 2596 200 2666 uirtutum,
215 2598 355 2654 munimen
379 2599 482 2654 babent
509 2615 587 2653 sunm
613 2599 768 2672 egregium,
785 2597 861 2668 tigna
913 2602 1003 2658 dinem
1020 2602 1196 2674 perfectionis
1213 2601 1365 2658 consolidet
1389 2600 1416 2656 iu
1433 2599 1612 2655 fundamento
1639 2612 1714 2655 verm

54 2685 222 2752 cedrina,ct
236 2685 362 2743 decorem
385 2687 553 2754 interiorem,
578 2688 719 2759 laquearia
744 2701 860 2756 oppres·
913 2689 1083 2745 humilitatis.
1114 2689 1197 2746 Cellae
1212 2705 1278 2746 vero
1305 2689 1418 2746 vinariae
1440 2688 1562 2751 altitudo,
1575 2687 1608 2742 ad
1631 2701 1712 2759 quam

54 2773 128 2831 sins.
146 2773 235 2848 Tigna
247 2775 357 2830 cedrina
371 2785 398 2831 et
411 2775 585 2847 imputribilia
611 2775 714 2831 suntin
735 2773 860 2830 domibus
913 2779 1036 2850 Sponsus
1051 2779 1185 2848 Sponsam
1209 2786 1286 2848 parat
1315 2777 1499 2842 introducere,
1529 2775 1633 2831 alienas
1658 2791 1714 2831 non

55 2863 194 2919 virtutum
223 2862 292 2920 fides
312 2871 413 2936 etspes
427 2864 678 2935 aeternitstis;sub
702 2871 772 2919 teoto
795 2877 860 2933 pro·
913 2868 1009 2939 recipit
1022 2866 1188 2933 altitudines,
1200 2866 1253 2923 nisi
1268 2882 1327 2922 eam
1339 2866 1373 2921 de
1385 2882 1438 2938 qua
1452 2865 1565 2921 dicitur:
1583 2861 1713 2933 «Quanto

56 2951 247 3009 tectionisflei
259 2953 321 3009 coeli
333 2962 431 3009 erecte
447 2953 474 3008 in
488 2953 593 3010 coelum
608 2953 705 3008 virtute
721 2958 803 3007 recta
813 2951 859 3004 in·
912 2958 1001 3024 major
1015 2973 1055 3023 es,
1072 2955 1218 3011 humiliate
1230 2955 1258 3010 in
1273 2955 1502 3019 omnibustliccii.
1517 2959 1569 3023 ur).
1581 2975 1592 3002 s
1604 2953 1713 3009 Etenim

56 3039 601 3113 annona.taqueanaveroeypresstna,
618 3049 643 3097 et
658 3038 859 3109 decoreoperis
888 3045 983 3116 ,sicut
997 3046 1088 3100 omnis
1102 3043 1225 3099 virtusin
1242 3042 1407 3111 infirmitate,
1438 3042 1478 3098 siu
1494 3042 1584 3097 omnis
1609 3040 1715 3112 justitia

54 3129 186 3195 wiliulfi.
216 3130 360 3186 010d0fl³
384 3129 493 3197 ι’ἰιῑιιῑθι
523 3129 680 3185 interiorem
699 3127 857 3200 Significtssl
912 3133 1099 3191 inhumilitate
1114 3132 1263 3202 perficitur.
1280 3129 1553 3203 Undebaptizaudus
1582 3129 1714 3185 boninus

54 3216 188 3274 decorem
206 3233 214 3273 t
230 3217 278 3288 qui
292 3226 333 3274 est
346 3219 374 3274 in
388 3219 569 3275 sollieitudine
582 3218 710 3274 servandi
724 3217 856 3273 unitatem
910 3221 937 3277 in
952 3221 1069 3278 iordane
1085 3221 1192 3277 dicebat
1204 3221 1238 3277 ad
1253 3222 1384 3276 loannem
1402 3238 1408 3275 :
1427 3240 1438 3270 ι
1457 3220 1521 3276 Sine
1548 3218 1631 3274 modo
1648 3235 1655 3281 ;
1672 3216 1714 3274 sic

55 3305 179 3376 spiritus.
197 3306 260 3376 ipsa
274 3314 318 3362 εει
332 3306 360 3362 in
373 3308 504 3364 charitate
523 3307 573 3362 Dei
589 3315 682 3362 mutua
697 3306 723 3360 in
735 3306 856 3361 invicem
910 3311 981 3366 enim
1010 3311 1090 3366 dccet
1104 3326 1156 3365 nos
1169 3309 1283 3379 implere
1298 3324 1408 3364 omnem
1430 3307 1562 3378 iustitiam
1590 3306 1707 3375 (Mettis.

55 3395 178 3452 charitas
203 3393 321 3451 liliorum
348 3396 459 3468 Sponsi,
480 3396 596 3453 invicem
618 3395 800 3468 diligentium,
812 3393 857 3447 in·
910 3401 962 3470 ιιι).
978 3398 1204 3469 Adimpletionem
1220 3397 1407 3470 ergojustitim
1419 3397 1576 3467 Sponsusin
1592 3396 1710 3467 Sponsa,

56 3482 370 3557 Vifffflsuwiitiessliums
382 3485 452 3541 Sicut
465 3486 491 3539 iu
502 3485 675 3557 laquearibus
694 3481 858 3555 lignaqunis
910 3504 966 3544 non
979 3492 1035 3542 tam
1051 3488 1173 3559 probans
1188 3503 1268 3557 quarn
1284 3486 1437 3558 approbans
1451 3484 1610 3540 humilitatis
1622 3484 1711 3540 virtu·

54 3571 288 3646 illaqueanturad
313 3573 506 3644 perficiendum
535 3573 689 3629 interiorem
717 3572 856 3638 decorem,
911 3571 1709 3648 romaum-,inquit«noscamptpttitinmconvattium.

56 3659 225 3733 interiusque
240 3662 391 3731 munimen,
416 3679 451 3718 ne
478 3661 543 3734 quid
570 3662 680 3732 irrepat,
697 3679 734 3717 ne
749 3660 814 3732 quid
826 3675 857 3716 se
911 3665 987 3721 Sicut
1003 3665 1088 3720 lilium
1103 3664 1274 3736 interspinas
1285 3682 1292 3731 ;
1302 3663 1505 3720 sicamicamea
1519 3662 1592 3718 iuter
1604 3660 1683 3717 filias.
1698 3683 1711 3711 ε

56 3749 168 3822 inflent
182 3750 254 3822 (i00d
265 3752 407 3807 ⁰⁰⁰lii⁵¹0l
417 3751 608 3817 inhabitantes,
634 3766 697 3806 tum
724 3763 778 3804 ΗΜ
790 3749 857 3803 011⁸·
912 3754 956 3810 Ac
971 3753 993 3808 si
1008 3753 1147 3809 dicattsi
1162 3752 1248 3807 tendis
1278 3751 1314 3807 ad
1342 3751 1540 3822 plenitudinem
1563 3749 1710 3817 fruitionis,

56 3838 124 3894 ritas
142 3837 172 3893 in
199 3838 315 3895 inuicem
338 3850 364 3896 et
378 3840 517 3911 capabiles
532 3840 594 3895 fucit
609 3847 635 3894 et
649 3853 776 3908 capaces.
793 3837 856 3892 Vir·
911 3858 974 3915 age,
986 3849 1090 3914 satage,
1106 3849 1135 3896 ut
1162 3840 1261 3896 babeas
1271 3839 1452 3896 similitudinis
1473 3855 1542 3895 meae
1565 3837 1712 3911 plenitudi-

56 3933 127 3983 tutes
140 3927 242 4000 quippe
261 3928 346 3984 animi
357 3929 456 3984 babere
471 3928 686 3984 videnturetiam
715 3927 798 3999 aliqui
812 3925 857 3981 in·
911 3948 985 3995 nem,
1002 3932 1052 3987 boe
1067 3931 1150 3986 estin
1165 3930 1238 3985 omiti
1254 3929 1424 4000 perfectione
1439 3927 1567 3984 virtutem
1581 3925 1713 3999 perfecta

55 4013 155 4071 fideles
171 4017 239 4083 ;aed
249 4017 398 4073 nuilmcsse
408 4019 631 4089 comprobantur,
647 4034 706 4090 quta
717 4015 858 4086 perfidem
912 4018 1080 4084 humilitatis,
1097 4019 1176 4087 cujus
1191 4016 1332 4089 exemplar
1345 4018 1392 4073 tibi
1416 4032 1487 4083 sum,
1504 4016 1555 4072 flos
1582 4014 1673 4088 campi
1687 4023 1715 4072 et

56 4111 85 4159 et
97 4119 176 4176 spem
192 4104 219 4160 in
234 4106 322 4162 Deum
337 4121 392 4160 non
407 4107 557 4178 eriguntur,
574 4114 601 4161 at
615 4122 676 4178 quae
690 4106 759 4160 intra
773 4105 859 4160 eccle·
912 4109 1001 4164 lilium
1016 4107 1190 4164 convallium.
1207 4108 1279 4162 iuter
1293 4107 1387 4163 liorem
1402 4107 1491 4176 campi
1506 4115 1533 4162 et
1548 4106 1633 4161 lilium
1649 4120 1714 4162 con-

56 4191 179 4249 siasticae
189 4192 300 4263 piatatis
314 4194 492 4250 domesticam
500 4195 629 4250 unitatem
645 4210 700 4250 non
713 4193 858 4250 coutinen—
912 4196 1034 4262 vallium,
1051 4211 1107 4253 non
1123 4195 1234 4251 minima
1247 4194 1376 4252 distantia
1395 4203 1449 4251 εει.
1468 4195 1517 4250 Εει
1540 4195 1642 4266 quippe
1661 4195 1715 4249 hu·

56 4288 104 4336 tur
114 4281 204 4351 (126).
223 4280 328 4338 Omnes
337 4299 455 4356 namque
470 4282 717 4339 bominesinritare
730 4282 765 4337 ad
776 4298 806 4337 se
815 4280 859 4338 vel
913 4286 1011 4341 militas
1026 4284 1160 4355 quaedam,
1177 4284 1253 4355 quasi
1268 4284 1430 4356 campestris
1444 4298 1478 4339 ae
1498 4282 1590 4354 plana,
1620 4297 1635 4336 a
1661 4296 1716 4354 qua

57 4369 291 4427 trabereuidetur
310 4371 370 4441 ipsa
391 4372 519 4427 virtutum
549 4372 677 4427 honestas
704 4370 858 4436 naturalis;
914 4390 996 4430 nemo
1012 4372 1154 4429 Christiani
1170 4373 1287 4428 nominis
1299 4373 1436 4444 particeps
1465 4372 1556 4428 facere
1583 4375 1716 4441 sepotest

57 4457 110 4514 sed
125 4457 180 4513 nisi
194 4458 220 4513 iu
236 4460 294 4516 Deo
308 4475 385 4516 raros
400 4459 745 4532 suscipitearumcbaritas,
759 4458 861 4514 nullum
876 4455 903 4518 D
918 4470 1089 4527 excusatum,
1114 4461 1269 4518 communis
1297 4462 1423 4517 omuibus
1451 4458 1606 4517 hominibus
1634 4457 1716 4513 etiam

55 4545 177 4603 ierim·
197 4547 273 4617 1⁶0⁰,
288 4548 359 4605 ³5⁰1st
372 4549 473 4605 dictum
489 4554 541 4615 ³⁵2·
557 4549 637 4604 eliam
654 4548 699 4620 qui
714 4547 861 4610 fotistuni.
921 4550 1040 4607 naturali
1064 4549 1172 4620 judicio
1187 4549 1311 4614 rationis,
1328 4549 1435 4606 scilicet
1448 4548 1548 4618 maJori
1562 4546 1674 4601 subesse
1689 4552 1717 4601 et

55 4636 178 4692 virtutes
190 4637 451 4710 aliquasaliquando
466 4638 592 4696 videntur
602 4637 705 4693 habere
715 4652 802 4709 usque
828 4635 863 4691 ad
916 4639 976 4712 pari
991 4656 1021 4695 se
1036 4655 1089 4695 non
1104 4638 1247 4711 praeferre.
1264 4639 1311 4693 Est
1326 4633 1716 4705 cteliasublimiorperfectio·

55 4731 159 4793 actum,
189 4724 224 4780 ad
252 4725 432 4792 voluntatem,
448 4727 531 4782 etiam
553 4742 639 4799 usque
667 4727 701 4781 ad
729 4740 861 4791 aurorem,
916 4729 958 4783 nis
973 4727 1111 4801 preamium
1128 4735 1299 4798 exspectans,
1316 4724 1454 4782 scilicetin
1483 4725 1541 4779 Deo
1570 4721 1717 4779 minorisa

59 4812 89 4867 in
104 4821 210 4869 ιειιιιιιιι
225 4822 256 4869 ut
268 4814 423 4870 inueniatur
436 4816 539 4889 aliquis
552 4831 656 4881 eorutn,
666 4814 740 4870 solos
754 4815 862 4869 eosho·
917 4817 1035 4872 subdere
1048 4823 1074 4871 ει
1086 4831 1182 4886 parem
1197 4814 1249 4870 sibi
1263 4814 1404 4885 praeferre,
1425 4826 1479 4867 non
1494 4818 1597 4867 mutum
1611 4809 1716 4880 judicio

58 4902 154 4958 mines
169 4902 256 4959 bonos
269 4904 458 4975 pronuntiare,
474 4905 521 4977 qui
536 4903 653 4960 oderunt
671 4918 786 4975 peccare
800 4902 861 4957 vir·
916 4905 1038 4973 rationis,
1055 4903 1107 4960 sed
1117 4903 1199 4959 etiam
1215 4904 1274 4974 ipso
1289 4900 1387 4959 affectu
1402 4899 1588 4957 conscientiae.
1604 4900 1716 4956 Haecest

55 4990 124 5046 tutis
154 5004 249 5048 amore
277 4992 398 5063 (Horas.
419 4995 502 5064 epist.
519 4993 568 5048 lib.
598 5009 616 5061 ι,
647 5008 695 5063 ep.
729 4991 773 5060 ιθ,
799 4992 857 5062 52).
915 4993 1001 5048 lilium
1017 4991 1181 5049 conuallium
1195 4992 1310 5047 altomm
1325 4989 1458 5055 cordium,
1474 4995 1628 5043 sanctarum
1643 5003 1716 5044 men·

56 5079 113 5136 Sed
129 5079 229 5150 quibus
243 5080 367 5137 Christus
381 5081 515 5154 sapientia
530 5089 571 5138 est
587 5100 595 5148 ς
610 5081 677 5152 ipsis
701 5081 760 5151 ipse
773 5080 862 5136 omnis
914 5083 994 5148 tium,
1010 5081 1152 5137 bominum
1167 5081 1350 5154 perfectorum
1364 5079 1467 5134 bonore
1477 5093 1508 5133 se
1523 5077 1717 5147 invicempree·

56 5167 148 5225 uirtus
163 5173 217 5226 ast.
242 5170 351 5227 Etenim
366 5170 395 5227 in
410 5170 545 5243 sapientia
560 5170 649 5227 omnis
660 5170 787 5225 uirtutum
800 5168 861 5240 ple·
916 5171 1094 5236 venientium,
1110 5170 1267 5242 superiores
1283 5167 1336 5224 sibi
1363 5168 1482 5224 inuicem
1508 5164 1712 5222 arbitrantium.

56 5256 159 5315 nitado
173 5257 339 5316 conductor.
358 5260 416 5316 Nee
430 5258 702 5332 aliquavirtusvirtus
716 5266 775 5328 est;
801 5273 861 5330 quae
917 5260 1030 5316 Vicinos
1045 5257 1147 5316 etenim
1163 5255 1512 5316 montesconrallisdividit
1524 5252 1713 5321 altitudo,unit

93 5506 168 5593 (lib)
183 5506 321 5591 Quodhic
336 5507 442 5592 ridetur
454 5513 551 5566 auctor
565 5525 626 5566 cum
641 5508 794 5593 Augustino
807 5525 859 5565 na·
913 5508 1071 5582 ponendum
1085 5517 1125 5566 εει
1138 5507 1173 5564 de
1184 5506 1328 5567 virtutibus
1341 5523 1402 5583 quae
1430 5507 1464 5562 ad
1478 5520 1594 5581 regnum
1622 5503 1713 5562 etalo-

56 5595 127 5657 rare
140 5588 255 5639 mutas
266 5578 330 5637 adar
342 5580 470 5638 stne-fide
490 5589 518 5638 et
531 5596 580 5653 spe
595 5595 722 5653 repenn,
750 5595 793 5655 pre
807 5596 860 5638 ex·
913 5596 971 5638 rum
985 5580 1199 5653 promerendum
1212 5580 1331 5641 valcant.
