3728 6000
156 239 209 298 aba

660 233 847 290 colmanni
866 232 1011 289 learns
1029 232 1058 289 s.
1077 198 1293 291 auaoaorucr

1750 229 1806 290 tbi

155 365 285 434 putantm
298 361 405 418 Christi.
418 361 542 433 Denique
554 360 614 429 ipse
629 358 695 415 dicit
711 375 717 412 ε
735 359 787 428 Qui
801 358 948 415 manducat
962 356 989 418 A
1004 359 1081 423 sciat,
1097 375 1144 414 aas
1166 375 1226 415 esse
1244 360 1460 431 corruptibiles?
1474 360 1504 416 Si
1520 367 1609 415 autem
1635 361 1669 416 ad
1689 361 1716 417 iu
1731 362 1805 432 quod

157 466 267 507 carnem
290 466 394 518 meam,
410 459 466 507 etc.
485 452 627 521 Tanquam
642 449 745 504 diceret
763 450 838 518 :Qui
856 463 910 503 non
926 447 954 501 in

157 557 202 595 me
218 547 317 607 manet,
334 556 387 595 non
405 556 435 595 se
456 540 528 594 dicat
552 546 599 593 aut
626 539 765 594 existimet
787 536 954 592 manducare

159 644 257 700 corpus
270 644 370 684 meum,
391 651 401 678 ι
420 629 602 699 Hieronymus
615 627 642 681 in
680 626 796 697 epistola
811 626 846 680 ad
862 626 954 695 Ephe·

159 717 216 774 sios
232 735 238 771 ε
259 741 270 766 ιι
286 717 434 788 Dupliciter
448 716 610 788 intelligitur
624 731 687 770 caro
703 715 820 782 Clrr·isti;
837 714 881 768 vel
895 712 954 782 spi-

159 806 263 862 ritualis
287 806 334 859 illa
349 816 428 875 atque
447 804 548 869 divina,
563 804 597 859 de
616 819 670 875 qua
693 804 751 874 ipse
779 803 869 857 dixit:
885 803 954 856 Caro

158 911 221 951 mea
234 911 299 950 vere
313 903 355 949 est
369 894 464 961 cibus;
480 893 523 949 rel
538 908 606 948 cero
622 892 680 960 illa,
694 907 755 961 quae
771 890 901 947 crucifixa
914 895 956 944 est

159 992 186 1040 et
200 984 338 1052 sepulte.»
355 985 420 1037 ltem
437 998 519 1053 super
534 981 647 1035 lsaiam:
665 1003 676 1028 ι
694 980 848 1035 Secundum
866 986 955 1048 tropo·

157 1071 259 1143 logiam
275 1086 423 1142 possumus
441 1072 542 1137 dicere,
555 1086 650 1125 omnes
670 1077 804 1124 amatores
828 1068 954 1138 volupta-

156 1169 213 1216 tum
228 1162 318 1233 magis
333 1176 414 1232 quam
429 1160 479 1214 Dei
501 1157 666 1216 sanctificari
680 1159 708 1214 in
730 1157 814 1213 hortis
829 1165 856 1212 et
870 1158 898 1210 in
918 1154 954 1210 li-

156 1250 296 1316 minibus;
312 1250 375 1320 quia
388 1248 518 1319 mysteria
529 1248 648 1303 veritatis
662 1263 716 1303 non
725 1247 814 1303 valent
827 1244 952 1312 introire,

157 1345 184 1393 et
201 1337 346 1394 comedere
373 1337 449 1392 cibos
476 1336 594 1407 pietatis,
610 1336 676 1390 dum
704 1350 758 1390 nou
777 1342 839 1388 sum
867 1332 953 1388 sancti

156 1441 271 1497 corpore
286 1434 310 1481 et
324 1425 418 1495 spiritu
431 1440 438 1495 ;
455 1441 505 1480 nec
521 1424 671 1479 comedunt
686 1438 796 1478 carnem
812 1424 887 1485 lesu,
902 1437 953 1476 nec

153 1513 251 1569 bibunt
265 1513 438 1585 sanguinem,
454 1511 488 1567 da
508 1528 562 1582 quo
577 1512 637 1583 ipse
652 1511 782 1584 loquitur.
799 1510 852 1578 Qui
871 1525 952 1564 nran-

153 1603 233 1660 ducat
247 1618 357 1658 carnem
372 1617 471 1670 meam,
480 1608 507 1656 et
521 1600 588 1655 bibit
602 1600 775 1672 sanguinem,
789 1620 800 1648 ιι
818 1607 869 1654 etc.
882 1596 951 1653 Item

1007 463 1057 519 par
1079 447 1254 519 illosagitur,
1276 449 1337 519 quis
1357 464 1410 503 non
1428 449 1542 518 judicat,
1557 464 1611 505 nou
1635 466 1714 521 posse
1738 466 1803 508 cor-

1008 537 1139 607 rumpit.»
1156 534 1370 592 ltemdelidead
1381 538 1487 592 Petrum
1502 554 1508 594 :
1528 538 1714 595 rSccrilicium
1726 540 1805 611 panis

1008 629 1037 679 et
1053 624 1107 679 vini
1121 625 1147 678 in
1161 623 1215 679 lide
1231 633 1256 680 et
1282 624 1413 680 charitate
1427 635 1515 680 sancta
1540 628 1661 683 Ecclesia
1675 644 1726 699 per
1739 630 1805 683 uni·

1007 729 1116 769 versum
1132 713 1226 768 orbem
1249 720 1329 770 terrm
1342 713 1441 769 offerre
1460 731 1513 770 nou
1537 723 1635 771 cessar.
1657 743 1668 764 ι
1690 719 1758 771 ltem
1777 717 1804 771 in

1007 815 1138 856 sermone
1152 801 1186 855 de
1201 816 1315 857 sacram.
1336 818 1343 856 ε
1361 824 1373 848 ιι
1388 803 1593 858 commendavit
1607 804 1687 859 nobis
1701 807 1729 859 in
1751 805 1805 860 isto

1007 897 1177 944 sacramento
1192 905 1291 961 corpus
1306 895 1334 945 et
1348 892 1508 964 sanguinem
1524 908 1612 958 suum,
1629 893 1703 962 quod
1721 894 1804 948 etiam

1008 976 1071 1032 lecit
1086 983 1112 1032 ct
1124 993 1174 1033 nos
1187 977 1273 1048 ipsos.
1301 979 1371 1032 Nam
1387 988 1412 1033 et
1437 995 1486 1035 uos
1500 995 1598 1052 corpus
1623 982 1683 1051 ejus
1697 998 1803 1049 sumus,

1007 1073 1033 1121 ct
1048 1082 1098 1138 per
1112 1066 1329 1122 misericordiam
1340 1067 1411 1137 ejus,
1428 1069 1499 1139 quod
1515 1069 1663 1140 accipimus
1679 1087 1730 1125 nos
1752 1070 1804 1141 ipsi

1007 1170 1111 1209 sumus.
1136 1155 1338 1222 Recordamioi,
1355 1165 1382 1211 ct
1402 1173 1451 1212 ros
1472 1173 1529 1212 non
1554 1158 1652 1224 scistis,
1669 1168 1695 1214 ct
1718 1161 1805 1215 creati

1006 1244 1095 1313 estis;
1111 1242 1147 1297 ad
1162 1258 1253 1299 aream
1275 1245 1443 1300 Dominicam
1460 1248 1609 1317 comparati
1624 1248 1707 1311 estis;
1724 1248 1803 1303 labo-

1006 1331 1082 1386 ribus
1098 1331 1188 1397 boum,
1206 1332 1233 1387 id
1255 1341 1296 1388 est
1311 1335 1530 1389 annuntiantium
1545 1336 1734 1408 Evangelium,
1753 1337 1803 1391 tri·

1006 1420 1089 1474 turati
1111 1420 1187 1486 estis,
1204 1420 1313 1491 quaudo
1335 1423 1521 1478 catechumeni
1544 1423 1751 1493 differebamini,
1776 1427 1804 1480 iu

1006 1508 1103 1563 horrea
1126 1508 1329 1579 servabamini;
1345 1526 1458 1565 munera
1480 1519 1570 1568 restra
1591 1512 1712 1577 dedistis,
1730 1513 1804 1585 cepi·

1005 1597 1053 1650 stis
1067 1597 1182 1667 majora,
1198 1606 1225 1652 et
1240 1613 1273 1653 ex
1289 1599 1441 1668 porticiniis
1456 1608 1551 1670 postea
1565 1601 1600 1657 ad
1622 1617 1721 1673 aquam
1734 1617 1803 1657 con·

150 1691 180 1744 in
194 1694 326 1762 aggeum
345 1711 351 1743 ι
370 1712 382 1737 ι
400 1690 531 1745 Sanctum
551 1687 660 1760 quidem
685 1695 734 1753 est,
756 1686 828 1759 quod
842 1684 952 1741 offertur
964 1710 991 1770 B
1005 1685 1127 1751 acuistis,
1144 1693 1171 1740 et
1190 1702 1251 1741 eum
1268 1688 1362 1757 spiritu
1376 1688 1436 1757 ejus
1453 1689 1526 1755 estis,
1543 1697 1568 1744 et
1584 1690 1662 1760 panis
1677 1691 1802 1746 Domini-

149 1780 179 1834 in
194 1779 273 1835 altari
286 1793 293 1848 ;
309 1778 357 1834 sed
372 1793 428 1832 non
443 1784 499 1833 tam
514 1776 692 1833 sanctificaris
708 1792 741 1831 ex
757 1773 950 1847 hostiis,quam
1006 1789 1053 1828 aas
1069 1773 1133 1829 lacti
1147 1774 1221 1830 estis.
1240 1775 1308 1830 Ecce
1320 1777 1391 1845 quod
1406 1777 1559 1848 accepistis.
1576 1776 1719 1846 Quomodo
1733 1795 1803 1851 ergo

147 1884 180 1923 aa
208 1883 241 1924 ec
265 1867 337 1937 quod
354 1867 380 1923 in
400 1865 571 1922 convallibus
586 1865 699 1934 habitas,
714 1872 741 1921 et
768 1865 865 1919 interes
879 1879 951 1918 mor·
1005 1877 1088 1916 uuum
1103 1861 1200 1917 ridetis
1215 1863 1366 1934 essequod
1382 1865 1481 1920 lactum
1497 1865 1541 1933 sit,
1557 1882 1640 1921 unum
1655 1875 1738 1922 estote
1752 1881 1803 1922 ros

146 1957 202 2012 tuis
225 1955 364 2026 operibuS,
381 1955 523 2026 pollueris.
542 1977 553 2003 ι
578 1955 645 2009 ltem
661 1955 688 2008 iu
712 1953 779 2024 psal.
795 1969 842 2007 cru
862 1970 868 2007 :
887 1975 898 2000 ιι
916 1953 950 2008 Ut
1003 1949 1152 2022 diligendo,
1167 1959 1192 2004 et
1215 1951 1332 2006 tenendo
1347 1968 1427 2006 unam
1447 1952 1536 2023 ladem,
1555 1970 1637 2008 unam
1652 1971 1740 2026 spem,
1756 1956 1802 2009 in-

147 2043 250 2102 educas
264 2059 364 2114 panem
379 2044 414 2098 de
428 2052 509 2111 terra,
527 2049 554 2097 et
569 2043 662 2100 riuum
686 2041 806 2096 laetilicet
821 2056 871 2096 car
895 2042 949 2095 ho·
1002 2037 1138 2093 dividuam
1154 2039 1325 2107 clraritatem,
1342 2040 1415 2095 sicut
1431 2057 1512 2096 unum
1529 2042 1556 2095 in
1579 2043 1672 2097 multis
1687 2043 1802 2099 racemis

144 2133 234 2189 minis.
251 2135 274 2188 Α
301 2133 399 2188 terreni
420 2132 541 2203 corporis
557 2146 635 2203 agro,
660 2147 742 2201 quem
765 2129 876 2185 anobis
897 2146 945 2183 as·
1003 2126 1062 2192 luit,
1079 2131 1105 2182 et
1121 2127 1200 2183 modo
1215 2127 1310 2181 vinum
1326 2138 1374 2182 est.
1392 2130 1470 2184 Unus
1486 2138 1527 2184 est
1541 2131 1567 2183 in
1583 2131 1716 2186 suavitate
1731 2133 1801 2187 calix

144 2222 270 2294 sumpsit,
286 2222 428 2292 proterens
444 2220 599 2291 mysterium
621 2219 739 2274 coelestis
752 2219 831 2289 panis
847 2234 878 2272 ac
892 2233 946 2288 pc·
1001 2223 1063 2285 post
1085 2230 1240 2285 pressuram
1256 2216 1414 2272 torcularis.
1439 2219 1472 2272 Et
1486 2234 1534 2273 ros
1556 2225 1618 2290 post
1638 2219 1682 2273 illa
1695 2219 1802 2290 jejunis

144 2311 197 2367 culi
217 2311 378 2374 salvatoris,
410 2325 462 2380 quo
489 2307 611 2364 reficitur
637 2307 800 2363 Ecclesia.»
819 2308 887 2361 ltem
918 2307 946 2359 iu
1000 2303 1029 2357 in
1044 2320 1108 2358 vase
1122 2303 1220 2358 Christi
1236 2312 1367 2375 tanquam
1391 2306 1426 2360 ad
1441 2307 1552 2362 calicem
1578 2308 1800 2373 venistis;etibi

144 2399 244 2454 lsaiarn
261 2416 266 2451 :
286 2421 296 2445 ι
314 2398 420 2452 Cibavit
436 2414 468 2450 ex
484 2396 564 2464 adipe
589 2395 741 2450 trementi:
767 2395 830 2466 quid
849 2395 946 2463 adipes
1001 2406 1049 2447 tos
1064 2393 1140 2457 estis,
1157 2400 1183 2447 ct
1198 2408 1246 2446 nos
1271 2393 1432 2448 vobiscum:
1448 2395 1525 2449 simul
1541 2396 1611 2449 enim
1628 2413 1677 2451 uos
1695 2413 1800 2464 sumus,

144 2502 199 2541 uon
213 2486 289 2540 aliud
300 2484 468 2555 intelligendi
494 2491 565 2547 sunt,
584 2499 664 2553 quarn
690 2483 804 2554 mystica
820 2498 894 2545 caro,
911 2482 946 2535 ad
1000 2479 1052 2535 hoc
1069 2480 1147 2534 simul
1169 2481 1296 2547 bibimus,
1312 2483 1375 2553 quia
1396 2483 1475 2537 simul
1498 2500 1548 2539 nos
1563 2487 1689 2541 vivimus.
1704 2509 1715 2532 ι
1733 2488 1800 2540 item

143 2591 225 2646 quiana
240 2575 372 2629 Dominus
385 2573 480 2626 inritat
507 2572 656 2642 discipulos
671 2588 735 2626 suos
750 2573 843 2626 dicens
861 2589 867 2626 :
885 2570 945 2625 Nisi
999 2570 1032 2624 ad
1049 2569 1237 2623 Bonilacium:
1257 2593 1268 2618 ιι
1284 2570 1363 2640 Serpa
1379 2571 1415 2626 ita
1429 2572 1574 2641 loquimur,
1591 2582 1620 2627 ut
1635 2575 1734 2628 Pascha
1751 2590 1800 2644 ap-

144 2661 501 2718 mandacaveritiscarnem
518 2660 859 2726 meam,etc.Undectin
877 2659 944 2713 salle
999 2657 1208 2728 propinquante,
1230 2659 1353 2713 dicamus
1374 2661 1521 2715 crastinam
1551 2663 1594 2717 vel
1621 2663 1799 2731 perendinam

144 2750 318 2808 Gethsernani
334 2750 448 2804 traditus
462 2757 513 2816 est,
530 2750 602 2820 quod
618 2748 750 2820 significat
766 2748 862 2802 vallem
877 2763 943 2802 aro·
999 2762 1060 2800 esse
1081 2747 1189 2800 Domini
1204 2747 1369 2816 passionem,
1390 2765 1450 2802 eum
1476 2750 1521 2804 ille
1543 2759 1675 2805 antelam
1700 2752 1800 2805 multos

142 2847 241 2895 malurn
253 2839 409 2910 adipeamr
423 2837 591 2907 Augustinus
602 2839 825 2907 supechaunem
839 2853 845 2889 ι
860 2861 869 2882 ι
885 2837 944 2906 Spi·
997 2849 1083 2889 annos
1097 2851 1195 2903 passus
1209 2837 1251 2900 sit,
1270 2852 1319 2890 nec
1340 2837 1452 2892 omnino
1467 2838 1518 2891 nisi
1541 2839 1625 2894 semel
1649 2839 1740 2909 passio
1755 2840 1803 2894 illa

141 2928 243 2983 ritualia
258 2927 343 2982 virtus
367 2925 529 2982 sacramenti
544 2926 580 2979 ita
604 2933 643 2980 est
657 2935 685 2979 ut
701 2925 760 2992 lux,
777 2932 803 2979 et
818 2925 852 2978 ab
876 2924 942 2978 illu·
998 2921 1067 2977 iacta
1083 2924 1127 2978 sit.
1142 2925 1248 2992 Nempe
1264 2925 1324 2994 ipso
1339 2926 1383 2979 die
1400 2927 1542 2981 Dominico
1556 2928 1670 2981 dicimus
1688 2945 1694 2980 z
1712 2928 1801 2983 llcdie

141 3015 279 3072 mirandis
294 3030 361 3086 pura
376 3015 520 3085 excipitur,
537 3013 598 3069 etsi
614 3030 663 3082 per
678 3013 837 3068 immundos
851 3021 941 3067 trans·
998 3011 1130 3066 Dominus
1146 3015 1307 3079 resurrexit,
1320 3030 1381 3067 cum
1397 3031 1430 3069 ex
1446 3030 1503 3086 quo
1518 3017 1674 3082 resurrexit,
1684 3024 1722 3071 tot
1737 3024 1801 3078 anni

141 3113 194 3172 cat,
217 3120 272 3160 aon
301 3105 472 3175 inquinatur.
504 3103 593 3156 Etiam
622 3103 668 3171 quii
698 3101 778 3157 suerit
807 3067 1170 3172 superbusctransicrint;
1188 3109 1278 3156 tamen
1294 3118 1373 3156 nemo
1391 3111 1444 3156 tam
1464 3104 1570 3175 ineptus
1586 3113 1635 3170 est,
1653 3112 1682 3158 ut
1700 3121 1749 3160 nas
1763 3104 1800 3161 ita

141 3193 265 3249 minister
280 3208 342 3248 cum
356 3191 451 3246 zabulo
471 3197 648 3262 computatur,
671 3189 720 3244 scd
745 3204 799 3244 non
814 3190 944 3244 coutami-
998 3189 1139 3259 loquentes
1154 3198 1250 3262 arguat
1265 3206 1325 3245 esse
1349 3192 1486 3254 mentitos,
1501 3192 1627 3249 videlicet
1643 3194 1707 3264 quia
1729 3193 1800 3250 istos

140 3291 231 3339 natur.
251 3306 262 3330 ι
283 3281 441 3351 Hieronym.
456 3278 483 3334 in
499 3279 619 3349 Sophon.
638 3298 644 3333 ε
663 3301 674 3326 ι
693 3277 853 3334 Sacerdotes
873 3293 943 3348 quo·
998 3277 1066 3342 dies,
1083 3280 1233 3334 secundum
1249 3278 1355 3333 illorum
1371 3280 1468 3349 quibus
1484 3281 1542 3337 haec
1555 3291 1711 3354 gestasunt,
1723 3281 1800 3337 simi-

142 3387 195 3442 que
210 3370 256 3443 qui
270 3369 441 3426 euclraristiae
454 3367 584 3434 seruiunt,
601 3374 628 3423 et
649 3366 811 3439 sanguinem
835 3366 944 3421 Domini
999 3365 1140 3422 litudincm
1156 3383 1344 3438 nuncupamus
1362 3386 1368 3422 :
1384 3378 1411 3422 ut
1426 3369 1533 3424 dicatur
1547 3371 1605 3441 ipse
1620 3379 1661 3424 est
1675 3370 1798 3442 dies,qui

141 3460 249 3532 populis
263 3459 323 3528 ejus
337 3457 470 3521 dividunt,
488 3456 572 3528 impie
587 3464 673 3528 agunt
687 3455 715 3509 iu
730 3455 820 3527 legem
836 3454 942 3517 Christi,
999 3464 1105 3510 nonest
1132 3455 1208 3526 ipse;
1226 3457 1273 3509 sed
1299 3457 1465 3512 revolutione
1490 3460 1622 3529 temporis
1646 3459 1742 3513 similis
1756 3467 1799 3514 est

142 3556 267 3620 putantes
302 3546 497 3602 cucharistiam
528 3544 703 3615 imprecantis
730 3543 821 3599 iacere
849 3543 943 3607 verba,
998 3543 1264 3613 ejuszetdicantur
1285 3544 1390 3599 illodie
1412 3545 1478 3614 beri,
1496 3555 1605 3618 propter
1629 3549 1797 3603 sacramenti

141 3652 196 3691 non
212 3636 312 3703 ritam3
329 3641 356 3688 et
376 3633 553 3689 necessariam
578 3647 638 3687 esse
662 3640 767 3686 tautum
792 3632 944 3686 solemnem
998 3632 1223 3702 celebrationem,
1239 3649 1298 3702 quae
1314 3649 1367 3689 non
1382 3634 1428 3689 illo
1444 3635 1497 3701 die,
1518 3637 1564 3690 sed
1577 3636 1633 3705 jam
1649 3639 1714 3692 olim
1727 3638 1798 3691 laeta

142 3723 305 3788 orationem,
322 3730 349 3777 et
370 3720 612 3776 consacerdotum
632 3719 767 3775 meritum.
786 3741 797 3768 ιι
814 3720 943 3792 Augusti·
999 3720 1175 3775 suut.Nonne
1190 3721 1275 3776 semel
1291 3722 1446 3776 immolatus
1460 3730 1501 3777 cst
1516 3723 1639 3779 Christus
1654 3725 1680 3778 in
1694 3725 1796 3795 seipso,

140 3829 194 3868 uus
209 3827 292 3881 super
305 3811 436 3864 loannem
455 3827 460 3862 :
480 3831 491 3855 ι
508 3807 592 3862 ludas
606 3823 666 3863 cum
683 3808 783 3862 sanctis
798 3807 944 3878 discipulis
998 3817 1024 3864 et
1040 3809 1172 3864 tamenin
1193 3818 1365 3865 sacramento
1386 3826 1439 3866 nou
1456 3811 1543 3867 solum
1560 3829 1609 3883 per
1632 3829 1728 3867 omnes
1744 3814 1797 3868 Pa-

143 3900 199 3956 sais
213 3899 334 3954 intrabat
352 3903 380 3953 et
408 3896 509 3964 exibat,
524 3896 559 3952 ad
584 3896 671 3966 ipsam
686 3912 789 3952 coenam
818 3896 944 3952 Domini·
998 3898 1071 3953 sehse
1093 3897 1160 3967 dies,
1177 3897 1224 3952 scd
1248 3899 1322 3952 omni
1351 3899 1395 3953 die
1424 3901 1531 3970 populis
1554 3900 1798 3959 immolatur·?nec

143 4005 203 4044 cam
218 3987 320 4058 pariter
331 3984 446 4042 accessit
463 4001 468 4036 :
485 3985 520 4040 de
540 4000 593 4040 uno
607 3988 713 4056 pancet
732 3985 814 4039 ludas
837 3985 945 4056 accepit
997 3986 1090 4057 utique
1112 3985 1247 4054 mentitur,
1264 3985 1309 4057 qui
1331 3986 1526 4060 interrogatus
1541 4006 1603 4045 eum
1627 3991 1798 4060 responderit

144 4087 171 4134 et
183 4077 276 4131 Petrus
287 4090 294 4144 ;
305 4075 456 4130 sedPetrus
466 4074 502 4128 ad
512 4074 604 4138 vitam,
614 4072 731 4127 etludas
741 4073 776 4128 ad
787 4080 913 4130 mortem.
929 4096 939 4122 r
997 4074 1142 4129 immolari.
1158 4074 1189 4128 Si
1204 4075 1276 4129 enim
1290 4084 1461 4131 sacramenta
1476 4079 1623 4150 quamdam
1638 4079 1796 4135 similitudi-

145 4169 213 4222 ltcm
228 4165 261 4220 de
276 4162 435 4235 poenitentia
452 4179 458 4216 :
477 4183 489 4209 ι
508 4161 784 4218 buccellaDoroinica
807 4162 855 4217 luit
868 4161 943 4219 Judae
998 4180 1060 4221 nem
1085 4179 1174 4218 rerum
1195 4179 1299 4228 earum,
1325 4181 1439 4236 quarum
1465 4177 1633 4222 sacramenta
1656 4177 1726 4237 sunt,
1743 4185 1798 4224 non

145 4270 301 4318 venenum3
319 4267 399 4322 quiam
414 4267 475 4308 cum
496 4252 611 4323 accepit,
625 4251 751 4307 iuimicus
776 4251 803 4305 in
822 4267 883 4306 eum
898 4251 942 4305 in·
998 4253 1141 4319 haherent,
1158 4252 1269 4308 omniuo
1288 4262 1459 4310 sacramenta
1483 4271 1537 4310 ooo
1561 4265 1661 4311 essent.
1680 4259 1717 4313 En
1746 4259 1799 4315 hac

145 4344 238 4401 travit.
255 4344 316 4397 lion
331 4342 398 4411 quia
413 4340 523 4410 malum,
540 4340 590 4395 sed
606 4340 669 4410 quia
683 4340 754 4394 male
770 4339 871 4395 bouum
886 4356 944 4395 rna·
996 4341 1169 4396 similitudine
1195 4341 1354 4412 plerumque
1378 4342 1459 4397 etiam
1481 4342 1600 4413 ipsarum
1626 4361 1718 4401 rerum
1742 4363 1797 4403 no-

145 4435 188 4490 lus
202 4432 320 4501 occepit.
342 4453 352 4480 ι
371 4432 455 4485 ltem:
475 4453 485 4479 ιι
501 4429 595 4484 l'irent
611 4430 696 4484 corda
710 4444 804 4484 eorum
818 4428 944 4485 insaecu-
958 4423 984 4483 D
998 4429 1072 4484 mina
1100 4430 1277 4501 accipiuntur.
1297 4431 1370 4486 Sicut
1390 4448 1455 4504 ergo
1481 4433 1629 4488 secundum
1651 4436 1797 4507 quemdam

146 4521 201 4578 lum
216 4521 317 4577 saeculi.
334 4521 402 4574 Nam
419 4518 495 4574 cibus
511 4517 555 4572 illc
570 4517 660 4573 cordis
675 4524 726 4583 est,
743 4532 797 4572 non
811 4518 919 4573 reatris.
930 4541 941 4566 a

146 4609 305 4668 Ambrosius
321 4625 327 4661 :
347 4630 358 4659 ι
373 4609 432 4662 Non
449 4615 488 4662 est
502 4607 554 4661 ista
575 4621 639 4661 esca
652 4605 814 4676 corporalis.
830 4630 840 4656 a
854 4609 919 4661 ltcm
938 4626 944 4661 z

150 4722 161 4752 r
180 4701 239 4754 Non
255 4707 294 4753 est
309 4699 360 4751 iste
375 4697 461 4766 panis,
478 4695 523 4765 qui
538 4694 566 4747 iu
581 4710 679 4765 corpus
692 4695 774 4750 radit.
793 4718 804 4744 ιι
820 4696 946 4766 Augusti-

148 4805 209 4856 nus,
226 4788 265 4842 De
278 4787 384 4841 civitate
400 4785 448 4838 Dei
460 4803 465 4838 :
478 4804 489 4830 ι
501 4782 552 4851 Qui
566 4783 711 4838 manducat
721 4799 831 4838 carnem
845 4800 944 4853 meam,

149 4885 205 4931 etc.
225 4875 350 4930 Ostendit
374 4873 441 4944 quid
458 4872 503 4939 sit,
525 4887 578 4925 non
603 4880 774 4927 sacramento
796 4879 882 4937 tenus,
899 4873 946 4928 sed

149 4980 244 5020 revera
259 4978 359 5033 corpus
370 4960 469 5016 Christi
485 4960 656 5015 manducare.
669 4961 726 5016 llcc
736 4961 808 5016 enim
823 4962 848 5015 in
865 4962 947 5015 Clrri·

150 5070 192 5118 sto
208 5076 318 5114 manere
333 5066 394 5125 est;
411 5064 440 5111 ut
451 5056 477 5110 in
492 5056 538 5111 illo
550 5062 660 5112 moneat
670 5065 695 5112 ct
707 5057 861 5112 Christus.»
880 5060 946 5112 ltem

151 5170 245 5216 contra
261 5158 403 5211 Faustum:
423 5178 433 5201 ιι
450 5153 519 5222 Quid
532 5164 593 5209 suut
606 5155 678 5209 aliud
687 5155 841 5226 corporalia
855 5171 946 5211 sacra-

151 5266 254 5313 menta.
270 5253 320 5308 aisi
333 5252 455 5323 quadam
471 5251 546 5323 quasi
570 5251 652 5307 verba
672 5252 786 5307 visibilia
808 5251 944 5321 sacrificii,

152 5354 200 5411 scd
214 5360 304 5407 tanuen
320 5349 463 5406 mutabilia
483 5357 508 5404 et
532 5348 717 5419 temporalia‘l
735 5371 745 5396 ι
763 5351 829 5404 Item
844 5350 878 5405 de
893 5366 946 5406 uuo

151 5451 307 5523 baptismo:
334 5470 344 5497 u
371 5447 400 5502 Si
418 5447 454 5502 ed
479 5447 550 5517 ipsas
566 5461 608 5500 res
616 5444 764 5515 visibiliter,
786 5446 884 5517 quibus
900 5463 947 5503 sa-

148 5558 286 5609 cramenta
311 5552 472 5615 tractantur,
487 5543 606 5601 animum
621 5543 803 5618 conteramus,
820 5546 882 5621 quis
894 5563 944 5607 ue·

999 4519 1107 4573 modum
1123 4526 1321 4574 sacramentum
1345 4521 1467 4591 corporis
1483 4521 1580 4576 Christi
1602 4537 1701 4594 corpus
1717 4525 1797 4580 Chri-

999 4605 1033 4662 sti
1058 4615 1115 4670 est;
1147 4615 1343 4663 sacramentum
1372 4609 1511 4680 sauguinis
1540 4611 1653 4678 Christi,
1684 4613 1797 4685 sanguis

999 4695 1096 4750 Christi
1111 4696 1208 4762 cst,ita
1222 4704 1248 4750 et
1263 4705 1462 4751 sacramentnm
1478 4697 1550 4764 hdei,
1563 4697 1629 4754 fides
1645 4709 1717 4755 est.»
1731 4702 1797 4757 lteur

998 4800 1080 4854 super
1094 4784 1228 4838 loannem
1244 4801 1251 4838 t
1269 4808 1280 4831 ιι
1299 4787 1367 4840 Caro
1384 4801 1430 4839 ras
1446 4787 1505 4840 luit.
1521 4786 1599 4855 Quod
1616 4789 1743 4856 habebat,
1759 4798 1799 4845 at·

998 4871 1078 4925 tende
1092 4889 1098 4934 ;
1113 4887 1166 4926 non
1183 4872 1254 4942 quod
1274 4880 1341 4927 erat.
1367 4875 1486 4928 Accedat
1500 4875 1609 4945 spiritus
1628 4877 1663 4930 ad
1675 4892 1796 4944 carnem,

999 4960 1068 5015 sicut
1081 4960 1197 5014 charitas
1217 4960 1249 5013 ad
1265 4960 1414 5030 scientiam,
1432 4970 1458 5015 ct
1478 4963 1590 5033 prodest
1604 4963 1764 5034 plurimum.
1784 4990 1796 5015 a

999 5059 1177 5130 llierouymus
1191 5059 1216 5114 in
1231 5061 1311 5129 epist.
1337 5062 1371 5116 ad
1386 5062 1487 5133 Eplres.
1506 5080 1512 5116 ε
1539 5087 1549 5111 ιι
1568 5063 1711 5132 Quomodo
1726 5067 1799 5121 enirn

999 5164 1080 5228 caput
1095 5157 1122 5210 in
1138 5156 1300 5212 animalibus
1317 5158 1399 5213 habet
1412 5159 1535 5215 membra
1550 5161 1601 5215 sihi
1616 5162 1749 5232 subjecta,
1764 5181 1799 5219 cx

1000 5255 1098 5326 quibus
1113 5255 1242 5310 nonnulla
1266 5254 1361 5310 vitiosa
1387 5264 1413 5311 et
1428 5256 1538 5323 debilia,
1556 5259 1595 5313 ita
1620 5267 1647 5314 et
1665 5261 1799 5317 Dominus

999 5361 1095 5408 noster
1107 5353 1187 5408 lesus
1198 5352 1322 5408 Christus
1339 5368 1402 5410 cum
1415 5354 1449 5409 sit
1462 5356 1596 5412 Ecclesiae
1610 5365 1701 5429 caput,
1718 5359 1800 5415 habet

1000 5449 1124 5506 mambra
1139 5449 1259 5520 subjecta
1273 5466 1320 5507 eos
1332 5467 1426 5509 omnes
1441 5452 1486 5525 qui
1501 5453 1528 5508 in
1543 5455 1665 5511 Ecclesia
1679 5474 1800 5532 congre-

999 5555 1099 5625 gantur
1110 5554 1165 5604 tam
1180 5554 1293 5606 sanctos
1307 5548 1442 5619 videlicet,
1458 5564 1541 5626 qnam
1555 5560 1735 5631 peccatorem
1750 5555 1800 5611 sed
