3728 6000
98 191 149 248 tat

553 192 741 251 fluutntrtrtt
755 195 784 251 S.
804 193 953 250 blARTlNl
971 193 1123 250 TORNAC.
1147 194 1291 251 toutrts

1689 196 1740 252 tet

95 313 295 370 lncamationis
326 314 404 382 ttae,
442 314 590 372 indictione
618 334 673 385 xiv,
702 332 815 373 concur.
847 332 888 384 111,
904 316 982 379 Alit
994 317 1121 388 posthaec
1135 317 1173 372 illi
1184 331 1217 372 eo
1237 316 1333 373 ordino
1348 318 1743 388 quovenerantdiscessemnt.

97 411 188 474 epact.
205 418 251 473 xv,
267 403 317 458 llic
331 404 412 460 etiem
427 406 499 475 apud
514 407 659 461 saeculares
673 414 754 461 tantae
770 422 895 461 reveren·

97 489 142 546 tiae
156 489 265 555 eflulsit,
276 498 305 546 ut
320 492 435 562 quadarn
451 494 510 550 vice
528 495 556 548 in
571 495 645 550 curia
664 495 818 550 flandrensi
833 512 893 549 cum

98 578 281 650 requireretur
307 595 324 635 a
351 582 489 637 comitisse
510 592 598 637 utrum
626 584 659 638 de
683 584 795 656 negotio
818 585 894 655 quod

96 666 280 724 ventilabatur
295 669 411 725 auderet
426 670 531 740 jurare,
547 673 715 740 responderit
731 673 893 744 praepositus

95 756 253 828 Brugiensie
280 757 419 829 Rogerius,
465 760 506 813 rir
532 760 675 833 religiosus
703 769 730 815 et
755 761 892 831 opinionis

95 845 185 909 bonae,
201 859 254 899 non
268 844 306 899 ita
321 855 456 916 oportere,
474 847 528 902 imo
548 849 618 918 quod
635 848 722 904 abbas
736 851 894 904 lomacen-

97 931 135 987 ais
148 932 206 987 solo
222 935 315 1002 verbo,
330 936 381 991 boc
395 936 453 1007 ipse
468 953 532 993 cum
548 939 674 993 omnibns
689 939 825 994 Flandriae
835 939 896 994 reli-

96 1019 182 1091 giosis
199 1024 321 1092 personis
338 1023 518 1093 jurejurando
534 1026 644 1081 auderet
668 1026 844 1082 conlirmare.
867 1029 894 1082 ln

96 1107 178 1178 hujus
192 1125 258 1182 ergo
272 1111 363 1167 domni
378 1111 492 1168 Waltcri
512 1113 607 1169 diebus
622 1115 822 1170 Tornacensem
839 1116 896 1171 Eo·

97 1195 210 1252 olesiem
226 1200 346 1268 respexit
362 1201 445 1267 Deus,
458 1202 576 1257 reddens
590 1203 614 1257 ei
629 1204 768 1275 proprium
786 1205 895 1274 episco-

95 1299 161 1357 pum
175 1301 207 1342 ac
221 1289 360 1358 propriam
376 1289 536 1362 dignitatem
552 1299 590 1347 tot
605 1294 684 1348 annis
700 1293 843 1364 perditam.

135 1373 199 1429 109.
224 1375 293 1431 Cum
310 1375 425 1432 domnus
446 1379 538 1433 Simon
561 1380 619 1450 jam
649 1381 704 1436 lere
727 1398 794 1435 xxtv
817 1382 895 1436 aunis

98 1461 282 1533 pontificatum
303 1466 442 1533 tenuisset,
472 1467 630 1539 nullamque
644 1470 755 1525 omnino
770 1470 893 1525 diminu-

100 1549 180 1605 tionis
192 1552 371 1621 suspicionem
384 1554 506 1621 buberet,
523 1557 634 1628 contigit
654 1565 683 1612 ut
697 1559 806 1628 quidam
826 1558 896 1614 ado·

947 406 997 463 ttis
1013 423 1079 478 ergo
1094 406 1159 461 visis
1172 407 1333 462 adolescens
1346 406 1381 461 de
1396 406 1494 461 exstasi
1516 408 1549 463 ad
1566 407 1685 478 seipsum
1701 423 1747 464 re·

949 512 1044 551 versus
1063 495 1182 550 deterre
1208 496 1335 562 surrexit,
1363 494 1445 551 etad
1466 496 1551 566 patris
1573 496 1614 550 sui
1636 497 1746 551 domum

951 586 1061 640 rediens
1073 593 1127 639 tota
1142 593 1220 638 nocte
1235 584 1333 638 lectulo
1357 582 1482 638 infirmus
1495 584 1636 640 decubuit.
1669 587 1748 643 Mena

949 673 1022 729 lacto
1038 687 1109 743 aqua
1121 672 1263 727 benedicte
1279 689 1307 726 se
1321 672 1430 744 aspergi
1445 674 1563 743 rogavit,
1592 671 1685 743 sicque
1700 689 1747 729 re-

949 770 1059 818 creatus
1080 761 1236 831 particulam
1261 759 1343 815 restis
1358 777 1414 817 sune
1438 761 1616 829 combustam,
1645 770 1673 818 et
1690 777 1749 818 car·

949 867 1012 905 nem
1028 850 1078 904 sub
1091 865 1122 904 ca
1135 849 1305 918 liquefactam
1321 849 1448 916 ostendit,
1477 858 1503 905 et
1519 867 1550 905 ex
1566 852 1609 906 his
1625 868 1687 924 quae
1701 851 1744 905 vi-

949 941 1026 994 derat
1041 937 1171 992 nonnulla
1193 937 1292 992 retulit.
1324 938 1452 1007 Sequenti
1472 936 1537 992 leria
1550 954 1589 1007 vt,
1616 941 1747 996 accersito

950 1035 1053 1083 secrete
1069 1026 1214 1082 Guiltelmo
1233 1025 1426 1082 canonicorum
1450 1025 1564 1092 clerano,
1593 1027 1638 1096 qui
1654 1034 1748 1097 postca

950 1117 1037 1170 abbas
1061 1114 1087 1169 in
1103 1115 1199 1170 ordine
1225 1114 1421 1170 clarevallensi
1444 1115 1548 1181 claruit,
1572 1123 1679 1185 peccata
1694 1131 1747 1172 sua

950 1202 1093 1258 consessus
1107 1210 1155 1265 est,
1185 1209 1351 1273 acceptaque
1365 1201 1400 1256 ab
1413 1216 1446 1256 eo
1461 1201 1631 1258 absolutione
1645 1210 1672 1258 et
1686 1218 1747 1273 poe·

949 1291 1064 1346 nitentia
1087 1290 1218 1359 injuncte,
1243 1291 1368 1361 proxima
1391 1290 1533 1346 Dominiea
1560 1305 1661 1361 corpus
1688 1291 1746 1348 Do-

950 1380 1016 1434 mini
1045 1378 1173 1450 suseepit,
1203 1393 1256 1448 quo
1285 1387 1414 1448 percepto
1438 1379 1537 1434 mirum
1564 1379 1637 1435 dictu
1665 1380 1747 1436 vitem

950 1468 980 1522 B.
998 1466 1159 1535 Eleutherii,
1174 1481 1254 1537 quam
1272 1474 1335 1521 ante
1349 1483 1397 1521 sex
1413 1466 1511 1522 diesin
1526 1468 1626 1522 exstasi
1635 1468 1745 1539 legerat,

950 1556 1091 1610 memoriae
1105 1563 1260 1610 revocatam
1277 1554 1382 1610 cunctis
1399 1554 1570 1609 audientibus
1587 1570 1621 1612 tto
1641 1556 1665 1610 si
1680 1572 1746 1612 ora-

98 1636 202 1695 lescens
221 1641 365 1697 canonicus
392 1643 477 1699 beatae
490 1646 591 1711 blariae,
620 1646 728 1701 nomine
748 1647 892 1716 llenricus,
909 1666 934 1725 Β
952 1645 1052 1698 tionem
1068 1643 1249 1709 Dominieam‚
1269 1642 1370 1697 cursim
1386 1642 1478 1713 legere
1490 1643 1581 1712 erupit.
1611 1643 1747 1716 Obstupe-

99 1728 222 1798 paschali
232 1737 354 1800 tempore
370 1731 437 1787 laria
451 1733 610 1787 secundom
620 1733 736 1789 Kalend.
748 1735 819 1802 ltaii,
834 1752 894 1790 ves·
950 1731 1024 1801 lecti,
1055 1732 1093 1786 rei
1120 1732 1239 1786 novitate
1268 1731 1389 1800 percussi
1417 1732 1594 1787 convenimus
1622 1734 1689 1804 (st),
1722 1740 1749 1789 el

99 1815 208 1885 pertine
221 1817 298 1885 bora,
307 1818 365 1890 jam
381 1819 556 1875 incumbente
571 1830 659 1888 noeto,
676 1822 749 1877 solus
762 1823 832 1878 torte
847 1840 897 1893 por
950 1822 1037 1876 utulta
1056 1820 1091 1874 ad
1109 1819 1222 1875 invicem
1247 1835 1331 1889 super
1345 1826 1399 1872 tam
1419 1818 1536 1873 mirabili
1552 1820 1656 1875 visione
1679 1835 1748 1876 con-

100 1919 197 1960 uovam
214 1905 342 1961 lubricam
367 1908 612 1965 ecelesiaeSancleo
626 1910 895 1984 blariaesinealiquo
950 1907 1030 1976 terre,
1054 1917 1079 1964 et
1102 1907 1240 1977 conjicere
1259 1906 1407 1977 eoepimus.
1448 1907 1522 1961 Licet
1545 1908 1615 1962 enim
1640 1908 1750 1977 quidam

101 1991 197 2048 timore
213 1994 348 2059 transiret,
366 2003 391 2050 et
406 1997 565 2053 eceesubito
580 2013 661 2053 voces
673 1998 804 2068 quasdam
821 2002 896 2055 velut
950 1996 1151 2051 adolescentem
1173 1995 1295 2050 dictandi
1315 2003 1343 2049 et
1357 1992 1525 2048 versificandi
1547 1997 1662 2065 peritum
1678 1996 1751 2051 dice·

98 2092 160 2139 oum
177 2081 277 2152 impetu
290 2083 405 2137 terribili
429 2085 607 2140 advenientes
619 2103 726 2154 maenae
741 2089 895 2144 multitudi-
949 2093 1020 2150 rent,
1046 2083 1225 2149 bancvitam,
1252 2083 1563 2152 potuissecomponere‚
1593 2092 1751 2140 nostamen

99 2168 143 2223 nis
160 2169 288 2232 audivit;
318 2179 418 2226 torrem
431 2173 512 2227 etiam
532 2174 684 2230 tlammrum
700 2193 781 2244 super
796 2193 825 2232 se
845 2194 896 2232 re·
950 2173 1068 2228 scientias
1090 2172 1150 2241 ejus
1168 2187 1222 2226 uon
1246 2171 1345 2241 ignari,
1370 2170 1438 2226 certi
1464 2187 1571 2225 eramus
1598 2171 1751 2241 hujusmodi

99 2256 217 2311 nientem
233 2258 309 2327 vidit,
339 2259 375 2314 ita
392 2267 421 2314 ut
435 2262 589 2330 particulam
606 2264 702 2319 tunicae
717 2281 773 2320 suar.
787 2281 819 2321 ec
833 2281 896 2322 cor·
950 2260 1105 2315 dictaminis
1124 2275 1262 2329 nunquam
1279 2274 1339 2313 eum
1356 2267 1497 2313 assuetum
1513 2258 1606 2323 tuisse,
1622 2268 1648 2315 et
1661 2275 1752 2331 quan-

98 2343 142 2399 nis
157 2344 209 2399 sub
227 2361 260 2400 ea
280 2346 314 2401 de
333 2347 445 2422 brachio
465 2350 543 2419 juxte
563 2367 684 2423 pugnum
699 2353 891 2409 combusserit.
951 2365 1032 2420 quam
1055 2348 1105 2404 etsi
1131 2362 1192 2402 eam
1218 2349 1424 2416 composuisset,
1453 2346 1526 2402 nullo
1554 2348 1637 2402 modo
1661 2354 1751 2403 tamen

99 2431 249 2505 Statimque
265 2436 420 2505 perterritus
434 2437 462 2491 in
478 2445 578 2494 terram
594 2440 700 2506 cecidit,
726 2449 753 2496 et
768 2443 895 2497 continuo
951 2455 1009 2493 eam
1025 2437 1084 2492 sine
1101 2436 1168 2491 libro
1191 2445 1245 2490 tam
1261 2436 1362 2491 cursim
1378 2436 1546 2505 memoriter,
1575 2444 1603 2490 et
1616 2434 1698 2492 corde
1715 2443 1753 2491 te·

99 2519 177 2592 quasi
195 2521 222 2575 in
237 2524 338 2577 exstasi
353 2533 446 2595 raptus
460 2526 537 2592 vidit,
556 2529 731 2599 quamplures
745 2530 779 2584 ad
795 2547 825 2584 se
841 2547 890 2586 ue·
951 2543 1001 2582 ntis
1024 2534 1108 2580 totam
1132 2526 1226 2596 legere
1247 2525 1390 2579 valuisset.
1427 2524 1547 2580 Consilio
1572 2524 1661 2594 itaquo
1689 2540 1752 2580 cum

98 2607 216 2674 aientes,
240 2610 344 2682 sibique
358 2613 541 2684 colloquentes
560 2633 566 2670 :
585 2632 656 2686 quos
673 2616 731 2687 jam
747 2618 890 2674 defunctos
950 2615 1084 2687 religiosis
1103 2614 1170 2668 viris
1192 2612 1294 2679 habito,
1322 2613 1423 2668 domno
1443 2621 1539 2668 nostro
1554 2612 1674 2668 Samsoui
1696 2612 1753 2668 tte-

99 2713 158 2753 esse
172 2698 282 2766 sciebat,
304 2717 427 2771 quosque
448 2703 568 2760 viventes
583 2714 764 2776 cognoverat.
795 2708 893 2762 Postea
951 2719 1059 2758 morum
1078 2701 1295 2772 archiepiscopo,
1317 2702 1472 2771 domnoque
1495 2701 1635 2756 Bernardo
1660 2701 1753 2756 Clare-

99 2784 124 2840 ei
138 2784 224 2841 meum
239 2788 365 2860 estquod
379 2792 492 2846 essetin
508 2808 603 2862 campo
620 2809 754 2860 rosarum,
781 2795 895 2851 etlilio-
952 2791 1062 2846 vallensi
1083 2789 1184 2854 abbati,
1215 2805 1267 2845 nee
1295 2804 1348 2844 non
1377 2796 1404 2844 et
1429 2790 1488 2843 aliis
1511 2788 1647 2858 episcopis
1673 2792 1754 2858 atque

100 2889 160 2929 rum
171 2874 283 2931 {loribus
297 2877 591 2948 totiusquednlcedinis
605 2883 762 2938 amoenitate
777 2884 894 2953 replet03
950 2878 1094 2933 abbatibus
1117 2893 1165 2948 pro
1188 2877 1331 2931 audiendis
1355 2885 1381 2932 et
1405 2876 1582 2934 discutiendis
1603 2876 1679 2932 libris
1696 2892 1755 2932 me·

98 2960 196 3032 inquo
219 2954 384 3034 consistens,
413 2975 439 3022 et
462 2985 520 3037 praa
544 2969 628 3024 nimia
653 2972 783 3026 suavitate
797 2972 896 3042 prioris
950 2967 1027 3039 gistri
1063 2966 1135 3020 Petri
1161 2964 1302 3020 Aballardi
1326 2965 1354 3019 in
1378 2965 1665 3021 octavisl’entecostes
1692 2981 1754 3020 cum

97 3051 209 3106 terroris
223 3054 336 3109 horrore
351 3053 468 3126 effugato
485 3057 660 3126 exhilaratus,
690 3066 715 3114 et
731 3060 804 3114 velut
823 3068 896 3115 totus
911 3013 935 3077 C
952 3071 1016 3126 rege
1028 3055 1194 3109 Francorum
1210 3054 1235 3106 io
1245 3053 1394 3109 Seuonensi
1410 3054 1467 3121 (38)
1483 3054 1552 3108 urbe
1564 3055 1748 3125 congregatis,

98 3143 237 3194 recreatus
252 3150 278 3196 et
292 3151 449 3209 renovatus,
479 3145 544 3199 vidit
559 3155 676 3215 quatuor
690 3148 759 3201 albis
774 3149 894 3203 vestibus
953 3144 1082 3197 visionem
1104 3142 1325 3212 istamscriptam
1354 3142 1564 3208 transmisimus,
1592 3140 1755 3213 etquideis

98 3226 278 3283 indutoscum
291 3230 470 3299 candelabris,
486 3247 518 3288 ac
532 3234 672 3288 thuribulis
687 3235 721 3289 ad
736 3252 766 3290 se
782 3237 898 3290 venien·
953 3231 1049 3286 exinde
1064 3230 1198 3303 agendum
1216 3229 1353 3296 videatur,
1384 3230 1584 3285 consulutmus.
1614 3230 1655 3283 llli
1674 3229 1755 3286 nobis

98 3321 152 3371 tes.
172 3317 227 3371 Hos
245 3319 432 3388 sequebantur
447 3328 503 3375 tres
518 3323 693 3378 honorabiles
706 3324 765 3387 qui,
797 3325 900 3395 episco.
954 3316 1148 3371 mandaverunt
1166 3322 1195 3368 ut
1209 3314 1308 3369 divinae
1324 3312 1470 3370 voluntatis
1484 3312 1610 3369 effectum
1629 3312 1757 3384 deinceps

100 3402 207 3475 palibus
221 3404 385 3462 indumentis
400 3409 532 3474 decorati,
562 3410 675 3466 baculos
689 3410 857 3480 pontificales
871 3414 899 3467 in
955 3411 1187 3473 exspectaremus.

98 3493 370 3559 manibustencntcs,
399 3495 494 3552 mitras
508 3514 608 3553 aureas
625 3500 705 3554 etiarn
721 3500 746 3553 in
761 3501 897 3569 capitibus
992 3495 1053 3547 tto.
1082 3492 1116 3546 Et
1140 3506 1204 3545 ecoe
1227 3497 1288 3560 post
1306 3504 1409 3559 paucos
1425 3489 1484 3545 dies
1498 3489 1634 3561 praetatna
1649 3490 1760 3559 juvenis

97 3587 246 3649 portantes,
270 3583 406 3654 inquibus
419 3585 551 3654 cujusque
566 3601 666 3642 nomen
686 3588 813 3657 scriptum
827 3604 896 3643 con·
956 3579 1115 3649 quibusdam
1141 3579 1226 3648 signis
1245 3594 1417 3649 prenoscens
1443 3578 1550 3634 beatum
1571 3578 1757 3633 Eleutherinm

98 3667 251 3736 libabatur,
281 3687 343 3725 nem
359 3671 386 3724 in
401 3673 461 3741 ejus
475 3673 612 3742 mitraqul
631 3674 738 3729 medius
754 3678 901 3733 incedebat
957 3684 1063 3723 russum
1091 3667 1143 3721 Sibi
1167 3667 1407 3732 massisesslflssdlffl»
1433 3675 1761 3736 81111111101111116111111111

99 3755 317 3823 scriptumerat:
347 3758 587 3817 S.Eaauruentus
603 3778 772 3831 ebraeorum
798 3765 825 3820 in
840 3767 900 3836 ejus
956 3772 1002 3811 ⁵1¹⁸
1020 3759 1176 3824 ⁰⁰¹¹ff³⁵⁵llss
1193 3755 1304 3809 11111111]
1321 3755 1433 3821 1111111,
1470 3770 1570 3825 101111
1585 3755 1758 3811 9011111151·

99 3843 145 3915 qui
155 3843 189 3899 ad
199 3845 337 3901 dexteram
352 3847 532 3919 gradiebatur,
559 3851 587 3905 S.
600 3851 711 3907 Eatenus
726 3869 893 3918 uvtscovus;
957 3845 1055 3914 Scepti-
1076 3843 1181 3899 [11ῑῦ11
1195 3843 1385 3910 51111111ῑῦ11»
1404 3844 1430 3896 in
1446 3858 1500 3914 quo
1514 3842 1600 3898 511111
1614 3843 1667 3899 Viti
1682 3843 1759 3898 1111·

100 3932 128 3986 in
142 3933 203 4002 ejus
217 3935 263 4004 qui
278 3935 313 3989 ad
323 3935 459 3991 sinistram
472 3938 571 4004 stabat,
588 3940 620 3995 S.
636 3943 778 3997 deuterus
794 3959 900 3998 carseo·
957 3941 1026 3987 llum
1042 3933 1160 4003 P⁰⁵i¹⁰¹¹¹
1175 3938 1244 4000 erat,
1274 3940 1397 3986 0131111115
1412 3946 1472 3985 cum
1488 3930 1580 4000 1111113
1594 3931 1759 4001 1111111111ῑῦ1,

100 4035 165 4076 ers.
195 4022 257 4077 Post
279 4039 327 4079 eos
350 4041 414 4080 vero
434 4027 598 4098 sequebatur
621 4027 735 4085 domnus
765 4030 902 4087 (turandus
957 4019 1171 4077 cumsubitoad
1193 4019 1761 4089 terramcecidisselorispositisnuntia-

102 4109 254 4181 presbyter,
279 4111 492 4185 virreligiosus,
509 4124 583 4170 veste
601 4117 899 4187 sacerdotaliindutus,
958 4117 1010 4164 tor·
1039 4108 1442 4178 loetedienorrquamplures:
1471 4107 1643 4177 cunrquibus
1662 4115 1688 4162 et
1708 4123 1761 4163 nos

101 4198 146 4268 qui
166 4196 253 4254 fidelis
268 4210 426 4269 procurator
441 4203 663 4275 etcemosynartae
688 4206 792 4261 Sarute
810 4207 902 4262 ltu-te
958 4197 1144 4269 ingredimur.
1163 4196 1284 4268 lueressi
1301 4206 1391 4249 aurem
1405 4211 1464 4250 eum
1483 4204 1672 4264 seorstanum
1685 4195 1761 4250 clau·

101 4285 248 4341 exstiterat.
278 4289 374 4344 Beatus
402 4290 490 4360 iuqub
513 4292 693 4355 turumbertus,
721 4295 813 4362 juveni
835 4309 901 4364 pru.
957 4285 994 4339 sis
1017 4284 1104 4339 oculis
1126 4300 1157 4339 ue
1175 4285 1197 4338 si
1221 4284 1373 4338 exanimem
1400 4283 1536 4352 jacentem
1563 4281 1758 4354 conspicimus,

102 4373 246 4446 piusquam¹
264 4378 339 4446 quasi
360 4378 526 4434 blandiendo
542 4380 705 4451 manipulum
721 4397 798 4435 suum
823 4397 902 4452 super
917 4363 942 4421 D
958 4381 985 4428 et
1007 4373 1173 4428 admirantes
1190 4371 1269 4426 finem
1286 4371 1323 4425 101
1348 4381 1545 4441 exspectemus,
1576 4378 1678 4426 8100011
1698 4379 1762 4441 11081

105 4478 167 4518 eum
189 4463 321 4535 projecit3
348 4465 447 4521 deinde
472 4468 571 4522 librum
599 4469 660 4522 vitae
683 4484 747 4530 sura.
777 4485 856 4538 quem
877 4470 903 4524 in

107 4568 187 4606 manu
202 4568 250 4607 sua
265 4555 399 4625 gestabat,
425 4554 449 4608 ei
464 4555 592 4623 ostendit,
621 4564 753 4611 eteorum
770 4573 798 4610 se
814 4558 904 4628 legere

106 4642 253 4711 pracepit;
287 4640 493 4713 perlectumque
520 4644 555 4698 ab
574 4658 607 4698 eo
636 4645 769 4714 recipiens
797 4645 823 4699 in
845 4646 904 4699 sinu

108 4743 157 4782 suo
173 4729 303 4798 reposuit.
334 4736 361 4784 et
375 4729 408 4783 ad
429 4730 518 4784 locum
535 4731 627 4802 inquo
643 4733 717 4802 prius
731 4742 845 4788 steterat
861 4750 906 4789 rc-

109 4815 168 4870 diit.
186 4815 282 4871 Postea
297 4816 392 4871 beatus
408 4817 513 4887 litigius
526 4819 620 4889 juveni
634 4821 852 4892 appropinquans
873 4822 906 4876 li-

112 4901 192 4956 brum
207 4902 271 4959 vitae
285 4917 340 4960 suae
355 4903 379 4960 ei
393 4905 499 4971 obtulit,
529 4915 553 4961 et
575 4907 686 4976 juvenis
701 4925 762 4963 eum
778 4909 829 4964 sibi
844 4910 909 4964 satis

115 4995 210 5046 nolum
230 5007 289 5046 esse
310 4992 404 5047 diceus
425 4993 516 5065 legere
539 4995 637 5051 noluit.
660 4995 775 5053 Sanctus
803 5015 909 5071 quoque

113 5079 244 5137 boherius
264 5078 288 5133 ei
303 5079 329 5133 in
346 5080 455 5135 dentem
470 5097 524 5136 sua
550 5083 679 5154 scriptum
697 5086 815 5141 ostendit
843 5106 849 5141 :
878 5087 909 5142 ln

110 5167 906 5241 nominaoomtnttescpcrmcmorariusresuscitaturus.

148 5334 206 5405 (at)
218 5335 418 5393 Convenimus.
447 5337 561 5394 Videtur
576 5340 747 5397 continuator
767 5341 845 5409 hujus
864 5340 910 5394 hi-

959 4460 1097 4531 paululum
1114 4477 1174 4515 eum
1199 4460 1285 4515 sancti
1307 4459 1456 4515 Eleutherii
1475 4459 1654 4513 elevationem
1667 4458 1762 4530 legere

959 4549 1095 4614 audimus,
1125 4557 1151 4603 et
1180 4548 1213 4602 ad
1230 4549 1315 4603 multa
1344 4564 1406 4621 quac
1435 4546 1670 4619 interrogabamus
1698 4561 1762 4601 eum

960 4638 1127 4707 respondere
1148 4637 1327 4691 admiramur.
1355 4637 1393 4690 [tc
1416 4637 1518 4690 exstasi
1542 4650 1607 4689 vero
1626 4650 1761 4700 reversus,

961 4742 993 4780 ea
1007 4742 1068 4797 quae
1091 4726 1193 4797 legerat
1208 4724 1329 4795 scripsit.
1356 4725 1419 4779 Post
1435 4725 1503 4778 hauc
1527 4722 1615 4793 itaque
1629 4723 1763 4777 visionem

961 4830 1040 4884 quam
1072 4813 1240 4879 videramus,
1273 4813 1404 4867 certiores
1430 4813 1490 4868 lacti
1519 4811 1553 4866 de
1580 4811 1678 4882 prime,
1717 4809 1763 4866 cni

962 4901 1051 4956 nullus
1065 4899 1236 4968 interfuerat,
1261 4900 1447 4955 incommune
1474 4900 1560 4954 Deum
1586 4896 1761 4970 rogabamus,

962 4999 990 5044 ut
1006 4989 1027 5043 si
1043 5004 1078 5045 ex
1096 4987 1156 5059 ipso
1173 4988 1240 5043 toret
1262 4988 1320 5044 baec
1335 4987 1416 5056 visio,
1445 4987 1665 5043 manifestaretur
1678 4985 1762 5041 etiam

961 5078 1054 5133 tertio.

1001 5176 1065 5230 111.
1090 5174 1213 5232 Necdum
1242 5172 1424 5246 qnadraginta
1448 5172 1507 5229 dies
1533 5174 1708 5239 transierant,
1735 5177 1763 5229 et

1002 5342 1058 5412 (38)
1070 5345 1100 5399 tn
1116 5343 1288 5400 Senoocnrl.
1303 5342 1517 5399 concitsmon.
1529 5342 1693 5399 celebratum
1711 5340 1765 5397 luit

115 5404 206 5460 storiae
230 5407 315 5464 tuisse
329 5408 487 5482 canonicus,
510 5417 573 5483 post
588 5414 735 5469 monachus
759 5412 788 5468 S.
804 5413 912 5468 Martini
966 5415 1124 5480 inmitte,
1154 5429 1209 5469 non
1225 5428 1288 5468 vero
1304 5415 1383 5482 llto,
1408 5421 1436 5469 ut
1451 5414 1559 5486 quidem
1570 5413 1671 5470 volunt.
1695 5412 1764 5469 Vide

117 5471 234 5533 Tornec.

966 5484 1062 5543 adnot.
1081 5485 1115 5541 ad
1130 5500 1205 5540 num.
1223 5486 1287 5540 118.
