3728 6000
116 226 173 284 ΥΠ
661 228 867 289 otsruutsto
886 230 970 291 tot.
992 233 1224 296 damnabunt.
1711 242 1766 301 sto

113 364 233 421 persom
248 350 277 407 in
296 351 437 421 Trinitate,
454 368 508 409 non
532 361 621 410 muron
639 354 819 411 concedimus
839 354 913 427 quod
926 353 956 419 Α
970 356 1108 426 exaltavit,
1123 360 1176 416 boc
1189 368 1239 428 εει,
1257 360 1280 417 si
1294 360 1347 417 dici
1362 360 1404 417 ias
1417 368 1468 428 est,
1484 361 1625 419 bominem
1640 365 1765 421 Domini-

112 440 173 495 brcc
186 455 314 510 persona,
330 458 391 513 quae
407 442 534 498 Christus
558 449 610 511 est,
622 443 655 497 sit
668 443 743 498 tertia
756 459 873 515 persona
888 443 916 499 in
970 460 1042 512 cum,
1060 448 1097 519 (et
1111 448 1186 504 uerit
1199 448 1238 505 illi
1254 465 1353 506 nornen
1367 451 1440 520 quod
1455 458 1496 508 εει
1515 468 1597 523 super
1610 469 1691 510 omne
1712 471 1766 511 no·

112 526 258 583 Trinitate.
272 550 283 577 n
296 530 421 586 Notanda
431 531 653 601 insipientissima
664 531 803 603 loquentis
813 533 847 590 de
858 534 916 589 Deo
970 550 1044 601 men,
1059 545 1088 591 ut
1103 537 1254 594 innomine
1268 541 1331 595 lesu
1346 554 1426 594 omne
1440 556 1513 610 genu
1535 540 1658 596 flectatur
1679 542 1765 600 coele-

113 616 267 687 protervia.
288 639 300 667 ι
317 618 385 686 Uoc,
403 643 414 667 ι
432 611 529 691 inquit,
547 643 558 668 s
575 620 758 688 concedimus,
775 621 841 676 illud
861 637 917 677 non
970 623 1052 679 stium
1065 627 1235 682 terrestrium
1250 635 1277 682 et
1290 628 1458 683 infernorum
1473 629 1588 699 (Philip.
1605 633 1647 700 ιι),
1664 630 1768 689 scilicet

112 705 299 772 concedimus,
316 734 328 755 a
346 716 477 779 tanquam
494 709 528 763 de
543 709 660 776 Christo,
679 710 737 764 sive
759 709 787 765 iu
810 710 916 766 Christo
969 721 999 769 ut
1021 714 1055 768 ab
1076 715 1205 771 omnibus
1228 725 1356 788 tauquam
1380 720 1453 774 Deus
1482 719 1641 790 adoretur);
1666 720 1766 792 ipsum,

112 792 152 845 nil
175 791 222 860 sit,
239 794 283 851 vel
304 812 365 852 esse
388 798 483 867 possit,
499 797 552 852 nisi
575 797 646 868 quod
669 797 714 852 ille
733 800 911 854 concesserit.
969 800 1093 873 inquam,
1110 811 1137 859 et
1152 819 1212 870 nos,
1226 814 1253 861 et
1267 807 1358 862 omnis
1373 807 1466 878 lingua
1486 807 1631 864 confitetur
1651 809 1714 879 quia
1728 819 1770 867 est

111 880 220 937 Deinde
232 891 327 939 contra
341 885 407 939 illud
422 885 543 940 Psalmi:
562 908 573 934 a
589 886 681 953 lsrael,
697 902 751 942 non
779 887 830 942 erit
846 887 874 940 in
889 894 916 942 te
970 889 998 944 in
1014 891 1102 961 gloria
1116 893 1166 948 Dei
1180 894 1267 950 Patris
1285 913 1292 949 :
1309 895 1380 967 quod
1394 911 1449 951 nou
1460 904 1500 952 ast
1512 895 1597 963 aliud,
1608 912 1691 968 quarn
1700 896 1768 970 quia

112 968 294 1027 Deusrecens
318 973 404 1043 (Paul.
421 974 549 1045 cxxxi·
575 988 711 1031 recentem
734 991 786 1031 nos
807 974 836 1030 in
859 973 916 1030 lide
970 987 1014 1034 est
1029 980 1105 1035 tertia
1118 996 1238 1052 persona
1261 983 1290 1038 ιι
1314 984 1458 1053 majestate
1479 1000 1597 1042 summae
1618 985 1769 1054 Trinitatis,

111 1065 209 1113 nostra
223 1059 311 1115 Deum
325 1061 427 1117 habere
442 1070 585 1129 causator,
600 1063 624 1117 si
639 1063 702 1134 quid
723 1063 751 1117 in
765 1064 823 1119 Deo
844 1081 915 1135 esse,
969 1068 1017 1122 sed
1032 1068 1184 1125 secundum
1197 1073 1249 1128 hoc
1262 1072 1335 1144 qnod
1346 1081 1371 1128 et
1381 1072 1440 1143 ipae
1449 1080 1489 1129 est
1498 1073 1550 1129 Dei
1562 1074 1718 1143 Filius,boc
1727 1080 1771 1131 act

113 1146 188 1216 quod
203 1147 237 1202 ab
252 1156 355 1205 aeterno
370 1166 425 1206 uon
450 1149 540 1216 inerit,
557 1148 725 1221 profitemur.
742 1153 806 1209 lime
831 1154 918 1209 brene-
969 1155 996 1210 in
1012 1157 1113 1214 unitate
1127 1174 1250 1230 personae
1265 1161 1425 1231 conjunctus
1439 1162 1481 1219 rel
1494 1162 1583 1233 potius
1594 1162 1689 1218 unitus
1701 1162 1771 1219 Filio

113 1234 153 1289 sis
167 1236 281 1306 proprie
294 1238 477 1310 agnoitarum
491 1247 542 1306 est,
559 1239 692 1309 qumolitn
707 1248 829 1311 temporo
844 1242 917 1297 beati
970 1245 1029 1311 Dei,
1046 1246 1115 1302 sicut
1129 1255 1155 1302 et
1169 1249 1257 1304 Deum
1274 1249 1324 1305 Dei
1350 1249 1449 1305 Filium
1472 1256 1564 1305 natum
1588 1250 1771 1322 temporaliter

113 1323 244 1396 Gregorii
262 1325 290 1380 in
305 1326 425 1382 Ecclesia
440 1328 575 1398 appamit,
592 1328 626 1384 de
642 1345 694 1399 qua
709 1328 779 1386 idem
795 1331 916 1387 scribens
970 1334 1567 1407 credinrus,etpassum,secundumeamdem
1576 1340 1772 1410 personaeuni·

113 1411 150 1465 ad
164 1412 314 1486 Eulogium
338 1416 519 1486 patriarcham
545 1417 770 1485 Alexandrinum,
786 1418 826 1474 sic
848 1418 918 1474 inter
971 1424 1770 1496 tatem,absqueomnicalumniarecentisiuDecnovitatis.

112 1508 213 1556 cratera
223 1502 290 1558 dicit
306 1522 312 1557 ι
331 1505 445 1559 «Nemo
460 1512 549 1575 potest
574 1521 635 1560 esse
654 1506 781 1579 dgnoita,
797 1507 842 1578 qui
858 1509 918 1563 Ne·
1009 1512 1119 1584 Propter
1133 1514 1208 1587 quod
1232 1516 1314 1573 etiarn
1333 1516 1363 1571 B.
1379 1516 1548 1588 Augustinus
1570 1516 1599 1571 in
1618 1516 1689 1571 libro
1713 1516 1772 1573 lle-

113 1590 254 1645 storianus
269 1606 323 1647 non
338 1591 382 1648 sit.
401 1614 412 1641 ι
428 1592 503 1648 Sicut
517 1593 589 1647 enirn
601 1594 667 1649 olim
681 1595 827 1651 Nestorius
841 1596 917 1652 nisus
971 1602 1162 1657 tractationum
1176 1602 1251 1676 (cop.
1269 1605 1313 1674 ιιι)
1327 1603 1460 1675 poenitere
1473 1620 1502 1659 se
1526 1604 1602 1674 dicit,
1616 1603 1719 1661 alicubi
1741 1619 1772 1660 se

113 1674 203 1733 fuerat
226 1687 346 1735 astruere
367 1680 479 1735 blariarn
503 1680 636 1747 ιιοτόκον,
661 1685 713 1740 ιοε
737 1694 777 1740 est
803 1693 916 1740 matrem
930 1711 958 1772 B
972 1688 1075 1745 dixisse
1087 1691 1139 1746 hoc
1153 1692 1226 1762 quod
1248 1699 1275 1747 et
1298 1707 1347 1747 nos
1369 1691 1452 1763 paulo
1474 1700 1538 1748 ante
1562 1691 1773 1750 manifestandas

112 1775 177 1841 Dei,
192 1790 249 1831 non
264 1776 357 1845 fuisse,
373 1778 414 1833 sic
429 1785 455 1833 ot
470 1778 521 1846 isti,
535 1796 587 1851 pro
602 1796 635 1836 eo
645 1781 754 1853 quodin
764 1781 917 1853 Evangelio
973 1778 1014 1833 rei
1024 1793 1106 1833 causa
1116 1778 1244 1847 diximus,
1257 1781 1310 1835 hnc
1320 1787 1373 1847 est,
1386 1800 1398 1832 ι
1409 1780 1583 1837 Dominicum
1595 1781 1744 1850 hominurn,
1759 1803 1771 1831 ι

112 1863 220 1919 dicitnr
241 1864 275 1919 dc
298 1864 343 1921 dia
364 1866 469 1936 judicii,
495 1868 560 1940 quia
583 1868 656 1923 diem
675 1869 750 1924 illum
775 1876 802 1926 et
823 1870 918 1925 boram
971 1865 1073 1921 scilicet
1091 1866 1226 1936 inquiens,
1244 1875 1370 1938 unquam
1388 1869 1470 1924 homo
1493 1869 1551 1940 ipse
1576 1884 1631 1926 non
1657 1868 1690 1926 sit
1713 1869 1774 1926 Do-

115 1971 127 1995 ·
145 1966 237 2023 neque
251 1953 353 2024 angeli,
369 1970 457 2026 neque
484 1956 565 2012 Filius
589 1958 667 2012 novit
690 1959 787 2026 (tlara.
804 1962 885 2029 xrrr);
904 1980 915 2008 ι
972 1954 1077 2019 minus:
1095 1954 1151 2026 qni,
1167 1956 1309 2027 sicutipse
1323 1956 1388 2011 alibi
1402 1955 1477 2024 dicit,
1493 1972 1527 2012 ex
1551 1972 1604 2029 quo
1627 1957 1688 2027 ipse
1711 1973 1775 2015 esso

112 2040 220 2110 etquia
234 2041 366 2096 Dominus
380 2042 603 2115 legiturrenisse
618 2045 651 2100 ad
666 2044 820 2113 ficulneam,
837 2062 918 2118 qure-
972 2043 1064 2113 erepit,
1093 2043 1229 2099 Dominus
1257 2052 1284 2099 et
1311 2044 1389 2100 Dens
1416 2060 1480 2100 esse
1503 2045 1596 2116 coepit.
1621 2045 1673 2102 Ubi
1703 2045 1774 2102 sicut

117 2143 185 2182 rena
199 2128 228 2182 in
242 2145 275 2184 ea
290 2129 418 2197 fructum,
434 2140 461 2186 et
475 2148 529 2188 non
545 2133 649 2188 invenit
672 2134 783 2203 (iiattb.
799 2135 877 2199 xxrl;
893 2142 920 2190 et
972 2131 1070 2187 audire
1090 2131 1190 2203 refugit
1213 2131 1282 2188 tides
1306 2132 1462 2188 Christiana
1484 2132 1513 2188 in
1536 2133 1641 2189 Christo
1664 2133 1723 2190 Deo
1746 2139 1775 2189 et

114 2216 518 2287 quodrequisivitdebazaro,«
532 2221 582 2277 Ubi
603 2222 732 2291 posuistis
749 2222 917 2291 eum(docn.
973 2219 1083 2275 homine
1106 2235 1230 2290 personas
1263 2220 1434 2287 divisionem,
1460 2221 1501 2278 sic
1532 2220 1614 2277 etiam
1644 2221 1776 2278 abhorret

115 2312 159 2375 ιι),
178 2328 189 2353 ι
208 2306 290 2360 multa
305 2307 432 2363 dicebant
447 2308 532 2364 lilium
543 2310 661 2366 hominis
670 2311 852 2383 ignoravisse.
865 2310 919 2367 Sed
973 2307 1073 2363 divinoe
1088 2308 1247 2364 substantia
1270 2325 1333 2364 cum
1357 2308 1475 2365 bumana
1496 2309 1649 2365 substantia
1672 2308 1773 2367 nonfu-

114 2394 190 2449 sicut
205 2393 272 2450 dicit
286 2395 357 2450 idom
373 2396 478 2466 doctor,
499 2398 677 2468 diemjudioii
701 2400 780 2456 Pater
792 2398 866 2455 solus
881 2399 921 2454 di·
973 2395 1087 2464 sionem,
1103 2396 1163 2452 sive
1172 2396 1401 2453 commistionem.
1417 2397 1495 2454 Unde
1508 2396 1574 2453 dicit
1588 2399 1618 2453 D.
1634 2398 1773 2471 Augusti-

114 2484 189 2539 citur
212 2483 295 2552 scire,
312 2484 375 2557 quia
398 2487 638 2542 consubstantialis
659 2488 684 2542 ei
699 2488 783 2544 Filius
798 2488 869 2559 ejus,
885 2504 919 2544 ex
973 2501 1025 2540 nus
1052 2485 1079 2539 in
1108 2484 1178 2541 libro
1192 2487 1233 2541 De
1259 2485 1389 2541 Trinitate
1416 2493 1443 2541 et
1469 2485 1604 2556 colomba,
1620 2485 1690 2543 sicut
1712 2485 1774 2557 jam

118 2579 295 2642 natumque
317 2581 357 2628 est
381 2589 465 2644 super
485 2576 606 2648 angelos,
623 2576 702 2633 habet
725 2585 755 2631 ut
777 2578 829 2633 boc
852 2576 920 2633 sciat
972 2588 1054 2645 supra
1068 2573 1229 2645 posuimus:
1248 2595 1260 2622 ι
1276 2575 1334 2631 Νει
1347 2590 1435 2630 sonus
1448 2573 1494 2630 ille
1507 2575 1658 2646 vocisque
1669 2574 1772 2631 dictum

115 2660 192 2730 qnod
208 2661 302 2733 angeli
323 2663 462 2733 ignorant.
485 2666 642 2719 incarnatus
663 2664 735 2721 enim
759 2665 920 2747 Unigenitus
973 2669 1014 2717 est
1031 2681 1037 2717 :
1057 2665 1096 2719 Τιι
1110 2679 1139 2719 es
1153 2664 1244 2719 Filias
1256 2680 1337 2720 meas
1351 2664 1485 2729 dilectata,
1500 2662 1547 2735 qui
1564 2663 1692 2719 continuo
1712 2678 1774 2721 esse

113 2749 178 2816 Dei,
195 2748 342 2820 iactusque
356 2767 407 2821 pro
422 2752 501 2808 nobis
515 2755 596 2809 homo
612 2754 758 2824 perfectus,
773 2753 801 2808 in
825 2762 920 2809 natura
972 2749 1084 2818 destitit,
1100 2758 1243 2822 coaptatus
1259 2759 1300 2807 ast
1323 2751 1352 2806 in
1375 2751 1507 2807 unitatem
1530 2766 1653 2822 persone
1677 2751 1773 2822 Patria,

112 2836 232 2909 quidem
248 2838 400 2895 divinitatis
415 2841 490 2897 novit
503 2841 576 2897 diem
590 2849 616 2897 et
630 2842 724 2897 horam
746 2842 854 2912 judicii,
869 2842 918 2898 sed
972 2853 1024 2895 nec
1042 2838 1089 2896 illa
1111 2841 1219 2909 species
1234 2839 1385 2910 corporalis
1403 2839 1538 2896 columbas
1562 2839 1642 2909 (Late.
1659 2841 1700 2910 ιιι)
1722 2855 1774 2896 co·

113 2933 206 2981 tumen
220 2928 291 2981 hunc
306 2943 360 2983 non
375 2944 407 2983 ex
422 2937 517 2984 natura
540 2929 714 2985 humanitatis
736 2930 820 2987 novit.
837 2930 917 3000 Quod
972 2936 1063 3000 aptata
1077 2936 1117 2984 est
1131 2928 1159 2983 in
1174 2928 1302 2985 unitatem
1316 2943 1442 2999 personae
1456 2926 1571 2999 Spiritus
1589 2927 1687 2995 sancti,
1703 2926 1774 2987 sicut

113 3030 186 3087 erga
200 3014 229 3070 in
241 3016 304 3085 ipsa
319 3017 487 3073 humanitate
508 3019 594 3084 novit,
612 3034 667 3075 nou
691 3035 726 3075 ex
747 3021 808 3090 ipsa
831 3020 916 3087 ιοιίι,
933 3032 1062 3126 Cneque
1076 3017 1124 3073 ille
1139 3016 1211 3089 iguis
1225 3017 1298 3088 (Act.
1313 3020 1344 3087 ιι)
1358 3015 1404 3089 qui
1419 3016 1546 3072 eumdem
1560 3016 1693 3087 Spiritum
1706 3032 1773 3072 san·

110 3104 182 3176 quia
195 3105 270 3159 Deus
284 3104 369 3160 bomo
383 3106 471 3162 iactus
485 3106 558 3161 diem
580 3115 609 3162 et
630 3108 726 3163 horam
747 3108 842 3178 judicii
863 3124 917 3164 nou
972 3115 1046 3162 ctum
1061 3105 1268 3170 demonstravit,
1284 3112 1311 3160 ει
1325 3104 1415 3161 officio
1430 3103 1636 3177 significationis
1660 3105 1773 3176 impleto

108 3191 166 3246 uisi
195 3208 246 3263 per
270 3193 422 3249 divinitatis
445 3211 502 3251 auae
522 3196 669 3266 potentiam
692 3196 776 3253 novit.
796 3198 874 3254 Unde
892 3201 919 3252 ει
972 3211 1037 3251 mox
1060 3211 1123 3251 csse
1149 3193 1261 3250 destitit.
1282 3192 1341 3248 Sed
1367 3193 1442 3249 solus
1465 3193 1558 3260 bomo,
1575 3193 1640 3264 quia
1663 3200 1774 3266 propter

113 3294 167 3335 nos
181 3280 310 3336 similiter
328 3282 453 3350 dicimus,
469 3283 605 3340 Christum
629 3284 726 3340 Filiurn
749 3284 868 3340 hominis
891 3286 920 3340 in
972 3283 1061 3355 ipsam
1084 3291 1208 3338 naturam
1234 3280 1406 3337 liberandam
1429 3280 1476 3336 illa
1498 3280 1591 3337 omnia
1613 3278 1726 3350 fiebant,
1743 3282 1774 3338 in

107 3368 175 3438 ipsa
188 3376 287 3425 natura
302 3371 478 3426 humanitatis
501 3388 567 3440 snae,
583 3374 632 3428 sed
654 3389 708 3428 non
731 3390 765 3428 ex
788 3373 857 3445 ipss,
872 3389 918 3429 se·
972 3372 1103 3426 unitatem
1125 3384 1249 3441 personna
1272 3368 1352 3424 Verbi
1375 3367 1434 3434 Dei,
1450 3366 1566 3423 mirabili
1590 3374 1618 3423 ει
1641 3368 1773 3440 sinpdari

108 3457 236 3513 cundum
251 3473 312 3515 eam
327 3474 409 3533 quarn
424 3476 486 3516 cum
502 3462 560 3517 Deo
570 3462 650 3517 habat
660 3462 799 3529 unionem,
812 3462 918 3518 tertiam
972 3459 1147 3531 susceptione
1159 3460 1304 3529 coaptatus
1319 3463 1370 3523 est,
1387 3463 1562 3528 permanente
1577 3463 1668 3512 tamen
1683 3456 1773 3513 Verbo

113 3561 180 3601 esse
203 3546 232 3600 in
256 3547 387 3604 Trinitate
410 3565 563 3621 personant,
590 3551 651 3619 quia
675 3551 745 3607 sicut
763 3551 920 3607 incarnatus
970 3549 999 3604 in
1012 3564 1061 3604 aua
1076 3554 1171 3603 natura
1190 3544 1459 3611 incommutabiliter,
1474 3545 1503 3600 in
1527 3559 1581 3614 qua
1603 3544 1671 3599 nihil
1693 3560 1773 3603 com·

108 3634 188 3692 Deus
201 3635 289 3692 iactus
303 3647 345 3692 est
360 3636 430 3692 iilius
444 3638 566 3694 hominis
581 3647 694 3711 propter
719 3639 856 3698 bominem
872 3656 921 3695 as·
970 3637 1051 3711 positi
1066 3651 1129 3693 cum
1144 3650 1198 3707 quo
1217 3634 1345 3690 subsistat
1358 3633 1416 3689 ulla
1429 3633 1570 3705 phantasia
1584 3633 1696 3689 humani
1710 3634 1770 3690 ani·

108 3733 262 3796 sumptum,
279 3726 321 3782 sic
336 3735 491 3798 assumptus
508 3726 593 3782 homo
611 3727 700 3783 iactus
715 3735 755 3783 est
771 3727 851 3783 Filius
866 3727 919 3782 Dei
971 3728 1009 3781 mi
1023 3723 1218 3796 suspicandum
1232 3732 1281 3779 est.
1296 3723 1383 3778 Homo
1398 3721 1470 3777 enim
1479 3722 1570 3778 Verbo
1579 3720 1773 3790 accesmtmon

109 3821 225 3886 propter
237 3821 424 3870 assumentem
440 3816 536 3870 Deum.
554 3814 631 3872 Unde
645 3814 712 3872 dicit
727 3815 801 3872 idem
823 3816 920 3872 doctor
970 3815 1090 3869 Verbum
1105 3813 1132 3868 in
1147 3813 1286 3869 hominem
1304 3811 1522 3869 convertibiliter
1535 3809 1672 3881 decessit3
1690 3818 1773 3884 atque

109 3903 139 3957 iu
154 3901 276 3974 epistola
290 3919 339 3958 sua
358 3921 364 3957 :
383 3927 395 3951 α
413 3904 491 3959 Diem
507 3912 534 3959 ει
544 3903 739 3973 boramJ'udicii
751 3904 921 3966 acitDenset
970 3902 1008 3958 ita
1022 3902 1105 3958 Filius
1122 3901 1172 3957 Dei
1193 3899 1274 3956 simul
1292 3916 1353 3956 cum
1366 3899 1476 3956 homine
1497 3907 1624 3971 suscepto
1648 3898 1760 3956 dicitur.

107 3991 206 4056 homo,
221 3990 270 4046 sed
294 3991 356 4047 ideo
381 3993 475 4058 homo,
499 3992 562 4062 quia
585 3992 659 4047 Deus
681 4001 721 4048 est
742 3993 801 4064 ipse
823 3994 917 4050 horno.
971 3989 1048 4046 Unde
1064 3989 1136 4045 idem
1166 3988 1248 4044 Filius
1271 3988 1321 4043 Dei
1351 3986 1582 4044 incommutabilis
1616 3993 1666 4057 est,
1690 3994 1772 4059 atque

103 4078 257 4134 Scientiam
280 4095 356 4146 vero,
374 4095 454 4149 quam
483 4096 518 4135 ex
543 4080 723 4136 humanitatis
744 4088 840 4136 natura
863 4098 918 4138 non
970 4086 1121 4134 coaeternus
1137 4076 1225 4146 Patri3
1241 4076 1290 4132 sed
1304 4075 1331 4130 in
1346 4075 1438 4132 Verbo
1452 4076 1523 4131 solo.
1537 4076 1574 4131 Et
1587 4076 1707 4146 sepultus
1729 4085 1772 4132 est

103 4167 209 4233 babuit,
226 4182 261 4222 ex
277 4182 332 4237 qua
348 4183 412 4223 cum
428 4168 535 4240 angelis
559 4177 687 4225 creatura
714 4169 781 4239 iuit;
804 4170 874 4226 hanc
888 4188 918 4227 se
970 4164 1393 4235 FiliusDetaadinearnesota.»
1405 4164 1597 4236 ltemLeo(cp.
1608 4162 1770 4236 lllpapade

104 4254 342 4328 comengelisqui
353 4256 838 4329 creaturasunt,haberedenegavit.
855 4256 916 4313 add
969 4253 1095 4310 Christo:
1113 4276 1124 4302 ι
1142 4254 1236 4321 Totus,
1254 4275 1265 4303 ι
1282 4252 1379 4323 inquit,
1398 4272 1410 4304 ι
1428 4253 1503 4308 Dans
1518 4259 1558 4309 est
1570 4258 1681 4324 propter
1694 4267 1771 4309 ιεειι-

105 4344 184 4415 quod
198 4352 225 4400 et
238 4359 290 4401 nos
303 4344 428 4407 dicimus,
445 4346 573 4417 quoniam
600 4345 623 4401 si
647 4345 677 4400 in
699 4345 915 4418 incitataque
969 4349 1089 4399 mentem
1110 4342 1209 4410 Deum,
1231 4343 1357 4411 totusque
1379 4342 1464 4397 bomo
1492 4347 1602 4413 propter
1630 4340 1769 4396 hominem

105 4433 183 4489 Deus
197 4439 247 4495 εει,
263 4441 319 4488 tres
333 4440 395 4488 aunt
409 4448 534 4502 persone
548 4434 619 4506 quod
643 4435 701 4505 ipse
726 4449 780 4490 non
801 4441 911 4490 contra·
925 4411 953 4474 D
967 4438 1144 4501 assumptum.
1170 4431 1227 4486 Nec
1251 4437 1340 4484 tamen
1373 4428 1491 4486 Verbum
1516 4429 1543 4483 in
1568 4442 1688 4494 carnem,
1711 4427 1769 4486 aive

103 4520 185 4589 dicit,
201 4529 229 4577 et
241 4521 371 4577 Christus
385 4523 458 4577 Deus
485 4531 512 4578 et
537 4524 618 4578 homo
640 4537 696 4577 una
718 4530 758 4579 est
783 4538 909 4594 persona,
967 4534 1029 4576 caro
1043 4520 1070 4573 in
1087 4519 1205 4575 Verbum
1219 4525 1318 4574 mutata
1333 4524 1391 4587 est;
1407 4517 1456 4573 sed
1470 4526 1615 4588 utrumque
1630 4524 1724 4573 manet
1737 4517 1767 4573 in

104 4610 184 4683 qnod
206 4610 288 4665 etiam
308 4610 399 4680 ipsum
425 4626 479 4665 non
504 4611 689 4668 contradicit:
715 4627 795 4683 qnam
819 4618 912 4668 tamen
966 4617 1094 4681 utroque,
1109 4615 1136 4663 et
1149 4624 1218 4663 unus
1231 4607 1259 4663 in
1273 4613 1389 4678 utroque
1403 4605 1537 4674 Christus,
1553 4604 1767 4662 necdiversitate

103 4697 216 4754 tertiam
231 4698 259 4753 ιι
271 4698 398 4754 Trinitate
420 4715 480 4754 esse
506 4714 651 4769 personam
675 4699 828 4756 nullatenus
843 4716 912 4756 con·
966 4697 1077 4765 divisus,
1092 4711 1142 4752 nec
1155 4694 1347 4752 commistione
1361 4695 1499 4750 contusus.
1515 4694 1574 4749 Nec
1588 4692 1766 4750 altercator

103 4785 199 4849 caelin
213 4785 273 4856 jam
287 4786 383 4856 ntique
399 4795 537 4842 recentem
550 4788 586 4843 ab
601 4803 635 4843 eo
658 4789 748 4843 Deum
770 4789 910 4857 habemns,
965 4787 1042 4841 Patre
1056 4784 1125 4840 alter
1139 4790 1181 4839 est
1200 4799 1234 4839 ex
1257 4789 1359 4851 matre;
1384 4781 1447 4838 licet
1470 4780 1549 4838 aliter
1563 4780 1597 4835 sit
1617 4796 1652 4837 ex
1672 4781 1764 4850 Patre,

102 4881 232 4946 quarnm
245 4873 349 4930 scilicet
363 4874 392 4928 in
405 4875 463 4930 Deo
477 4891 539 4930 cnm
555 4875 686 4930 Trinitate
713 4891 869 4947 personam,
885 4884 913 4933 ct
965 4873 1043 4930 aliter
1056 4889 1089 4929 ax
1104 4879 1210 4928 matre:
1228 4886 1261 4928 ex
1278 4871 1353 4927 Patre
1368 4877 1432 4927 anta
1445 4884 1527 4927 omne
1541 4867 1715 4941 principium,
1730 4885 1766 4927 ex

101 4970 132 5025 in
146 4969 201 5026 lide
215 4978 308 5026 nostra
322 4971 486 5043 quaternitas
501 4972 592 5043 potius
617 4986 699 5043 quarn
718 4972 833 5028 Trinitas
855 4989 911 5029 no·
965 4976 1051 5026 matre
1065 4969 1092 5024 in
1107 4968 1161 5025 fine
1175 4968 1348 5035 saeculorum,
1363 4974 1393 5023 ut
1415 4973 1488 5023 esset
1512 4965 1644 5023 mediator
1663 4964 1714 5024 Dei
1738 4974 1767 5024 et

101 5065 147 5120 bis
160 5066 321 5138 proponitur
336 5066 489 5123 adoranda.
507 5067 562 5124 sed
578 5068 649 5125 sicut
661 5068 727 5124 dicit
741 5069 838 5125 beatus
853 5071 909 5126 du·
963 5067 1104 5125 hominum
1118 5067 1197 5125 lesus
1211 5066 1344 5135 Christus,
1359 5064 1386 5121 in
1400 5078 1455 5136 qun
1472 5062 1606 5121 habitaret
1623 5062 1764 5136 planitudo

99 5163 230 5238 gnstinus
243 5163 278 5218 ad
294 5163 427 5219 Erotium
452 5165 520 5235 (35),
537 5184 548 5214 ι
566 5173 703 5238 assumpto
724 5167 835 5223 homine
859 5182 910 5223 ne·
963 5164 1112 5222 divinitatis
1139 5164 1323 5237 corporaliter,
1349 5162 1492 5235 quianon
1518 5163 1684 5219 assumentis
1709 5162 1763 5220 de·

100 5272 242 5332 quaquam
266 5274 446 5331 personarum
465 5276 594 5318 numerus
608 5271 704 5319 auctus
723 5269 774 5331 est,
798 5263 847 5321 scd
865 5279 909 5320 ea·
960 5263 1044 5334 iectio
1057 5263 1106 5319 sed
1118 5259 1251 5334 assumpti
1272 5260 1411 5334 provectio
1425 5266 1488 5317 est:
1511 5259 1585 5332 quod
1601 5258 1762 5318 Densilln'm

103 5359 173 5416 dem
187 5354 306 5415 ιιιιιιιι
320 5359 428 5415 mansit.
449 5381 461 5409 ι
477 5360 534 5417 Noa
559 5376 633 5429 vero,
650 5361 711 5434 ipso
736 5374 816 5435 quern
835 5363 909 5421 Deus
964 5361 1103 5429 exaltarit,
1118 5367 1145 5417 et
1157 5359 1233 5418 dedit
1246 5358 1285 5415 illi
1298 5366 1410 5426 noman,
1427 5356 1500 5431 qnod
1512 5365 1555 5417 ast
1575 5362 1660 5431 anper
1680 5373 1762 5416 ornae

142 5534 336 5607 (35)·Λιςιιι.
348 5534 429 5607 epist.
447 5535 507 5592 ιιι.
