3728 6000
21 174 26 180 ⁵
139 183 209 244 1187
832 180 974 242 EUGENll
992 183 1029 241 ΙΙΙ
1047 181 1147 242 PAPAE
1789 181 1849 244 itta

137 306 459 382 gnoscoris,subipsins
470 303 676 381 apostolorum
686 306 967 382 principis‚cujusin
985 314 1009 368 Α
1060 311 1120 380 Ego
1136 308 1276 367 Nicotaus
1290 309 1470 380 albanensis
1484 309 1664 385 episcopus.

136 397 214 471 loco,
226 397 295 455 licet
308 396 457 463 immeriti,
465 396 596 453 residere
607 397 853 469 conspicimur,et
865 403 967 457 nostra
1057 397 1118 470 Ego
1132 399 1218 469 lingo
1231 399 1374 456 Ostiensis
1392 398 1565 474 epiecopus.

136 487 320 562 protectione
335 484 564 558 suscipimns‚et
572 486 726 558 praesentis
738 487 838 560 scripti
846 486 966 559 privile·
1056 489 1117 558 Ego
1136 487 1295 559 Gregorius
1310 487 1466 562 presbyter
1480 489 1650 548 cardinalis
1670 488 1751 547 tituli
1768 490 1852 548 Sancti

136 574 966 648 giocommunimuszstatuentes,utquascunqueposses·
1021 575 1135 634 calixti.

136 663 964 738 sionos,quaeounquebona,eademEcclesiaimpraesen·
1055 668 1116 737 Ego
1138 663 1290 724 liubaldus
1303 667 1459 742 presbyter
1472 667 1640 727 cardinalis
1656 668 1740 726 tituli
1753 670 1851 728 Sancte

135 756 242 813 tiaram
256 755 333 827 juste
354 757 383 810 et
397 753 540 811 canonice
554 753 700 826 possidet,
714 759 764 812 aul
779 755 810 811 in
830 755 964 813 futurum
1019 756 1171 813 Praxedis.

135 843 328 902 concessione
338 843 525 917 pontificum,
534 842 691 915 largitione
706 859 811 915 regum
824 844 871 901 vel
884 845 964 918 prin·
1053 845 1114 918 Ego
1126 844 1292 903 henfredus
1304 846 1461 921 presbyter
1475 846 1641 906 cardinalis
1654 847 1737 907 tituli
1748 850 1847 908 Sancte

136 935 247 1006 cipum,
273 932 423 991 oblatione
436 931 582 999 fidelium,
597 948 652 988 seu
671 933 737 990 aliis
748 932 836 1004 justis
852 934 962 1002 modis,
1018 934 1145 991 Savinae.

135 1024 197 1082 Deo
215 1023 357 1097 propitio,
381 1023 485 1094 poterit
505 1021 640 1094 adipisci,
661 1023 750 1080 firma
769 1023 821 1080 tibi
844 1024 962 1098 tuisque
1052 1025 1113 1093 Ego
1128 1022 1226 1081 Guido
1239 1024 1392 1099 presbyter
1400 1024 1562 1083 cardinalis
1575 1023 1657 1083 tituli
1675 1027 1708 1085 S.
1720 1028 1842 1085 Pastoris

134 1112 360 1170 successoribus
376 1116 403 1168 et
409 1110 521 1167 illibata
531 1119 738 1184 permaneant.
752 1112 833 1170 Pallii
839 1129 963 1187 quoqne
1053 1113 1112 1183 Ego
1126 1112 1293 1170 Bernartius
1307 1113 1465 1189 presbyter
1477 1113 1648 1172 cardinalis
1665 1115 1748 1174 tituli
1762 1117 1841 1174 Sancti

135 1218 238 1267 usum,
251 1200 418 1257 etvivilicoe
434 1200 530 1256 crucis
548 1200 700 1268 vexillum,
717 1206 808 1274 utque
823 1218 961 1269 naccum,
1017 1199 1186 1258 Clementis.

134 1291 251 1363 insigne
264 1289 398 1346 videlicet
412 1288 508 1346 festivi
519 1290 600 1363 eqni,
613 1306 681 1363 qum
691 1291 961 1364 praedecessoribus
1052 1291 1113 1361 Ego
1128 1290 1276 1348 Gerardus
1286 1291 1442 1366 presbyter
1451 1292 1567 1351 cardin.
1578 1291 1661 1350 tituli
1676 1293 1709 1351 S.
1719 1293 1838 1369 Stephani

134 1381 192 1438 tuis
208 1379 345 1438 anostris
370 1378 641 1450 praedecessoribus
654 1395 797 1438 concessu
811 1386 889 1448 sunt,
906 1397 961 1439 sno
1015 1377 1045 1436 in
1060 1385 1161 1437 monte
1178 1380 1277 1438 Coelio.

132 1473 268 1542 ternpore
282 1484 395 1540 suoque
414 1467 479 1525 loco
502 1467 634 1535 terenda,
648 1484 704 1526 nos
720 1474 781 1526 tam
799 1470 849 1527 tibi
867 1487 961 1543 quam
1051 1469 1112 1539 Ego
1134 1470 1202 1527 Otto
1217 1469 1362 1528 diaeonus
1378 1472 1459 1530 eard.
1477 1473 1505 1530 S.
1527 1472 1652 1544 Georgii
1691 1472 1731 1531 nd
1757 1472 1836 1531 telon

132 1559 192 1617 tuis
215 1557 436 1615 successoribus
465 1556 681 1615 confirmamus
699 1575 705 1615 :
722 1559 906 1631 adjicientes,
929 1565 961 1618 ut
1015 1563 1155 1615 Aureum.

131 1648 206 1706 nulli
220 1647 351 1721 primati,
360 1646 417 1702 nisi
427 1648 837 1721 tantumltomanopontitici,
848 1648 959 1707 debeas
976 1675 996 1729 Β
1050 1648 1111 1718 Ego
1126 1646 1301 1722 Rodulphus
1316 1648 1435 1707 diacon.
1458 1647 1541 1707 card.
1565 1650 1694 1708 Sancto
1716 1651 1837 1709 Luciain

131 1754 196 1796 esse
207 1737 371 1809 subiactus.
385 1736 441 1793 Pro
461 1736 616 1808 amplioris
634 1737 723 1794 etiam
739 1743 767 1795 et
777 1738 959 1811 specialioris
1015 1737 1191 1810 septisoliis.

131 1827 236 1900 gratioe
252 1826 451 1899 prerogativa
461 1825 687 1883 ordinationem
696 1827 774 1898 regis
786 1826 864 1885 inira
878 1834 958 1885 tuem
1050 1829 1109 1897 Ego
1125 1827 1283 1899 Gregorius
1295 1827 1440 1886 diacontm
1447 1827 1613 1886 cardinalis
1626 1829 1734 1888 Sancti
1744 1829 1838 1902 Angeli.

130 1915 320 1990 provinciam
333 1915 383 1972 tibi
398 1914 539 1971 duximus
553 1916 789 1973 concedendam.
816 1918 848 1974 Et
863 1917 889 1974 si
903 1920 959 1974 tio·
1048 1917 1109 1988 Ego
1123 1918 1254 1973 ioannes
1270 1916 1416 1974 diaconus
1430 1917 1591 1976 cardinalis
1612 1920 1738 1977 Sanctae
1760 1921 1839 1978 Maria

131 2021 241 2064 manus
256 2004 399 2078 pontifex,
420 2003 467 2061 vel
488 2005 660 2077 apostolicas
684 2005 763 2062 sedis
781 2006 906 2078 legatus,
927 2007 958 2063 in
1013 2008 1114 2063 Novas.

131 2095 238 2152 eedem
258 2092 414 2166 provincia
429 2092 589 2150 concilium
609 2093 812 2164 celebraverit,
840 2102 871 2151 tu
891 2099 959 2168 post
1048 2096 1110 2164 Ego
1127 2093 1222 2151 Guido
1237 2093 1381 2151 diaconus
1396 2095 1556 2153 cardinalis
1569 2097 1697 2154 Sanctae
1711 2097 1841 2155 ilaricein

131 2200 182 2242 eos
201 2186 333 2259 primum
346 2186 422 2240 inter
434 2182 509 2240 alios
519 2183 620 2241 locum
629 2183 776 2241 obtineas.
794 2186 958 2242 Statuimus
1012 2181 1139 2239 Porticu.

130 2278 283 2348 praterea,
301 2278 331 2329 nt
344 2278 457 2346 septem
468 2272 564 2329 idonei
572 2273 912 2346 presbytericardinales
927 2275 957 2330 in
1048 2274 1109 2345 Ego
1127 2271 1556 2345 Hyacinthusdiaoonuscard.
1569 2275 1697 2333 Sancto)
1714 2277 1842 2335 hericio

130 2360 956 2437 proedietaEcclesieordinentur,quiindutidalmatiois
1013 2361 1183 2421 cosmedin.

130 2457 160 2508 et
175 2451 382 2519 milrisornati‚
396 2450 435 2506 ad
448 2451 627 2524 principalia
639 2454 701 2509 duo
709 2452 812 2509 altaria
820 2452 956 2525 ejusdem
1048 2452 1105 2522 Ego
1119 2451 1242 2507 Cencius
1263 2450 1411 2509 diaconus
1424 2451 1587 2510 cardinalis
1614 2454 1740 2513 Sanctm
1760 2457 1843 2514 Haris

129 2540 274 2606 ecclesiae,
290 2538 672 2596 cumtotidemdiaeonibus
684 2539 955 2597 elsuhdisconibus
1011 2538 1042 2596 in
1057 2539 1167 2612 akyro.

130 2630 237 2704 quibus
252 2628 457 2685 sandaliorum
471 2643 561 2684 usum
574 2628 778 2696 concedimus,
796 2630 955 2687 missarum
1047 2629 1155 2684 butum
1169 2628 1287 2699 Signiae,
1304 2644 1478 2700 parmenus
1492 2631 1633 2699 bosonis,
1656 2642 1775 2692 sanctor
1800 2637 1842 2690 tto

129 2719 274 2776 solemnia
293 2719 323 2774 in
349 2717 462 2773 festivis
475 2717 581 2773 diebus
600 2719 809 2775 tautummodo
829 2719 956 2776 admini·
1010 2735 1108 2776 manae
1126 2719 1261 2776 Ecclesiae
1276 2721 1440 2791 scriptoris,
1467 2737 1496 2775 vi
1520 2721 1591 2777 ldus
1616 2723 1771 2795 Jenrrarii,
1783 2725 1840 2782 indi·

128 2813 230 2865 strant.
248 2810 283 2864 Ut
302 2822 371 2878 ergo
395 2807 460 2863 haec
485 2806 598 2870 omnia,
614 2823 682 2880 qum
703 2807 953 2880 supradiximus,
1010 2809 1107 2865 ctione
1116 2808 1233 2864 decima
1242 2810 1356 2881 quinta,
1367 2809 1582 2866 incarnationis
1591 2812 1839 2870 Dominiccesnoo

127 2898 246 2971 plenum
261 2897 454 2969 inposterum
469 2896 954 2969 roburobtineantsieutinpriri-
1012 2902 1090 2963 1151,
1108 2897 1384 2969 pontificatnsroro
1413 2897 1530 2955 domini
1559 2900 1693 2970 augenti
1714 2903 1840 2976 ltlpapa

126 2986 210 3058 legiis
224 2985 663 3058 p1·aedecessorumnostrorum
678 2986 875 3052 continentur,
892 2993 953 3043 tam
1009 3001 1090 3043 anno
1102 2986 1240 3059 septimo.

127 3075 180 3134 libi
188 3091 280 3147 quam
290 3075 512 3133 successoribus
521 3075 577 3131 tuis
586 3090 621 3130 ea
633 3073 842 3130 favorisnostri
854 3081 955 3132 aucto·
1364 3073 1475 3132 CDthV

125 3168 211 3223 ritate
226 3165 393 3224 firmamus.
411 3164 604 3221 Decernimns
621 3178 692 3233 ergo
705 3163 814 3219 utnulli
829 3165 954 3223 omnino
1007 3172 1056 3240 gg
1070 3183 1313 3239 colonienses...
1326 3182 1765 3256 Arnotdumcrcliepiscopurr
1777 3200 1835 3256 pro

124 3255 283 3314 hominum
294 3251 709 3324 liceatpraelatamecclesiam
721 3258 829 3308 temere
842 3261 955 3325 pertnr·
1042 3255 1111 3324 pue
1125 3270 1218 3311 muna
1233 3260 1438 3311 consecratum
1455 3269 1489 3309 oc
1503 3255 1597 3325 pallio
1614 3256 1794 3314 decoratum
1803 3257 1835 3314 eir

125 3344 267 3412 bare,ant
281 3345 345 3417 ejus
355 3341 558 3416 possessiones
570 3339 696 3407 auterre,
709 3340 879 3398 velablatas
889 3343 954 3398 reti·
1043 3326 1165 3392 ''emili'ls
1181 3327 1359 3396 ltloeclltl'eni
1373 3331 1405 3380 “l
1424 3326 1452 3382 82'
1465 3325 1614 3390 obediunt,
1632 3336 1695 3385 etc·

124 3450 206 3506 nere,
221 3435 420 3496 minnere,aut
432 3429 952 3503 aliquibusvexationibnsfatigare3
1256 3424 1354 3495 (Anno
1368 3426 1446 3487 1150,
1463 3420 1530 3480 ian.
1546 3423 1586 3493 8.)

126 3525 179 3581 sed
195 3524 298 3580 omnia
313 3522 428 3591 integra
445 3526 670 3590 conserventur,
684 3536 786 3576 eorum
811 3536 867 3592 pro
880 3537 954 3593 quo·
1196 3521 1345 3592 (uxeres,
1361 3518 1492 3586 collect„
1512 3520 1546 3586 ll,
1562 3520 1643 3595 502]

124 3629 193 3671 rum
206 3610 422 3685 gubernatione
435 3613 464 3665 et
486 3609 702 3665 sustentatione
714 3624 858 3665 concessu
872 3616 951 3677 sunt,
1043 3610 1353 3681 Enonarnsepiscopus
1377 3624 1482 3664 servus
1511 3624 1673 3666 servorum
1691 3612 1759 3680 Dei,
1774 3612 1833 3670 dile

124 3703 229 3759 usibus
248 3698 431 3756 omnimodis
456 3697 611 3771 profutura
628 3711 635 3750 τ
655 3697 738 3755 salva
760 3698 790 3753 in
809 3698 952 3756 omnibus
1007 3700 1061 3756 ctis
1075 3699 1142 3755 filiis
1156 3701 1205 3756 Gn.
1234 3699 1395 3771 praeposito
1416 3700 1446 3756 E.
1471 3699 1598 3766 decano,
1619 3701 1832 3759 archidiaconi·

122 3788 388 3865 apostolicaesedis
403 3787 627 3845 auctoritate.Si
643 3803 703 3859 qna
718 3787 807 3858 igitur
827 3787 857 3842 in
877 3787 953 3844 iutu-
1006 3788 1236 3861 bus‚prioribus
1255 3793 1283 3843 et
1295 3788 1432 3844 universo
1447 3787 1525 3843 clero
1554 3803 1590 3845 eo
1617 3790 1739 3862 populo
1764 3791 1832 3848 Colo

123 3878 398 3938 rumecclesiastica
409 3877 598 3933 saecularisve
610 3891 750 3947 persona,
762 3876 952 3934 hancnostrae
1005 3877 1122 3933 niensis
1143 3875 1292 3942 Ecclesioe,
1307 3877 1477 3933 salutemet
1492 3875 1696 3949 apostolicam
1722 3879 1832 3937 benai·

124 3968 343 4027 constitutionis
358 3967 500 4039 peginam
515 3965 620 4028 sciens,
633 3969 735 4020 contra
755 3980 822 4020 eam
843 3969 952 4024 temere
1006 3967 1146 4023 ctionem.

122 4054 952 4119 veniretentaverit,secuudotertioveeommonita,sinon
1042 4056 1212 4111 Venientem
1227 4054 1444 4126 adapostolicar
1458 4055 1741 4113 sedisclementiem
1755 4073 1832 4114 venc-

123 4141 953 4213 satisiactionecongruaemendaverit,potestatishono-
1005 4145 1132 4202 rabilem
1148 4143 1267 4201 tratrem
1284 4148 1419 4200 nostrum
1443 4143 1606 4200 arnoldum
1637 4146 1772 4204 electum
1792 4161 1832 4201 re

121 4235 224 4307 risque
235 4233 279 4288 sui
292 4231 435 4303 dignitate
446 4235 553 4296 careat,
563 4246 705 4302 reamque
716 4247 747 4285 se
758 4230 860 4289 divino
871 4232 937 4303 judi
1007 4237 1101 4289 strum
1117 4250 1186 4289 cum
1196 4232 1309 4289 dilectis
1318 4231 1387 4288 tiliis
1398 4232 1506 4288 nostris
1514 4231 1831 4292 WibaldoCorbeiensi

122 4324 168 4380 oio
181 4323 302 4379 existere
311 4321 348 4377 de
362 4325 530 4393 perpetrata
540 4320 694 4393 iniquitate
707 4327 880 4389 cognoscat,
892 4328 920 4378 et
933 4338 952 4377 a
1006 4325 1038 4378 N.
1054 4323 1128 4394 (iol)
1143 4322 1363 4392 Sigeburgensi,
1376 4326 1403 4378 et
1415 4323 1445 4377 T.
1457 4320 1702 4393 (105)Campensi
1719 4323 1831 4381 abbati·

17 4426 22 4433 ·
123 4413 325 4470 sacratissimo
350 4425 474 4483 corpore
493 4424 529 4466 ac
551 4410 696 4479 sanguine
718 4409 767 4465 liei
782 4414 810 4465 et
836 4411 952 4467 bomini
967 4387 989 4442 ⁰
1006 4411 1062 4467 bus
1078 4416 1167 4484 atque
1179 4411 1322 4482 magistro
1338 4410 1473 4478 lienrioo,
1488 4409 1734 4469 charissimifilii
1749 4412 1832 4469 nostri

121 4500 329 4574 Redemptoris
337 4500 428 4556 nostri
439 4500 507 4555 lesu
520 4498 623 4555 Christi
639 4498 736 4554 aliena
753 4498 814 4570 liat,
824 4500 950 4571 atquein
1005 4500 1133 4557 Conradi
1144 4501 1348 4557 Romanorum
1360 4499 1439 4569 regis
1451 4500 1619 4564 notario,A.
1632 4503 1800 4573 praeposito
1810 4505 1833 4556 et

122 4596 253 4648 extremo
272 4589 409 4645 examine
424 4588 561 4644 districtas
572 4586 674 4644 ultioni
690 4586 855 4659 subjaceat.
872 4591 950 4644 Cun-
1004 4588 1038 4644 G.
1052 4593 1169 4645 Decano
1185 4587 1284 4645 Sancti
1296 4587 1557 4657 Gereonis,dabita
1569 4586 1763 4660 benignitate
1777 4607 1833 4646 sus·

122 4681 175 4735 otis
188 4684 288 4735 autem
304 4677 399 4733 eidem
412 4677 477 4733 loco
490 4676 572 4747 justa
583 4677 774 4732 servantibus
789 4677 825 4732 sit
836 4677 950 4749 paullo
1003 4678 1150 4751 cepimus,
1167 4682 1196 4734 et
1210 4677 1396 4742 electionem,
1407 4692 1499 4750 quam
1512 4676 1550 4733 de
1564 4676 1832 4752 ipsotanquamde

120 4768 196 4826 mini
211 4769 304 4824 nostri
317 4768 386 4823 lesu
399 4766 514 4833 Christi,
537 4769 686 4838 quatenus
709 4771 737 4822 et
756 4766 803 4822 hic
819 4765 949 4824 fructum
1003 4766 1142 4840 prudenti
1169 4772 1196 4824 et
1218 4767 1365 4824 industrio
1387 4768 1447 4822 viro
1481 4765 1666 4824 unanimiter
1691 4768 1833 4834 laceratis,

120 4857 209 4915 bonae
225 4856 351 4912 actionis
366 4854 540 4927 percipiant,
555 4858 583 4911 et
597 4853 677 4925 apud
693 4853 856 4912 districtum
867 4856 948 4929 judi·
1002 4861 1071 4930 post
1085 4855 1252 4928 diligentem
1268 4855 1530 4921 examinalionem,
1546 4861 1674 4912 auctore
1700 4857 1831 4921 Domino,

119 4961 186 5004 cem
198 4944 323 5019 pramis
335 4949 454 5000 aeternos
472 4943 555 5015 pacis
571 4943 735 4999 inveniant.
748 4945 853 5000 rimen-
1001 4944 1339 5010 retamliabentes,cum
1349 4943 1514 5019 plurimum
1525 4943 1712 5004 renitentem
1728 4946 1832 5005 nostris

157 5038 217 5107 Ego
234 5034 383 5105 Eugenius
396 5031 551 5089 catholice
568 5031 705 5089 Ecclesiae
725 5033 896 5106 episcopus.
1002 5039 1147 5106 tanquam
1158 5033 1237 5091 beati
1248 5033 1322 5091 Petri
1330 5033 1480 5098 manibus,
1496 5038 1651 5106 praeeunte
1660 5038 1763 5093 suncti
1771 5035 1831 5110 Spi-

156 5127 217 5194 Ego
231 5125 355 5180 Ymarus
370 5120 556 5178 Tusculanus
573 5122 748 5194 episcopus.
1001 5123 1073 5180 ritus
1088 5126 1193 5195 gratia,
1210 5124 1295 5182 vobis
1307 5124 1337 5179 in
1361 5123 1625 5197 archiepiscopum
1646 5123 1831 5184 consecrari·

156 5272 230 5346 (101)
244 5272 456 5344 sigebergense
476 5271 685 5328 monasterium
701 5271 817 5344 insigne
831 5271 946 5329 ordinis
1037 5271 1112 5346 (105)
1128 5276 1292 5347 Campense
1306 5272 1418 5330 illustre
1440 5278 1483 5331 est
1502 5272 1615 5330 ordinis
1630 5273 1829 5334 cisterciensis

120 5346 148 5403 S.
166 5345 313 5401 Benedicti
328 5345 359 5400 in
380 5344 499 5401 dioecesi
521 5343 699 5410 Coloniensi,
721 5360 739 5401 a
760 5350 864 5400 sancto
890 5350 948 5400 An·
1002 5345 1382 5403 monesteriumindioecosi
1392 5345 1556 5402 Coloniensi
1565 5344 1703 5418 plurium
1716 5363 1830 5407 monae·

118 5415 669 5565 ἓῖἑιῶἒέἓξιὲεὲζοορο010011οω011,
679 5417 726 5472 cui
736 5422 805 5474 tuno
819 5420 948 5490 praerat
1000 5416 1114 5476 riorum
1131 5423 1235 5489 mater,
1246 5416 1355 5494 dequo
1370 5415 1652 5490 pturetuneettnus.
