3728 6000
54 254 57 259 ¹
142 262 191 319 lbi

646 254 832 315 obruuntur
853 252 998 317 annarts
1016 256 1046 316 S.
1067 252 1287 315 rfleouotttct
1744 256 1799 317 li!

148 386 210 443 dica
227 401 326 459 aergo,
336 384 406 453 aia«
419 383 494 451 mihi,
504 399 521 439 o
532 399 613 454 quem
625 382 811 456 diligitauimn
823 381 944 449 mea,ubi
958 382 987 446 Α
1002 390 1053 453 cst,
1070 398 1150 455 quem
1165 381 1192 436 iu
1206 382 1258 438 bac
1272 382 1328 438 rita
1344 390 1482 455 tantopere
1489 383 1569 440 auxie
1583 383 1696 456 requirit
1711 385 1798 457 Spon-

144 477 248 547 pascis,
277 474 324 529 ubi
353 473 438 530 cubas
468 474 494 527 iu
514 471 644 528 meridie.
666 470 862 539 »Notandum
889 486 943 542 quo
997 471 1328 543 sa‚Sponsimcridianua
1351 474 1493 530 accubitus
1520 474 1662 530 meridiani
1687 473 1799 530 lucrinis

147 564 281 635 Sponsam
298 564 429 633 provebat
449 562 536 618 virtus
556 569 580 616 et
595 559 733 616 humilitas
756 558 943 627 confessionis,
997 561 1026 616 in
1041 559 1205 634 cognitione,
1222 559 1365 616 meridiani
1381 560 1500 619 fervoris
1526 563 1553 617 iu
1567 578 1671 631 amore,
1699 563 1726 618 in
1743 578 1798 635 quo

146 666 278 725 quocum
293 652 420 723 superius
436 649 561 706 osculum
574 655 687 721 peteret,
704 654 730 703 et
743 646 944 718 osculoSponsi
996 664 1058 704 carn
1067 662 1143 704 amor
1152 649 1224 703 unde
1240 648 1322 717 venit,
1334 664 1368 706 co
1378 651 1539 724 regreditur,
1568 651 1692 723 Sponsus
1703 660 1731 708 et
1744 668 1796 723 pa-

144 758 173 797 se
188 747 366 812 compararet,
374 754 427 795 nec
435 738 556 809 aspirare
564 737 652 809 potuit
661 736 944 792 sublimitaaoontem-
997 736 1082 793 soitet
1097 736 1229 807 pascitur.
1247 737 1396 810 Utrumque
1410 739 1482 794 enirn
1496 747 1578 795 sonat
1606 740 1656 796 boc
1679 740 1797 796 verbum

143 829 272 902 platiouis
282 846 288 892 ;
299 828 334 884 ad
345 826 648 885 cubandumscilicetin
658 824 802 894 sinulcsu‚
814 824 943 880 sicutali·
995 824 1096 897 pascit.
1115 824 1163 880 Vel
1178 825 1211 894 si,
1223 825 1322 897 inquit,
1345 827 1485 900 indignam
1498 845 1542 882 me
1569 837 1678 898 reputas
1701 830 1797 886 osculo

143 918 253 992 quando
283 917 401 974 cubabat
422 916 539 972 dilectus
554 914 599 970 ille
628 913 943 986 discipuluseoneipieus

142 1007 206 1063 inde
220 1021 355 1061 summum
372 1004 535 1076 principium
551 1011 578 1060 et
590 1003 616 1058 in
631 1003 766 1075 principio
778 1002 942 1068 verbumst

142 1096 261 1151 Verbum
278 1094 351 1166 apud
362 1094 460 1150 Deum.
472 1115 484 1140 «
495 1093 599 1162 ludica,
613 1115 624 1141 n
641 1091 686 1163 ait,
701 1113 712 1142 a
725 1091 805 1147 mibi.
827 1115 837 1140 n
856 1089 941 1161 lutus,

142 1184 190 1252 ait,
212 1184 239 1239 in
255 1185 346 1251 corde,
363 1183 407 1238 dic
420 1181 496 1249 mibi,
513 1189 541 1237 nt
556 1180 670 1236 acutiam
684 1180 711 1236 iu
721 1180 880 1252 memetipsa
892 1195 943 1251 per

144 1288 253 1328 sensum
282 1269 630 1342 certissimaeexperientta
659 1289 667 1336 ;
697 1268 890 1340 inspiramibi,
915 1273 943 1323 nt

996 928 1043 970 seu
1058 913 1148 970 Verbo
1177 921 1232 980 tuo,
1261 930 1310 970 seu
1326 915 1426 986 Spiritu
1451 915 1508 972 oris
1523 917 1571 982 tui,
1596 917 1707 973 ostende
1731 917 1796 973 mibi

996 1002 1093 1058 enitent
1108 1001 1226 1073 aliquem
1241 1002 1380 1059 bominem
1396 1012 1479 1071 tuum,
1510 1005 1537 1061 in
1565 1023 1618 1077 qrro
1646 1007 1795 1074 inveniam,

995 1106 1052 1148 non
1069 1090 1230 1147 matutinum
1248 1106 1280 1147 aa
1308 1092 1448 1158 novitium,
1472 1108 1528 1151 nou
1550 1093 1736 1166 vespertinum
1763 1111 1795 1152 ac

996 1178 1151 1246 remissam,
1168 1179 1219 1236 scd
1235 1179 1415 1236 meridianum
1427 1182 1606 1249 enatabilem,
1623 1190 1650 1239 et
1676 1183 1796 1241 lumino·

997 1283 1056 1323 sum
1072 1267 1208 1324 fervorem
1223 1268 1325 1324 amoris
1336 1269 1384 1336 tui,
1409 1271 1438 1325 in
1459 1270 1541 1341 cujus
1570 1271 1654 1328 corde
1669 1271 1753 1327 cubes
1768 1276 1796 1327 ot

144 1361 520 1432 sciampercxperimentum
537 1359 654 1414 fruentis
674 1357 849 1414 conscientie
865 1375 871 1412 ε
888 1371 942 1427 quo
996 1356 1160 1429 requiescas,
1191 1355 1225 1413 de
1255 1373 1308 1428 quo
1336 1373 1432 1428 pascas
1448 1375 1501 1427 mo,
1529 1375 1589 1414 cum
1616 1359 1728 1418 docebit
1751 1377 1795 1416 me

141 1449 250 1506 vivendi
262 1465 373 1522 genere,
402 1463 455 1518 quo
478 1450 549 1502 statu
563 1446 671 1511 animae,
687 1461 740 1518 quo
764 1447 865 1501 mentis
887 1446 941 1499 ba-
996 1444 1068 1516 quod
1080 1460 1094 1498 a
1106 1452 1131 1498 tc
1142 1444 1275 1500 didicerit.
1287 1444 1334 1500 tlel
1344 1444 1480 1501 desiderat
1491 1445 1560 1504 affici
1571 1447 1679 1519 Sponso
1689 1447 1795 1520 Sponsa

139 1537 208 1604 bitu,
225 1553 278 1609 qtae
292 1537 364 1592 ‹tono
380 1536 487 1608 gratim,
505 1535 532 1589 in
547 1534 644 1590 affectu
658 1533 717 1604 ejus
728 1550 807 1606 quem
829 1533 941 1606 dignum
995 1540 1021 1588 et
1035 1531 1136 1599 deficit,
1151 1533 1208 1588 vult
1237 1532 1390 1589 exhilarare
1404 1551 1453 1591 cor
1468 1536 1494 1590 ia
1510 1536 1601 1592 lumen
1616 1537 1705 1592 nultus
1726 1538 1794 1605 ejas,

140 1626 219 1696 facis,
236 1634 261 1682 tu
274 1624 474 1696 qtrimisereris
489 1624 568 1691 cuius
599 1622 732 1678 misereris
746 1624 846 1694 (noque
868 1623 941 1678 enirn
995 1629 1023 1677 et
1044 1621 1071 1676 iu
1098 1621 1246 1693 semetipsa
1261 1623 1433 1679 tenebrescit.
1450 1623 1485 1679 Et
1508 1641 1569 1681 cum
1584 1641 1641 1681 non
1664 1625 1795 1697 praevalet

139 1715 192 1771 hoc
206 1713 320 1771 volentis
335 1721 387 1779 est,
405 1713 447 1768 rel
463 1712 606 1779 currentis,
628 1712 675 1767 sed
687 1711 722 1766 tui
750 1710 915 1782 miserentis)
932 1726 937 1780 ;
956 1709 1109 1806 Binterius
1128 1709 1244 1782 seipsam
1270 1726 1435 1783 componere
1460 1712 1495 1768 ad
1522 1714 1704 1770 desideratam
1724 1712 1794 1770 affe·

139 1803 229 1875 pascis
240 1801 356 1858 amantis
376 1801 545 1856 intellectum
576 1799 610 1855 dc
639 1800 794 1872 cognitione
821 1799 942 1856 veritatis
995 1797 1122 1866 ctionem,
1146 1813 1200 1854 nou
1223 1799 1328 1855 habeus
1357 1817 1452 1871 pacem
1473 1802 1498 1856 in
1526 1804 1682 1875 semetipsa,
1709 1802 1796 1876 gestit

141 1899 203 1961 tuae,
218 1891 253 1946 de
267 1889 438 1945 multitudine
454 1887 606 1944 dulcedinis
622 1896 682 1960 ttrae,
706 1887 820 1960 cjtrsqne
835 1887 884 1943 tibi
899 1905 940 1943 sa·
995 1887 1069 1943 exire
1083 1902 1099 1942 a
1113 1887 1258 1958 semetipsa
1271 1888 1298 1942 iu
1314 1888 1431 1959 aliquam
1447 1888 1597 1947 affectionis
1611 1891 1696 1963 ipsius
1714 1882 1801 1947 eute-¹

139 1995 198 2036 cras
213 1979 384 2044 memoriam,
404 1979 432 2033 iu
448 1993 502 2049 qua
516 1978 599 2033 cubes
611 1977 714 2050 jugiter
727 1993 759 2033 ac
774 1977 941 2032 delectabili·
995 1974 1093 2030 riorem
1105 1975 1249 2044 actionem¹
1266 1975 1359 2047 inqua
1389 1978 1459 2033 bona
1487 1979 1653 2035 conscientia
1678 1982 1795 2035 amantis

137 2079 200 2139 ter;
223 2069 280 2139 ipse
310 2068 334 2123 ei
364 2067 484 2123 existens
508 2066 607 2122 amoris
633 2065 754 2120 ardentis
793 2073 818 2121 et
845 2081 941 2122 cauma
996 2064 1131 2135 Sponsum
1147 2064 1263 2119 inveniat
1279 2065 1321 2120 vel
1344 2074 1500 2136 pascentem
1517 2084 1587 2132 eant,
1616 2068 1736 2124 ecloum
1763 2085 1795 2125 ca

136 2157 358 2213 meridianumet
381 2155 564 2227 refrigerium.
596 2155 735 2226 Splendor
763 2153 872 2209 luminis
886 2170 942 2210 me·
995 2152 1182 2208 ascribentem.
1199 2154 1302 2207 Horum
1330 2170 1397 2227 ergo
1412 2155 1525 2226 aliquid,
1551 2157 1612 2212 sive
1632 2157 1795 2213 haecomnia

134 2245 238 2303 ridiaui
264 2253 289 2301 et
318 2244 515 2300 umbraculum.
546 2244 595 2299 l'cl
625 2248 721 2299 notum
746 2243 798 2298 sibi
823 2243 941 2315 postulat
994 2240 1064 2296 scira
1090 2240 1273 2310 desiderabat,
1303 2243 1348 2312 qtti
1377 2243 1536 2298 dicebat:u
1564 2243 1657 2301 ludica
1683 2245 1794 2310 mibi,o

138 2332 288 2390 ficrifinom
318 2350 397 2389 sunm
421 2333 448 2388 in
475 2332 651 2388 tribulatione
678 2333 802 2388 exercitii
831 2332 882 2398 sui,
911 2339 940 2386 ut
995 2345 1075 2400 quem
1086 2328 1174 2402 diligit
1188 2331 1279 2386 anima
1307 2347 1377 2399 mea,
1407 2333 1453 2388 ubi
1478 2333 1574 2401 cubas,
1602 2333 1794 2406 ubipascisiu

140 2423 208 2479 sciat
218 2423 283 2495 quid
298 2423 368 2478 desit
391 2421 452 2476 sibi.
473 2422 508 2476 Et
522 2421 548 2475 iu
564 2421 775 2477 consolationem
805 2420 940 2476 niutabili-
995 2418 1123 2473 meridie.
1146 2439 1157 2468 ι

140 2511 201 2567 tatis
226 2528 282 2566 suae
306 2510 420 2566 revelari
449 2510 500 2565 sibi
526 2517 587 2566 orat
602 2509 674 2566 diem
690 2510 939 2572 aeternitatis;non
1032 2507 1099 2562 «Ne
1114 2507 1208 2580 vagari
1223 2507 1349 2578 incipiam
1374 2517 1434 2580 post
1462 2527 1576 2585 gregem
1587 2510 1724 2567 sodalium
1738 2520 1794 2568 tuo·

140 2601 187 2671 qui
215 2599 309 2670 incipit
337 2615 352 2652 a
378 2613 459 2653 mane
487 2606 514 2653 et
542 2597 642 2652 desinit
665 2598 692 2652 iu
720 2613 874 2669 vesperam,
891 2596 939 2653 scd
992 2611 1062 2649 rum.
1082 2618 1092 2642 u
1109 2595 1235 2651 Nondum
1252 2604 1375 2667 vagatur,
1393 2598 1550 2671 scdvagari
1580 2599 1793 2655 timet.Nullum

139 2704 248 2759 semper
261 2695 350 2742 manet
362 2688 388 2741 iu
403 2686 555 2742 meridiano
579 2685 679 2742 caloris
694 2694 718 2741 et
745 2685 863 2752 luminis,
893 2702 939 2740 sa-
994 2683 1173 2749 adbucamat,
1191 2692 1287 2754 praeter
1302 2685 1437 2755 Sponsum
1450 2704 1456 2750 ;
1469 2687 1493 2741 ei
1503 2688 1665 2743 animalium
1677 2697 1791 2755 amaret,

141 2776 248 2848 pientiae
264 2780 291 2831 et
308 2775 472 2842 intellectus,
489 2775 589 2830 amoris
613 2783 639 2830 et
664 2774 751 2830 beatae
781 2774 914 2829 fruitionis
930 2789 937 2843 ;
994 2771 1100 2842 Sponsa
1114 2787 1168 2826 noa
1184 2781 1265 2827 esset.
1279 2772 1537 2841 Quantumeuimad
1551 2775 1681 2845 animum,
1698 2791 1794 2834 amore

137 2865 183 2921 ubi
195 2864 382 2921 sabbatismus
397 2864 476 2919 datur
494 2864 593 2935 populo
608 2862 667 2932 liei,
680 2871 709 2917 ut
736 2862 815 2918 cubet
839 2871 866 2918 et
892 2879 939 2919 re·
994 2875 1139 2915 moremur
1151 2876 1312 2931 quoeunque
1323 2877 1462 2918 movemur
1475 2882 1481 2919 :
1493 2865 1606 2936 ideoqui
1615 2883 1698 2922 unum
1709 2876 1791 2937 amat,

139 2954 257 3024 quiescat
273 2954 308 3009 ab
319 2953 446 3024 operibus
458 2953 523 3020 suis,
534 2952 626 3007 sicuta
639 2950 698 3005 suis
723 2953 798 3006 Deus
813 2969 820 3017 ;
837 2950 882 3006 ubi
911 2951 938 3005 in
993 2964 1047 3003 uon
1062 2957 1197 3017 movetur,
1214 2965 1268 3004 non
1292 2959 1414 3024 regatur.
1431 2952 1484 3008 Sed
1498 2953 1580 3025 etqui
1596 2970 1648 3010 una
1663 2962 1692 3010 et
1718 2963 1793 3011 recta

138 3051 237 3098 aeterna
254 3041 520 3111 beatitudiuepascit
542 3040 748 3109 descipsotam
776 3038 935 3110 angelornm
994 3037 1170 3111 reingreditur
1185 3054 1238 3108 quo
1267 3040 1569 3109 perveniredcsiderat,
1587 3059 1640 3098 uon
1669 3051 1793 3117 vagatur,

140 3147 223 3203 quam
238 3139 391 3187 sanctoruni
408 3128 549 3185 hominum
565 3128 731 3196 societatem,
753 3143 862 3198 semper
877 3129 937 3199 ple·
955 3095 1047 3180 Carou
1063 3135 1148 3192 errat,
1164 3129 1212 3181 sed
1228 3127 1375 3200 aliquando
1390 3130 1562 3200 pervenitad
1576 3129 1668 3203 tinent,
1683 3132 1795 3188 exerenti

139 3234 203 3276 narn
229 3220 264 3274 ob
292 3218 489 3290 perfectionem
515 3216 704 3280 beatitudinis;
721 3232 883 3289 semperque
912 3217 938 3271 iu
992 3230 1058 3270 vero
1072 3214 1158 3270 devia
1172 3231 1287 3286 campus
1298 3218 1397 3272 erroris
1412 3226 1494 3288 patet,
1521 3219 1635 3289 quinon
1663 3219 1793 3276 babetli-

140 3303 938 3379 enmrespiceredosideraatem,obpietatemetdulcedi·
993 3305 1264 3359 nem.Errorautem
1292 3313 1333 3360 est
1362 3305 1428 3361 falsa
1443 3323 1493 3378 pro
1523 3312 1594 3363 reris
1618 3309 1789 3381 approbare.

139 3394 532 3466 nemamoris.llel‚oquem
560 3393 649 3466 diligit
676 3393 767 3448 auimo
795 3409 866 3458 mea,
897 3392 940 3448 dic
993 3392 1121 3463 Agitamr
1134 3392 1244 3465 quidem
1259 3392 1384 3449 adbuciu
1401 3395 1611 3468 cogitationibus
1626 3397 1692 3465 suis,
1723 3397 1795 3454 sicut

140 3485 263 3558 diligenti
295 3484 394 3540 anirum
435 3499 513 3550 mem,
537 3498 586 3554 per
603 3483 783 3554 inspirantem
820 3483 938 3554 gratiam
994 3479 1647 3553 tabernaculacedar,sioutpellesSalouaonis,
1664 3486 1794 3558 quaecir·

139 3582 166 3631 ct
189 3574 349 3644 inspiratam
385 3571 595 3642 experientiam,
621 3570 682 3641 quis
709 3570 754 3625 ille
791 3570 827 3625 sit
854 3578 939 3624 status
994 3569 1121 3624 cumferri
1147 3569 1300 3635 sotent;et
1323 3571 1498 3644 impugnatur
1524 3591 1539 3627 a
1563 3574 1795 3647 concupiscentiis

141 3662 250 3727 mentis,
284 3677 345 3732 quaa
382 3660 501 3714 suavitas
527 3659 676 3723 sentientis,
712 3660 783 3730 quod
810 3659 939 3730 gaudium
994 3657 1062 3722 suis,
1078 3657 1149 3713 sicut
1165 3657 1240 3725 dicit,
1258 3659 1340 3714 «filii
1352 3660 1796 3735 matriameaepugnaveruntcon·

140 3749 264 3817 fruentis,
294 3763 356 3804 cum
394 3746 517 3819 diligenti
545 3755 571 3802 te
595 3745 667 3814 fidei,
696 3754 826 3818 quantum
854 3747 941 3818 potest
995 3752 1036 3801 tra
1050 3762 1105 3802 me.
1124 3768 1135 3795 ι
1154 3746 1207 3802 Sed
1219 3753 1293 3802 stans
1307 3747 1396 3804 arlhuc
1411 3749 1437 3803 in
1449 3749 1509 3806 loco
1520 3751 1709 3821 suojudiciurn
1722 3767 1797 3809 amo·

143 3837 257 3910 diligere
286 3836 363 3902 tides,
380 3835 533 3890 insinuatur
548 3835 622 3906 ipsa,
638 3843 738 3907 quanta
763 3835 790 3889 in
816 3835 869 3891 hac
887 3835 943 3891 vita
996 3834 1034 3890 ris
1048 3850 1101 3890 non
1117 3843 1248 3904 movetur,
1264 3837 1313 3892 sed
1329 3836 1476 3892 illuminari
1492 3839 1623 3910 deposcit,
1640 3848 1667 3896 et
1685 3841 1790 3897 confor-

144 3925 250 3983 mortali
273 3924 406 3980 insinuari
434 3931 532 3995 potest,
555 3922 661 3994 specics
687 3938 694 3992 ;
724 3930 749 3978 et
772 3922 800 3978 lit
828 3923 855 3978 in
878 3922 942 3978 dili·
997 3923 1049 3978 tari
1064 3922 1297 3992 desiderabamo,
1312 3925 1409 3998 inquit,
1427 3926 1571 3997 velpotius
1585 3928 1797 4001 desiderandis

145 4023 238 4089 gente,
254 4013 327 4084 quod
340 4013 374 4069 de
389 4014 449 4084 ipso
463 4011 609 4083 aliquando
628 4011 729 4067 dixisti.
749 4034 760 4059 ι
775 4009 826 4080 Qui
854 4011 944 4084 diligit
998 4011 1104 4068 turbato
1116 4012 1195 4069 oculo
1211 4013 1308 4069 mentis
1322 4030 1355 4069 ex
1370 4013 1500 4069 instantia
1519 4017 1747 4089 concupiscentits
1759 4017 1796 4074 de

143 4100 789 4175 me,diligeturaPatremeozetegodiligam
819 4116 889 4167 etim,
919 4107 945 4156 et
998 4100 1136 4157 variarum
1178 4102 1367 4171 phantasmate
1398 4103 1605 4174 cogitationum,
1634 4122 1688 4161 nou
1715 4106 1797 4164 video

146 4189 326 4247 manifestabo
337 4189 362 4244 ei
377 4188 512 4259 meipsum
529 4190 621 4258 (foen.
633 4190 704 4258 arv).
718 4211 729 4237 n
741 4187 806 4243 Cam
816 4188 886 4243 enim
896 4187 944 4242 ali·
998 4204 1078 4258 quern
1097 4204 1159 4245 amo
1177 4206 1183 4253 ;
1199 4190 1305 4246 ratione
1319 4191 1408 4262 sopita
1421 4207 1476 4246 uon
1487 4191 1611 4266 intelligo
1632 4193 1704 4266 quod
1716 4194 1797 4252 desi·

144 4279 252 4354 girando
268 4280 308 4334 sic
322 4277 461 4351 diligendo
475 4276 617 4349 collegerit
631 4277 682 4331 sibi
697 4277 821 4333 meritum
835 4275 945 4349 diguio-
999 4275 1080 4333 dero.
1095 4277 1128 4332 Et
1142 4277 1204 4333 ideo
1214 4278 1294 4333 etiam
1306 4286 1380 4348 nuto,
1392 4287 1418 4334 et
1431 4279 1565 4336 instabilis
1589 4280 1625 4338 tio
1652 4283 1678 4337 in
1700 4299 1796 4340 amore

144 4373 181 4426 ris
196 4369 362 4439 aliquantum
379 4366 487 4439 gratiae,
504 4365 597 4437 incipit
613 4365 736 4438 diligens
751 4366 831 4421 etiam
858 4365 944 4437 diligi.
1000 4382 1073 4433 meo,
1101 4382 1155 4422 non
1170 4383 1234 4422 eum
1248 4367 1412 4437 deserendo,
1429 4368 1477 4425 sed
1490 4368 1548 4440 ipso
1571 4371 1606 4426 ad
1624 4370 1797 4429 flnemsuum

143 4460 212 4515 Hinc
232 4457 383 4513 dilectionis
397 4455 537 4527 diligentis
552 4471 581 4510 se
601 4454 698 4525 Sponsi
726 4455 829 4510 amicae
851 4454 945 4509 suavi·
960 4452 986 4512 Ι)
1000 4470 1049 4524 per
1063 4454 1304 4511 diversaabeundo
1321 4473 1328 4519 ;
1345 4455 1439 4528 sicque
1455 4457 1535 4513 etiarn
1550 4457 1576 4512 in
1595 4459 1647 4515 hoc
1663 4459 1797 4516 instabilis

142 4556 212 4604 tates
228 4564 276 4618 per
290 4545 435 4600 illuminati
448 4560 560 4600 sensiam
584 4543 683 4598 amoris
710 4543 811 4615 largius
834 4558 865 4599 ac
880 4542 944 4597 dul·
997 4541 1107 4611 efficior,
1132 4558 1186 4599 non
1214 4545 1333 4601 nolendo
1351 4553 1378 4600 et
1405 4545 1540 4602 volendo:
1557 4546 1606 4603 sed
1635 4549 1667 4603 ad
1683 4548 1710 4604 id
1721 4548 1796 4620 qnod

143 4638 201 4694 cius
217 4637 322 4701 Sponsa
336 4634 431 4704 incipit
446 4633 574 4703 experiri,
590 4630 655 4686 etfit
669 4632 697 4686 iu
712 4647 743 4687 ca
758 4631 831 4703 quod
851 4635 942 4703 Apos-
996 4632 1128 4688 stabiliter
1149 4641 1176 4688 ct
1190 4632 1367 4706 singulariter
1396 4634 1555 4701 volo,riam
1582 4636 1797 4707 compendiosis

142 4727 213 4783 tolus
225 4724 301 4779 dicit.
324 4722 479 4777 «Charitas
501 4721 551 4776 Dei
566 4718 662 4776 diflusa
691 4727 730 4775 ost
759 4720 786 4774 in
814 4720 943 4776 cordibus
996 4736 1056 4776 rem
1083 4731 1110 4777 et
1133 4721 1264 4792 aptiorem
1289 4722 1356 4776 mibi
1380 4723 1541 4795 quaerendo.
1568 4724 1696 4794 Ejusdem
1720 4726 1797 4782 enim

143 4813 243 4870 nostris
267 4811 460 4882 perspiritum
490 4817 624 4874 sanctum,
640 4809 684 4879 qui
699 4808 776 4863 datus
798 4816 839 4863 est
866 4809 944 4864 nobis

145 4905 232 4973 (itone.
249 4900 286 4969 r).
303 4899 360 4954 lam
376 4899 449 4955 enim
465 4897 560 4969 incipit
571 4912 747 4969 cognoscere,
777 4897 847 4953 sicat
868 4897 945 4968 prior

146 4999 254 5072 cognita
265 5007 305 5053 est
320 5017 328 5065 ;
344 5005 370 5053 et
385 4998 413 5050 in
426 5003 557 5070 quantum
564 4996 737 5066 cognoscitur
748 4994 874 5067 diligere,
903 4995 944 5051 si·

142 5105 189 5154 cut
204 5095 280 5167 prior
294 5094 392 5150 dilecta
407 5102 457 5148 est.
473 5092 551 5149 Prior
564 5091 635 5148 enim
653 5090 751 5163 Sponsi
762 5091 795 5146 ad
810 5091 943 5161 Sponsam

143 5193 262 5269 cognitio
276 5191 376 5247 divinae
391 5189 438 5244 fuit
453 5188 594 5261 sapientire
605 5188 715 5244 donatio
732 5187 825 5260 ;prior
835 5187 944 5244 dilectio

147 5291 234 5348 sancti
245 5288 358 5360 Spiritus
366 5287 480 5360 gratuite
491 5287 607 5356 infusio;
624 5287 817 5359 cognitionem
831 5286 944 5358 Sponsa

997 4825 1105 4880 semper
1132 4825 1191 4865 sum
1205 4810 1351 4867 voluntatis
1367 4824 1374 4878 ;
1391 4811 1439 4866 sed
1454 4811 1543 4868 donec
1569 4812 1642 4868 bona
1657 4813 1794 4887 voluntas,

998 4897 1070 4953 bona
1083 4914 1161 4954 meus
1175 4896 1231 4967 fiat,
1243 4914 1352 4970 semper
1363 4899 1500 4971 desidero,
1515 4915 1570 4956 nou
1585 4908 1673 4958 autem
1687 4918 1798 4975 semper

998 5010 1091 5050 amare
1105 4994 1172 5049 mibi
1186 4995 1290 5065 videor,
1306 4995 1333 5050 in
1348 5005 1478 5068 quantum
1493 4996 1563 5055 siout
1584 4997 1751 5068 dictumest,
1768 5000 1796 5055 in

998 5091 1096 5148 affeetu
1111 5108 1166 5148 nou
1182 5107 1291 5163 semper
1306 5091 1374 5147 mihi
1390 5100 1489 5163 praesto
1504 5100 1546 5149 est
1570 5094 1643 5166 quod
1657 5094 1794 5155 desidero.

997 5188 1066 5245 Nam
1091 5188 1161 5245 alius
1185 5196 1227 5245 est
1249 5202 1326 5245 emor
1347 5189 1537 5256 desiderantis,
1567 5190 1638 5247 alius
1667 5170 1796 5251 fruentis.

997 5291 1083 5344 Amor
1096 5286 1196 5359 qnippe
1208 5286 1333 5342 desiderii
1347 5286 1430 5343 etiam
1445 5288 1473 5341 in
1493 5288 1613 5344 tenebris
1630 5289 1717 5359 ardet,
1745 5291 1796 5348 sed

144 5383 442 5457 adSponsumetumori
454 5383 590 5447 idemest;
603 5382 728 5453 qnoniam
740 5382 945 5440 inhaereamor
996 5400 1051 5441 non
1073 5386 1147 5440 lucet
1161 5399 1168 5451 ;
1184 5399 1263 5440 amor
1278 5399 1345 5440 vero
1373 5384 1487 5440 fruentis
1515 5392 1585 5441 totus
1613 5387 1642 5442 in
1664 5388 1726 5446 luce
1742 5396 1793 5460 est,

142 5481 199 5554 ipso
215 5481 367 5538 intellectus
381 5488 432 5537 est.
448 5480 505 5536 lloc
520 5494 581 5536 cum
596 5480 794 5538 abundantiore
814 5481 900 5555 gratia
914 5481 941 5537 iu
996 5481 1060 5554 quia
1076 5480 1164 5536 fruitio
1178 5479 1239 5552 ipsa
1254 5480 1299 5535 lux
1313 5479 1431 5536 amantis
1443 5486 1493 5537 est.
1505 5479 1578 5549 Quid
1585 5483 1670 5538 multa
1683 5483 1795 5556 tSpon·

143 5579 224 5639 corde
248 5579 362 5655 Sponsa
388 5577 478 5654 agitur
496 5575 530 5634 ad
551 5575 658 5649 boram,
688 5577 722 5637 ad
750 5584 866 5655 tempus,
883 5577 942 5654 ipso
996 5594 1036 5650 so,
1052 5593 1113 5653 quc
1126 5576 1323 5637 adridendum
1345 5576 1434 5639 Deum
1460 5576 1725 5652 anhelat,muudnm
1735 5596 1793 5659 cor,
