3728 6000
87 249 142 313 493
636 248 823 309 Exeosmo
842 250 978 309 sttssttt
998 252 1035 309 ΙΝ
1053 251 1190 312 canite.
1688 252 1741 311 tat

87 374 218 431 mundam
232 372 426 430 conscientiam
442 373 600 437 desiderat;
617 375 746 430 mundum
761 392 885 443 sensum,
900 375 928 436 Α
944 375 1021 443 dere,
1039 397 1051 427 ι
1073 394 1127 434 non
1147 387 1188 434 est
1207 377 1350 434 consilium
1365 378 1454 445 amIci,
1470 378 1519 435 sed
1534 378 1614 450 quasi
1628 381 1742 450 permis-

89 463 223 519 mundum
237 463 414 534 intellectum,
427 464 637 519 muudaomnia.
647 464 885 537 l'irtutemqnippa
940 465 980 522 sio
994 466 1064 521 irati.
1082 466 1144 534 ·Si,
1163 487 1175 517 ι
1192 467 1288 538 inquit,
1300 490 1312 516 ι
1325 468 1434 540 ignoras
1449 475 1485 534 te,
1499 468 1640 541 egredere,
1658 491 1670 515 a
1688 470 1743 524 hoe

89 552 192 608 amoris
205 550 365 623 perturbare
386 568 441 607 nou
453 560 544 623 potest
565 551 637 626 ignis
652 561 698 608 aut
713 552 829 624 gladius,
841 560 888 608 aut
940 563 980 610 est
994 555 1056 612 ideo
1071 570 1086 610 a
1099 555 1241 627 temetipsa
1257 557 1411 628 egrederis,
1430 557 1494 630 quia
1509 556 1619 628 ignoras
1635 564 1671 612 te.
1684 555 1742 611 Sed

88 641 172 697 ullum
188 640 357 712 periculum
377 640 426 697 aetl
440 641 599 698 deliciarum
611 641 671 711 ejus
684 642 776 698 lruitio
791 658 887 712 pacem

88 730 181 787 cordis
195 729 332 786 desiderat
345 737 374 786 at
387 747 512 785 serenum
534 731 642 786 mentis.
662 753 674 779 «
691 732 743 799 Ne,
762 755 773 779 ι
790 731 886 803 inquit,

91 842 104 866 ι
122 818 218 891 vagari
237 817 365 890 incipiam
388 828 451 889 post
464 835 566 893 greges
586 818 723 875 sodalium
738 827 885 875 tuorum.-

88 908 186 965 Seiunt
199 906 245 980 qui
259 923 313 962 non
324 915 417 963 errant
427 917 545 979 quantos
556 908 606 962 sibi
622 925 723 980 greges
735 908 763 963 ia
784 908 888 964 mundo

89 1012 172 1053 error
184 995 289 1062 fecerit,
305 995 483 1052 mortemsilri
506 1013 558 1068 pro
572 998 627 1052 rita
650 997 819 1071 eligentium,
834 996 888 1051 mi-

89 1085 190 1141 seriam
206 1100 256 1155 pro
276 1084 442 1141 beatitudine
458 1085 688 1156 amplectentium,
698 1087 783 1142 Deum
799 1084 891 1159 negli-

90 1174 225 1250 gentium,
240 1174 346 1244 seipsos
360 1174 519 1241 amantium,
536 1175 612 1229 tritas
627 1175 706 1245 hujrrs
722 1175 817 1231 saeculi
833 1174 890 1231 vias

90 1264 286 1337 gradientium,
302 1270 327 1318 et
351 1262 487 1336 gregatim
506 1264 629 1319 euntium
652 1264 680 1318 in
701 1264 846 1330 internum,
864 1273 891 1320 et

92 1360 218 1424 saepest
231 1367 262 1408 ae
284 1351 399 1424 vestigia
412 1352 621 1424 relinquentium
636 1354 779 1409 multorum
796 1352 890 1408 homi·

941 659 1075 716 cognosce
1091 653 1127 713 te,
1138 645 1202 716 quia
1217 646 1307 717 imago
1323 661 1384 701 mea
1399 662 1438 711 es,
1448 655 1474 702 ct
1490 646 1528 702 sie
1544 646 1645 717 poteris
1659 661 1742 701 nosse

941 750 995 800 me,
1011 733 1089 802 cttjns
1104 733 1196 807 imago
1218 743 1266 800 cst,
1284 741 1313 791 et
1337 752 1421 807 penes
1445 744 1469 791 te
1492 735 1614 790 invenies
1636 750 1693 790 me.
1713 734 1745 789 lu

942 831 1033 878 mente
1055 831 1113 887 tua,
1126 823 1149 877 si
1172 823 1257 879 fueris
1281 840 1403 891 mecum,
1420 825 1456 879 ibi
1467 825 1574 880 cubabo
1596 833 1698 884 tecum,
1714 831 1742 879 et

941 911 1005 967 intle
1020 927 1129 982 pascam
1147 920 1182 967 tc.
1197 911 1294 982 Quaere
1317 930 1382 985 ergo
1399 915 1487 969 Deum
1509 913 1536 968 in
1556 912 1743 984 simplicitate,

943 1000 1015 1055 senti
1035 1000 1069 1054 de
1084 1015 1117 1055 eo
1141 1000 1169 1055 in
1185 1000 1313 1067 bonitate,
1330 1011 1423 1074 satage
1434 1018 1498 1057 eum
1518 1001 1621 1074 jugiter
1642 1001 1745 1056 habere
1843 1006 1846 1011 '

943 1089 971 1141 in
987 1087 1133 1158 memoria,
1150 1096 1177 1143 et
1201 1090 1319 1145 amando
1343 1090 1504 1163 intelligere,
1521 1098 1546 1146 et
1565 1089 1745 1162 intelligendo

944 1190 1056 1246 amare;
1072 1186 1098 1232 et
1110 1176 1137 1231 in
1160 1194 1241 1233 sensu
1257 1179 1386 1234 bonitatis
1398 1179 1458 1249 ejus
1483 1179 1619 1251 percipies
1635 1195 1742 1234 sensum

943 1265 1099 1321 aeternitatis
1114 1265 1181 1335 ejus,
1198 1267 1259 1323 ritae
1278 1268 1399 1334 modum,
1415 1277 1514 1324 statum
1534 1269 1632 1323 mentis
1648 1268 1740 1324 bonae.

946 1375 958 1401 «
975 1354 1003 1408 Si
1018 1353 1134 1425 ignoras
1151 1358 1190 1420 te,
1200 1355 1340 1426 egredere.
1355 1380 1365 1405 ι
1376 1357 1439 1426 Quo
1455 1356 1594 1428 egrediar,
1606 1356 1747 1411 Domine?

93 1457 172 1508 num,
185 1441 331 1497 multorum
345 1441 520 1514 populorum.
536 1441 628 1497 Trahit
643 1441 715 1497 eninr
727 1458 775 1497 eos
791 1451 851 1512 post
862 1458 891 1497 se
945 1442 1092 1514 Egressum
1109 1442 1151 1498 rel
1164 1442 1280 1513 ejectam
1295 1460 1311 1499 a
1325 1443 1394 1501 lacte
1409 1453 1454 1500 tua
1468 1446 1536 1501 sicut
1552 1446 1617 1500 Cain
1634 1443 1748 1517 quicun-

96 1530 228 1602 princeps
246 1530 393 1602 spiritualis
415 1529 551 1601 nequitiae,
568 1530 613 1600 qui
634 1538 763 1602 operatur
785 1531 812 1585 in
829 1529 892 1586 liliis
945 1547 998 1601 que
1012 1531 1086 1602 prior
1100 1531 1414 1600 inveneritme,cocidet
1427 1550 1470 1589 nte
1486 1534 1648 1605 (Gerania
1661 1535 1747 1606 ligre·

95 1617 273 1686 diffidentiam
295 1620 341 1691 qui
356 1619 477 1676 sodalem
502 1635 532 1675 ae
546 1618 651 1676 iaciens
674 1619 781 1690 Sponso
800 1620 889 1675 dixit:
946 1620 1011 1675 dere
1022 1627 1049 1674 et
1063 1619 1120 1674 abi.
1143 1643 1154 1668 ι
1172 1624 1209 1676 Ac
1224 1621 1246 1676 si
1261 1621 1335 1677 dicat
1351 1640 1357 1675 ε
1374 1621 1424 1677 ΑΙιί
1439 1638 1456 1677 a
1471 1639 1525 1690 me,
1540 1637 1555 1677 a
1570 1620 1747 1677 similitudine

98 1731 111 1759 ι
129 1709 185 1764 Ero
199 1707 296 1763 similis
310 1708 598 1779 ditissimo(lso.x1v).
612 1732 623 1757 ι
637 1710 697 1780 lpse
710 1717 752 1764 est
765 1710 892 1781 princeps
905 1731 933 1793 Β
947 1725 1019 1776 mea,
1035 1708 1061 1762 in
1076 1707 1166 1763 locum
1190 1709 1413 1766 dissimilitudinis
1425 1725 1432 1780 ;
1459 1728 1475 1766 a
1491 1720 1516 1767 te
1532 1726 1597 1766 vere
1622 1711 1650 1765 in
1664 1711 1746 1766 deria

94 1795 193 1852 mundi
208 1797 297 1867 hujus,
314 1804 341 1853 et
354 1796 399 1870 qui
419 1797 549 1852 muudum
566 1796 609 1853 rel
624 1799 751 1854 saeculum
768 1798 844 1870 quasi
860 1814 892 1853 aa
949 1797 1176 1869 concupiscentiae
1191 1798 1237 1854 vel
1261 1799 1435 1855 curiositatis.
1459 1799 1506 1854 llbi
1530 1815 1609 1872 ergo,
1624 1800 1671 1865 ait,
1694 1822 1706 1847 a
1723 1814 1751 1865 eg

96 1901 179 1957 aequo
192 1902 254 1942 cum
267 1886 377 1958 Sponsa
391 1885 484 1956 partiri
499 1885 620 1949 ridetur:
639 1888 687 1942 sed
703 1887 895 1957 multoplures
949 1901 1031 1957 posce
1055 1886 1149 1941 haedos
1163 1895 1231 1956 tuos,
1252 1910 1263 1935 ι
1288 1889 1333 1958 qui
1349 1888 1384 1943 ad
1405 1888 1545 1943 sinistrum
1569 1887 1748 1958 deputantur,

93 1991 129 2031 ae
142 1974 285 2031 densiores
300 1974 352 2030 sibi
367 1975 514 2030 errantium
530 1991 628 2047 greges
643 1975 735 2031 lacere
749 1975 894 2032 invenitur.
948 1974 1070 2030 lascivos
1084 1973 1186 2030 scilicet
1202 1983 1290 2031 motus
1308 1984 1380 2043 tuos,
1397 1975 1423 2030 in
1448 1976 1488 2030 eis
1512 1992 1572 2045 qnae
1587 1982 1648 2030 sunt
1672 1982 1750 2030 extra

93 2063 152 2119 Sed
167 2063 235 2119 etin
258 2064 343 2120 corde
366 2064 449 2119 etiam
463 2063 536 2134 ejus,
551 2081 613 2136 quae
633 2064 739 2135 Sponsa
760 2064 817 2134 jam
834 2080 896 2122 essa
952 2070 987 2118 te.
1005 2084 1016 2113 ι
1034 2063 1169 2134 Αιιί,ροιι
1185 2064 1300 2135 uestigia
1313 2080 1454 2137 gregum»
1476 2065 1614 2135 pereuntis
1628 2064 1750 2118 multitu·

93 2153 203 2218 meruit,
219 2168 413 2224 nonnunquam
437 2152 562 2208 intuitum
578 2153 679 2209 mentis
698 2154 736 2209 ab
750 2153 830 2209 unius
845 2170 895 2210 ve·
949 2151 1033 2216 diuis,
1043 2151 1070 2205 in
1087 2149 1195 2222 pascuis
1205 2151 1367 2222 semetipsos
1385 2152 1570 2223 pascentium,
1588 2152 1751 2223 semetipsos

94 2241 182 2296 ritatis
202 2240 373 2312 inquisitione
394 2240 558 2311 deficiente,
580 2242 668 2297 statim
693 2242 792 2313 excipit
816 2241 895 2315 cogi·
949 2239 1106 2310 ementium,
1136 2240 1207 2296 circa
1234 2241 1412 2297 tabernacula
1440 2257 1545 2309 eorum,
1565 2256 1680 2313 quorum
1709 2247 1752 2294 ta·

95 2330 229 2386 tationem
244 2329 556 2401 multiplcxdiversitas:
581 2330 610 2386 in
627 2347 708 2403 qnam
723 2331 824 2386 divisus
839 2331 897 2387 ani·
950 2330 1099 2386 herunculo
1119 2329 1146 2384 in
1161 2330 1298 2402 progenie
1324 2334 1351 2384 ct
1374 2331 1528 2403 progenie:
1550 2330 1596 2402 qui
1613 2353 1625 2379 ι
1642 2344 1754 2387 vocave-

93 2435 168 2485 mus,
197 2420 307 2491 evagari
336 2419 468 2490 incipiens
491 2436 540 2491 per
564 2426 602 2475 tot
625 2435 748 2475 errorum
779 2420 847 2486 rins,
877 2436 894 2477 a
951 2416 1210 2486 runtnominasua‚
1231 2441 1242 2467 ι
1261 2418 1408 2475 sicutdicit
1429 2420 1609 2484 Psalmista,·
1632 2417 1755 2473 interris
1855 2488 1859 2495 Ι

94 2509 188 2581 seipso
210 2508 365 2576 abducitur,
388 2525 436 2580 per
460 2516 526 2581 quot
544 2508 740 2580 cogitationum
762 2509 894 2580 phantes—
951 2507 1008 2562 snis
1023 2507 1110 2576 (Paul.
1124 2506 1234 2577 xnrttt),
1253 2531 1264 2556 ι
1275 2523 1326 2564 neo
1340 2507 1443 2563 lrabent
1458 2524 1490 2564 ea
1505 2507 1608 2579 scripta
1619 2508 1647 2562 in
1663 2505 1750 2563 coelis.

94 2605 170 2653 mata
185 2597 220 2654 ab
233 2598 383 2654 intentione
398 2598 462 2654 boni
484 2598 645 2654 rectitudine
660 2597 812 2668 dissipatur.
826 2599 895 2669 ipsae
951 2595 1008 2650 Sed
1023 2611 1078 2651 non
1092 2595 1140 2658 sic,
1157 2611 1173 2650 o
1189 2596 1297 2667 Sponsa
1311 2596 1410 2652 Christi
1430 2614 1436 2650 :
1459 2596 1524 2668 quin
1540 2597 1628 2667 potius
1643 2611 1746 2668 cogno·

93 2702 198 2759 nempe
214 2687 397 2760 cogitationes
421 2688 506 2743 variae
530 2703 644 2759 magnos
663 2695 690 2742 et
704 2686 795 2742 varios
818 2686 852 2741 de
866 2702 895 2743 se
950 2700 997 2741 sce
1014 2686 1194 2756 temetipsam
1212 2702 1219 2738 ι
1234 2694 1335 2755 praesto
1349 2684 1399 2741 tibi
1415 2688 1473 2741 esto
1489 2686 1523 2741 ad
1538 2686 1748 2742 discernendam

92 2792 196 2850 greges
215 2776 358 2839 iacientes,
372 2776 448 2846 qnasi
473 2775 572 2847 Sponsi
595 2792 625 2831 se
648 2775 755 2832 sodales
781 2775 893 2842 iaciunt,
950 2773 1137 2845 temetipsam.
1157 2772 1184 2828 si
1208 2774 1260 2841 vis,
1275 2781 1304 2828 ut
1331 2776 1507 2845 concupiscat
1535 2791 1584 2829 rex
1614 2773 1748 2830 Dominus

93 2880 158 2922 eum
173 2863 292 2936 Sponsae
307 2870 428 2919 mentem
443 2879 502 2920 cunr
515 2879 547 2919 eo
558 2864 609 2919 sibi
621 2863 782 2933 dividentes,
790 2863 845 2919 auis
856 2863 895 2918 vi·
950 2862 1025 2917 Deus
1041 2871 1101 2917 tuus
1120 2863 1246 2918 decorem
1262 2871 1345 2930 tuunr,
1362 2864 1497 2919 accedens
1517 2862 1552 2918 ed
1567 2880 1628 2918 eum
1648 2863 1750 2919 oblivi-

92 2953 242 3020 oibus,suis
252 2953 431 3024 temporibus,
439 2952 491 3007 sibi
501 2968 559 3008 eam
569 2952 707 3008 deservire
716 2952 893 3024 compellunt.
950 2966 1029 3007 scere
1042 2951 1171 3022 populum
1186 2959 1270 3018 tuum,
1287 2959 1314 3007 et
1329 2951 1439 3007 domum
1454 2952 1537 3023 patris
1553 2952 1590 3006 tui
1604 2967 1611 3021 3
1633 2967 1752 3023 corpora

129 3042 284 3113 Sequitur:
303 3065 314 3090 a
333 3041 362 3097 Si
384 3041 495 3114 ignoras
510 3050 578 3110 te,o
602 3041 716 3113 pulchra
738 3042 808 3097 iuter
827 3058 894 3097 mu·
950 3038 1048 3111 quibus
1066 3056 1115 3110 per
1132 3055 1227 3095 sensus
1243 3040 1365 3109 corporis
1388 3041 1541 3096 assuefacta
1568 3057 1609 3105 es,
1626 3049 1652 3095 ct
1673 3039 1751 3097 dele-

92 3131 188 3199 lieres,
203 3131 335 3205 egredere
359 3137 385 3185 et
407 3130 451 3184 ahi
471 3138 532 3201 post
547 3131 662 3202 vestigia
681 3147 807 3203 gregum.
827 3153 837 3180 ι
856 3132 893 3187 Ac
950 3128 1082 3183 elationes
1097 3143 1190 3184 eorum
1206 3127 1304 3198 quibus
1320 3145 1369 3199 per
1384 3143 1502 3183 amorem
1518 3128 1655 3183 adlraesisti
1667 3148 1673 3193 ;
1685 3129 1752 3184 ima·

93 3221 115 3277 ai
130 3220 229 3278 dieat:
246 3217 314 3289 Quae
329 3218 440 3275 indicari
456 3219 502 3273 tibi
516 3219 585 3291 petis
600 3235 616 3274 a
630 3236 682 3289 me,
701 3235 755 3275 non
769 3220 893 3291 ignoras,
949 3217 1028 3288 gincs
1042 3232 1146 3286 eorum,
1164 3234 1230 3286 quas
1255 3216 1360 3272 fruendi
1385 3217 1531 3287 cupiditate
1553 3217 1692 3273 memorien
1706 3218 1751 3271 al-

93 3309 143 3366 sed
166 3317 191 3367 te
206 3308 321 3380 ignoras
337 3325 344 3362 :
360 3307 461 3364 idcirco
485 3307 556 3363 enim
580 3307 680 3364 videris
701 3308 749 3364 tibi
769 3309 895 3380 ignorare
950 3307 1002 3360 tius
1018 3306 1185 3378 impressisti.
1197 3307 1314 3362 l‘erhaec
1328 3306 1425 3362 enima
1443 3306 1584 3377 temetipsa
1598 3305 1746 3378 egrediens

92 3412 158 3454 me:
174 3397 240 3470 quia
264 3396 377 3469 ignoras
391 3404 427 3452 te.
443 3396 509 3452 Ideo
533 3395 644 3468 ignoras
659 3405 685 3453 te
700 3399 762 3470 quia
784 3413 895 3471 agressa
949 3395 1040 3449 abiisti
1064 3412 1080 3449 n
1104 3402 1137 3461 te,
1154 3411 1203 3466 per
1223 3393 1349 3451 affectum
1373 3394 1402 3449 in
1425 3394 1540 3466 vestigia
1563 3394 1749 3450 intentionum

94 3502 128 3543 as
143 3502 161 3541 a
175 3494 215 3542 tc.
235 3485 290 3541 Sed
307 3485 396 3557 primo
411 3485 529 3540 notanda
544 3492 606 3540 suat
620 3487 748 3556 utrinque
762 3486 895 3543 amatoria
949 3490 1066 3550 tuarum,
1085 3483 1124 3536 sic
1137 3498 1169 3535 ea
1188 3482 1323 3553 impressa
1338 3483 1440 3538 liabens
1455 3482 1603 3549 memoriae,
1619 3491 1648 3537 ut
1663 3481 1747 3539 etiam

93 3574 318 3631 blandimenta«
334 3572 369 3642 0,
382 3573 439 3628 nait
454 3573 573 3644 Sponsa,
588 3574 789 3646 rqucmdiligit
804 3575 895 3630 anima
949 3586 1011 3628 otim
1025 3571 1123 3625 absunt
1141 3585 1268 3640 corpora,
1295 3587 1350 3626 non
1364 3571 1453 3626 absint
1480 3588 1574 3627 eorum
1600 3571 1746 3644 imagines,

94 3678 167 3721 mea.
185 3686 197 3711 ι
216 3663 338 3735 Sponsus
358 3677 444 3719 vere:
472 3684 483 3711 ι
502 3662 652 3733 Opulchra
667 3662 893 3729 intermulieres,
949 3676 1010 3716 cum
1039 3667 1147 3715 cessant
1175 3667 1262 3727 actus,
1285 3675 1341 3715 non
1366 3667 1475 3717 cessent
1497 3676 1590 3716 corum
1614 3660 1748 3730 effectus;

93 3767 112 3809 o
134 3751 225 3808 amica
238 3767 311 3807 meu.
330 3774 341 3801 ι
368 3748 528 3822 Quicunque
553 3750 711 3806 intentionis
736 3750 850 3817 fervore,
866 3751 893 3807 iu
948 3765 1010 3805 cnm
1025 3764 1105 3804 voces
1120 3749 1212 3815 silent,
1227 3756 1395 3820 perstrepant
1411 3765 1505 3805 earum
1521 3748 1747 3820 significationes.

92 3841 211 3899 veritate
233 3839 409 3897 conscientiae
428 3855 485 3894 suae
498 3854 595 3895 sonare
614 3839 739 3895 videntur
755 3839 895 3909 reciproca
949 3837 1048 3892 llluuda
1063 3845 1096 3905 te,
1119 3852 1216 3894 exerce
1231 3838 1398 3909 temetipsam
1412 3839 1447 3892 ad
1471 3839 1608 3910 pietatem,
1632 3846 1659 3893 et
1674 3839 1749 3894 intra

92 3930 153 3987 haee
167 3925 603 3994 nominaamorisetlaudis,non
616 3927 766 4000 suntsigna
781 3927 894 3995 deserti,
948 3933 974 3981 te
987 3926 1108 3982 invenies
1128 3943 1240 3999 regnum
1256 3926 1319 3982 Dei.
1337 3926 1363 3981 Ο
1387 3926 1480 4000 imago
1502 3928 1561 3995 Dei,
1580 3942 1747 4000 recognosce

92 4018 137 4076 vel
151 4017 316 4073 deserentia.
331 4017 412 4072 Beata
434 4015 613 4082 conscientia,
629 4032 690 4088 quae
705 4015 837 4088 quidquid
853 4016 894 4071 in·
948 4014 1108 4082 dignitatem
1124 4022 1216 4084 tuam;
1240 4014 1373 4088 refulgeat
1388 4015 1416 4070 in
1440 4024 1466 4071 te
1485 4018 1606 4072 auctoris
1630 4015 1744 4090 effigies.

92 4107 222 4175 canuit,
238 4105 370 4177 quidquid
388 4104 532 4178 ingruerit,
547 4120 657 4176 semper
679 4106 774 4160 eodem
797 4104 895 4175 spiritu
949 4104 988 4157 Tu
1004 4103 1050 4157 tibi
1066 4104 1126 4160 vilis
1141 4121 1180 4168 es,
1196 4103 1244 4159 sed
1259 4105 1380 4174 pretiosa
1396 4120 1494 4161 reses.
1510 4105 1646 4174 Quantum
1662 4106 1747 4160 abeo

91 4195 168 4265 dicit,
186 4219 199 4246 ι
216 4194 349 4251 Dominus
363 4196 462 4260 lesus;
487 4216 498 4242 ι
515 4194 610 4253 eadem
625 4195 724 4266 pietate
740 4192 895 4269 profitetur,
949 4191 1074 4247 delecisti
1089 4191 1166 4262 cujus
1185 4192 1278 4265 imago
1293 4209 1331 4262 es,
1343 4198 1446 4249 tantum
1460 4194 1556 4248 alienis
1580 4193 1747 4264 imaginibus

93 4310 107 4336 a
122 4301 140 4343 o
155 4300 238 4357 quem
252 4283 341 4357 diligit
354 4283 446 4339 anima
460 4298 540 4347 mca;
555 4305 566 4332 ι
583 4289 611 4338 et
624 4283 700 4351 cujus
714 4281 795 4348 fides,
811 4282 893 4354 quid·
949 4280 1050 4336 inlecta
1064 4297 1104 4335 es.
1120 4281 1174 4337 Sed
1195 4296 1257 4336 cum
1270 4281 1299 4336 in
1318 4281 1347 4336 id
1363 4283 1437 4354 qnod
1449 4291 1539 4338 creata
1555 4298 1595 4348 es,
1612 4282 1745 4352 respirare

88 4374 157 4449 quid
171 4372 348 4441 accidat,sub
362 4370 520 4428 testimonio
534 4371 656 4427 veritatis
671 4371 774 4427 nullum
788 4372 892 4441 patitur
947 4369 1070 4440 cruperis,
1086 4368 1108 4424 si
1132 4368 1236 4424 sortiter
1259 4370 1474 4441 apprehenderis
1496 4369 1679 4440 disciplinam,
1696 4385 1744 4424 su·

87 4464 222 4521 damnum
235 4459 443 4534 pulchritudinis
457 4476 515 4516 suae
529 4459 573 4517 rel
590 4459 689 4515 laudis.
709 4460 856 4529 tPulelrra,
876 4449 1088 4530 »Dperductos
1107 4457 1288 4514 adulterarum
1311 4458 1460 4530 imaginum
1482 4457 1571 4526 lucos,
1606 4474 1655 4513 nec
1677 4456 1744 4514 satis

87 4552 190 4625 inquit,
217 4574 229 4601 ι
252 4550 325 4607 iuter
347 4548 515 4618 mulieres·
539 4548 618 4605 fortis
640 4548 711 4605 iuter
734 4548 831 4605 molles
848 4564 889 4606 :a

88 4640 206 4699 mollitie
220 4639 323 4712 quippe
334 4637 431 4694 mulier
440 4637 558 4703 dicitur;
574 4638 654 4711 virgo
663 4637 733 4695 inter
745 4654 890 4712 praegnan-

88 4741 141 4800 tes,
156 4728 256 4802 quibus
279 4743 297 4785 a
316 4728 437 4784 Domino
457 4744 498 4784 aaa
521 4725 702 4798 deniuntatur,
714 4743 774 4784 curn
798 4728 864 4785 dicit
881 4747 887 4785 :

92 4844 104 4870 ι
121 4816 383 4891 vepraguautttrus
396 4824 423 4872 et
436 4814 620 4872 nutrientibus
634 4815 660 4870 in
671 4814 716 4873 die
731 4816 777 4872 illa
792 4818 887 4889 (llere.

87 4924 159 4977 xut3
174 4909 242 4965 Lac.
255 4906 325 4973 xxi).
341 4928 354 4956 t

129 5022 141 5048 ι
165 4995 292 5064 Pulchra,
311 4994 383 5064 nait,
399 4993 463 5067 quia
478 4994 621 5062 lormosa;
638 4997 756 5052 formosa
770 5012 844 5065 rere,
860 4995 888 5052 in

89 5095 224 5161 quantum
237 5084 368 5159 gratiale
388 5083 415 5140 in
431 5084 483 5141 hoe
505 5083 647 5152 iormante,
662 5084 750 5158 diligit
764 5102 807 5140 me
825 5085 887 5140 aui·

89 5202 138 5245 ma
149 5194 211 5242 tua:
227 5183 352 5258 quamvis
366 5182 511 5257 subnigra,
527 5184 554 5240 in
566 5193 697 5258 quantam
709 5185 840 5241 destituta
854 5185 887 5240 ab

87 5281 263 5339 illuminante
285 5280 384 5355 gratie.
412 5280 510 5349 «Si,»
535 5281 632 5354 inquit,
660 5282 800 5354 «ignoras
819 5289 887 5349 le,0

87 5380 206 5456 pulchra
217 5380 289 5437 inter
303 5377 441 5446 mulieres,
456 5379 601 5452 egredere.
619 5403 630 5429 t
648 5381 738 5436 Potest
753 5378 834 5435 etiam
850 5379 889 5436 ri·

88 5479 152 5537 deri
185 5479 393 5552 pulchritudinis
420 5478 473 5534 iata
499 5478 723 5535 commemoratio
756 5477 889 5551 neglectae

88 5577 302 5655 pttleluitndiuia
314 5576 500 5653 exprobratio,
515 5576 584 5635 aicta
601 5592 664 5634 eum
677 5575 754 5649 dicit,
776 5598 788 5628 t
804 5593 887 5654 egre·

942 4545 1113 4613 inherentes,
1129 4546 1182 4602 cito
1204 4547 1333 4614 excuties,
1350 4548 1403 4602 cito
1418 4545 1540 4619 effugies.
1558 4546 1658 4601 Adesto
1673 4561 1742 4619 ergo

942 4639 1000 4690 tota
1021 4635 1079 4704 tibi,
1095 4642 1122 4691 et
1142 4641 1194 4690 tou
1210 4642 1236 4690 te
1258 4639 1333 4690 utere
1357 4634 1391 4689 ad
1412 4636 1636 4707 cognoscendum
1660 4644 1695 4704 te,
1716 4642 1743 4690 et

941 4724 1019 4794 cujus
1047 4726 1137 4798 imago
1163 4724 1209 4791 sis,
1239 4724 1273 4778 ad
1297 4723 1504 4780 discernendum
1533 4723 1740 4796 intelligendum

943 4813 1007 4885 quid
1026 4812 1073 4880 sis,
1089 4812 1154 4884 quid
1174 4812 1261 4883 possis
1282 4811 1310 4866 in
1326 4828 1358 4868 eo
1381 4813 1459 4882 cujus
1482 4812 1572 4884 imago
1595 4829 1633 4868 es.
1651 4814 1698 4868 Sta
1713 4812 1742 4868 in

942 4900 1030 4973 gradu
1054 4908 1109 4966 tuo,
1125 4916 1159 4956 ne
1180 4898 1353 4967 succumbas,
1367 4916 1402 4956 ne
1417 4901 1580 4973 degeneres.
1592 4902 1680 4956 l'irtus
1693 4916 1739 4957 au·

943 4997 995 5045 tem
1020 4998 1061 5044 est
1081 4988 1205 5045 stationis
1230 4998 1281 5045 ture
1304 4989 1424 5061 cognitio
1450 4990 1566 5060 gratire3
1588 4989 1611 5044 si
1634 4990 1740 5062 ingrata

943 5104 996 5143 nou
1012 5103 1052 5151 cs,
1066 5087 1138 5158 quod
1157 5087 1284 5160 praescita
1298 5105 1336 5157 cs,
1352 5087 1425 5159 quod
1445 5088 1649 5158 praedestinata,
1665 5089 1739 5159 quod

942 5185 1094 5257 praeelecta,
1110 5185 1182 5255 qnod
1205 5186 1325 5258 cognita.
1347 5184 1519 5240 Praescientia
1540 5183 1613 5240 enim
1638 5182 1687 5237 Dei
1703 5182 1739 5238 de

943 5290 978 5350 te,
995 5283 1055 5354 ejus
1070 5285 1142 5340 circa
1158 5292 1182 5338 tc
1197 5283 1302 5339 bonitas
1317 5290 1374 5349 est;
1390 5281 1590 5353 praedestinatio
1601 5284 1658 5355 jam
1675 5300 1739 5357 ope·

942 5398 1007 5439 rans
1023 5381 1137 5447 bonitas,
1156 5381 1251 5437 electio
1270 5396 1340 5451 opus
1353 5379 1454 5450 ipsum,
1471 5381 1591 5452 cognitio
1605 5382 1736 5456 signacu-

941 5480 998 5535 lum
1007 5477 1113 5551 gratiae,
1129 5476 1164 5534 de
1178 5492 1230 5549 quo
1240 5477 1386 5547 Apostolus
1401 5477 1476 5534 dicit.
1490 5501 1501 5526 υ
1521 5478 1737 5536 Fundamentum

942 5577 994 5636 Dei
1017 5585 1078 5649 stat,
1094 5574 1198 5632 habens
1220 5574 1389 5650 signaculum
1412 5575 1485 5635 hoc:
1502 5576 1586 5634 Novit
1606 5578 1740 5634 Dominus
