3728 6000
15 186 88 246 lits
642 191 827 251 nelsrohAE
847 192 891 251 ET
911 194 1114 257 PRIVILEGIA

14 312 209 416 lusobsistat,
226 317 308 378 salva
325 319 356 377 in
368 320 511 378 omnihus
528 319 694 378 dioecssani
708 319 841 394 episcopi
858 319 884 377 l.
899 321 975 381 tione
999 324 1104 385 debita
1128 325 1371 400 implorantibus,
1393 326 1526 384 tuitionis
1552 327 1727 402 presidium

15 420 164 463 canonica
171 406 296 478 justitia.
897 412 1072 486 impendere
1084 415 1266 474 debeamus:
1290 417 1362 491 quia
1372 417 1447 474 sicut
1456 417 1567 489 injusta
1581 419 1729 491 poscenti·

52 496 626 570 ⁰⁰⁰⁰ffl'11111180l80112nulllhOmissUffl
641 498 845 572 liceatPsilli-
898 511 956 568 bus
974 513 1074 570 nullus
1090 521 1135 572 est
1154 515 1329 572 tribuendus
1346 514 1479 587 effectus,
1495 515 1536 573 ita
1550 516 1684 588 legitima
1699 520 1728 573 et

16 586 82 641 ⁸⁰⁰¹
95 583 195 642 ¹⁰⁰¹¹m
214 591 325 645 ‘imm
340 589 524 661 perturbate,
536 594 587 647 ⁸112
598 589 663 662 01⁰⁸
676 588 844 663 P0³⁵0⁸⁵i0·
895 603 979 675 justa
993 605 1211 676 postulantium
1222 620 1283 662 non
1294 610 1340 662 est
1350 604 1517 663 differenda
1528 607 1641 678 petilio,
1653 621 1728 678 pre·

17 687 72 729 ¹¹0⁸
88 673 214 772 inferres
228 676 273 733 iel
287 676 403 736 ablatas
414 680 549 745 relinere
563 680 708 744 minuere»
726 693 778 734 ⁸0¹1
794 676 844 734 all·
899 693 999 750 scrtim
1014 709 1117 751 eorum
1132 695 1185 768 qui
1200 711 1270 752 cum
1286 695 1441 753 honestate
1451 695 1519 752 vitm
1541 701 1570 752 ct
1581 695 1727 756 laudabili

16 761 144 834 qnalrter
159 766 364 823 vexationibus
383 766 505 839 fatigare
519 789 527 838 ς
544 768 597 826 sed
611 768 713 826 omnia
728 767 845 839 integra
898 806 1017 849 morum
1031 793 1246 865 compositione
1259 792 1393 863 gaudem
1402 793 1666 866 omnipotenfineo
1677 793 1728 850 de,

18 858 232 953 ⁰⁰⁰³⁶¹V⁶ff¹¹¹¹f
246 871 361 923 ⁰⁰s¹¹¹1¹2
377 872 432 929 Pl0
447 873 577 954 (limium
592 857 846 957 Βῦῧῖἲῦἃῑῑρὓθθῑ
898 880 1018 937 servire.
1035 883 1204 954 Eapropter,
1219 881 1324 938 dilecte
1341 882 1371 938 in
1381 882 1507 940 homino
1518 882 1561 939 fili
1576 885 1641 941 Otto
1652 898 1729 956 pree·

18 944 846 1019 ⁸⁰⁵¹⁰⁰¹³¹¹⁰¹¹⁰⁰⁰⁰⁰⁶⁵⁸³⁸¹¹⁰²2⁰⁸¹b⁰⁸⁰m⁰¹ffl⁰d¹³pf⁰·
898 969 1005 1043 posite,
1016 969 1535 1043 tuisjustispostulationibusdebita
1546 971 1728 1043 benignitate
1841 1028 1844 1032 .

18 1028 138 1102 futura,·
152 1032 235 1090 salva
250 1033 330 1090 sedis
350 1034 522 1108 apostolice
539 1035 723 1094 auctoritate.
743 1035 845 1108 Siqua

1656 202 1728 261 fibo
1806 196 1850 257 ’.

17 1119 108 1192 igitur
119 1121 150 1177 in
160 1120 294 1180 futurum
302 1124 506 1182 ecclesiastica
514 1125 703 1182 secularisve
714 1138 845 1198 persona

17 1209 97 1266 hanc
113 1215 221 1268 nostrae
232 1213 454 1272 constitutionis
467 1215 614 1287 paginam
625 1212 733 1279 sciens,
742 1216 846 1270 contra

19 1313 87 1356 eam
112 1304 220 1359 temere
246 1303 347 1360 venire
372 1305 535 1370 tentaverit,
560 1301 695 1360 secundo
723 1301 845 1359 tertiove

17 1391 215 1456 commonita,
228 1391 252 1447 si
266 1406 326 1448 non
339 1390 542 1450 satisfactione
554 1406 689 1463 congrua
700 1389 845 1449 emenda-

19 1479 104 1545 verit,
124 1480 278 1551 potestatis
299 1481 482 1555 honorisque
501 1481 547 1538 sui
571 1480 715 1552 dignitate
734 1482 844 1548 careat,

18 1582 164 1641 reamque
184 1584 214 1624 ss
233 1569 336 1626 divino
348 1570 461 1642 judicio
480 1571 604 1630 existere
624 1571 661 1629 de
676 1573 846 1643 perpetrata

898 1064 1017 1130 gratum
1030 1060 1412 1133 impertientcsassensnm,
1421 1060 1577 1133 praefatam
1588 1063 1617 1116 Β.
1631 1060 1728 1119 itariae

899 1147 1064 1215 ecclesiam,
1079 1150 1137 1215 cui,
1155 1151 1215 1207 Deo
1231 1153 1362 1215 auctore,
1382 1162 1512 1222 praeesse
1531 1148 1728 1219 dignosceris,

900 1245 1128 1316 praedecessoris
1143 1247 1235 1305 nostri
1250 1245 1503 1304 felicismemoriae
1514 1258 1602 1319 papa
1616 1245 1729 1303 Urbani
1836 1298 1839 1303 .

898 1334 1032 1405 vestigiis
1047 1333 1234 1400 inhaerentes,
1252 1332 1309 1391 suh
1325 1334 1404 1392 beati
1419 1333 1495 1392 Petri
1506 1338 1535 1392 et
1547 1338 1651 1392 nostra
1661 1347 1729 1408 pro·

899 1424 1024 1482 tectione
1044 1423 1237 1499 suscipimus,
1250 1428 1279 1481 et
1289 1423 1449 1496 presentis
1461 1423 1561 1497 scripti
1573 1422 1728 1497 privilagio

899 1513 1133 1581 communimus,
1157 1513 1305 1586 imprimis
1332 1511 1483 1585 siquidem
1503 1515 1677 1582 statuentes,
1696 1514 1729 1568 ut

899 1602 974 1660 ordo
988 1602 1164 1668 canonicus,
1185 1602 1236 1675 qui
1253 1602 1283 1658 in
1298 1601 1404 1659 eadem
1419 1600 1545 1658 ecclesia
1560 1600 1729 1658 secundum

17 1656 174 1730 iniquitate
186 1664 357 1729 cognoscat,
373 1665 402 1717 et
413 1675 432 1716 a
443 1661 635 1718 sanctissimo
666 1674 791 1733 corpore
810 1674 845 1717 ac
862 1675 885 1731 g
900 1694 993 1749 Deum
1007 1695 1034 1748 sl
1048 1691 1129 1749 beati
1141 1689 1297 1764 Augustini
1312 1689 1457 1761 Regulam
1467 1689 1603 1747 noscitur
1615 1689 1729 1747 imam,

18 1745 165 1814 sanguine
186 1746 233 1800 Dei
252 1752 280 1801 et
308 1747 426 1804 Domini
445 1746 650 1820 Redemptoris
668 1747 761 1804 nostri
777 1748 846 1803 lesu

20 1832 124 1889 Christi
145 1832 323 1901 alienafiat,
343 1839 432 1908 atque
451 1836 482 1893 in
501 1841 632 1893 extremo
651 1835 788 1893 examine
800 1835 847 1892 di·

19 1920 129 1978 stricta
142 1922 246 1981 ultioni
256 1924 420 1997 subjaceat.
430 1925 549 1983 Cunctis
559 1930 660 1984 autem
670 1925 768 1982 cidem
778 1924 845 1984 loco

18 2026 77 2068 sna
98 2011 167 2083 jura
185 2014 372 2072 servantibus
391 2016 428 2074 sit
446 2032 506 2088 pax
526 2015 645 2072 nomini
663 2014 757 2073 nostri
774 2015 846 2073 lesu

20 2100 139 2168 Christi,
156 2108 304 2176 quatenus
315 2104 633 2162 ethicfructumbonae
643 2104 769 2163 actionis
781 2120 846 2178 per·

19 2191 143 2262 cipiant,
155 2199 183 2249 et
191 2193 445 2267 apuddistrictum
449 2194 582 2266 jndicem
593 2194 718 2269 premia
728 2199 845 2253 eterna

19 2280 105 2352 pacis
119 2280 283 2339 inveniant.
299 2283 404 2351 Amen,
424 2298 523 2341 amen.

140 2387 193 2429 rac
212 2387 315 2440 uncus,
336 2389 448 2440 nourra,
470 2388 570 2430 arcuna
589 2389 615 2429 ru
634 2387 727 2430 nouus

56 2463 117 2530 figo
137 2462 286 2531 fingenius
298 2462 457 2520 Catholicae
471 2461 607 2519 Ecclesia
620 2462 791 2535 spiscopus.

56 2552 116 2623 Ego
135 2551 304 2608 Thebaidos
313 2552 446 2625 presbyt.
460 2551 542 2610 card.
554 2551 633 2610 tias.
646 2551 792 2609 Praaedis.

56 2642 117 2710 Ego
137 2640 305 2698 ltaniredus
320 2642 419 2713 presb.
432 2641 547 2698 cardin.
562 2641 605 2698 tit.
622 2642 649 2699 S.
663 2641 791 2699 Sabinae.

56 2730 117 2798 Ego
136 2730 288 2787 aribertus
296 2730 427 2803 presbyt.
443 2730 524 2787 card.
545 2731 575 2790 S.
595 2729 756 2788 anastasii.
789 2762 793 2777 ·

58 2818 119 2889 Ego
135 2817 229 2875 lulius
247 2820 377 2893 presbyt.
393 2820 474 2877 card.
497 2820 538 2877 tit.
559 2821 588 2877 S.
603 2819 740 2877 Marcelli.

56 2911 117 2980 ligo
137 2908 269 2966 Uhaldus
284 2909 417 2983 presbyt.
441 2908 524 2967 card.
537 2910 577 2968 tit.
596 2911 624 2968 S.
645 2909 745 2966 Crucis
756 2909 787 2966 in
801 2907 847 2965 Je-

18 2998 163 3055 rusalem.

56 3090 118 3158 Ego
138 3088 202 3147 0do
215 3088 334 3147 diacon.
350 3088 431 3146 card.
449 3091 478 3148 S.
493 3088 610 3161 Georgii
622 3088 662 3146 ad
672 3088 776 3146 llelum
790 3091 847 3146 hu·

18 3193 117 3237 rcum.

55 3266 116 3338 Ego
136 3267 315 3324 Octavianus
344 3265 421 3323 diac.
452 3265 532 3324 card.
555 3266 596 3324 tit·
622 3267 650 3323 S.
678 3265 789 3324 Nicolai
815 3265 846 3323 in

19 3356 142 3412 carcere
161 3355 308 3412 Tulliano.

55 3444 117 3512 Ego
136 3443 295 3513 Gregorius
309 3441 387 3499 diac.
399 3441 531 3499 card.tit.
545 3442 574 3498 S.
589 3441 703 3516 Angeli.

56 3534 118 3605 Ego
136 3532 267 3589 loannes
287 3531 364 3589 diac.
381 3531 462 3588 card.
479 3531 521 3588 tit.
539 3533 566 3589 S.
583 3532 679 3590 liarie
688 3533 787 3588 Norae.

57 3624 117 3691 ugo
137 3620 235 3678 (luido
249 3619 326 3678 diac.
339 3620 419 3678 card.
433 3621 476 3678 tit.
492 3621 520 3678 S.
533 3619 628 3677 itariae
642 3621 673 3677 in
686 3620 810 3677 Porticu.

57 3713 117 3782 Ego
136 3708 291 3768 llolandus
305 3709 383 3767 diac.
400 3709 482 3768 card.
499 3711 541 3767 tit.
558 3711 607 3769 SS·
624 3710 775 3768 cosman
789 3711 846 3767 lla·

20 3816 127 3859 mranr.

56 3890 117 3961 ligo
138 3888 281 3946 llincarus
296 3887 523 3946 Tusculanensis
533 3886 704 3961 episcopus.

57 3982 164 4037 Datum
180 3979 336 4048 Ferentini,
354 3995 406 4051 per
418 3994 543 4036 manum
563 3976 718 4034 llariniani
737 3984 848 4034 sanctae

22 4074 164 4128 Romana
201 4070 338 4126 Ecclesiae
366 4069 530 4143 scriptoris,
561 4073 668 4126 octavo
698 4066 848 4126 Kalendas

21 4160 202 4225 Decembris,
229 4159 392 4216 indictione
419 4174 480 4227 xtu,
510 4157 730 4214 incarnationis
751 4157 848 4214 llomi·

20 4249 96 4309 nice
105 4264 185 4306 anno
199 4253 275 4316 trac,
283 4248 472 4322 pontificatus
480 4246 712 4318 domnitlugenii
720 4261 807 4320 papa
814 4246 849 4304 ΙΙΙ

22 4341 212 4396 annosexto.
457 4327 460 4331 ’

387 4427 476 4482 Clllll.

22 4524 219 4595 Ptfoitepium
240 4522 369 4581 ecclesia
398 4522 610 4580 canonicorum
634 4522 669 4579 Β.
691 4521 797 4581 Morte
815 4522 846 4581 in

56 4595 477 4741 gaffwfglrs'i.fflsm⁹mss
502 4594 633 4653 diaecesis
652 4594 707 4652 sub
732 4596 848 4669 necata

256 4766 352 4834 (Anno
368 4767 445 4831 trec,
466 4766 539 4822 Nor.
555 4765 612 4837 26.)

120 4865 232 4937 illurn,
248 4864 405 4934 metropol.
421 4862 597 4937 Sutisbnrg,
613 4861 661 4930 ΙΙΙ,
684 4862 758 4937 rsa]

58 4963 370 5036 lluoeruusepiscopus,
384 4977 487 5019 servus
497 4976 653 5019 serrorum
669 4960 730 5027 lici,
741 4959 847 5019 dilecto

21 5050 83 5108 filio
99 5053 204 5110 Orroru
221 5052 383 5124 praeposito
402 5052 555 5109 canonice
575 5052 604 5107 Β.
621 5051 719 5107 llarise
737 5050 847 5123 quasin

21 5141 87 5199 loco
111 5140 296 5197 Raitenbuch
322 5141 378 5196 sita
397 5144 450 5205 est,
470 5140 593 5213 ejusque
613 5139 756 5197 fratribus
784 5143 847 5196 tam

23 5229 222 5304 praesentibus
237 5243 328 5301 quam
343 5228 459 5296 futuris,
479 5229 658 5285 canonicam
674 5227 766 5284 vitam
781 5243 847 5300 pro·

23 5319 123 5383 fessis,
139 5319 368 5392 inperpetuum.
385 5320 490 5373 Amen.

57 5407 230 5464 commissas
239 5406 326 5463 nubis
338 5403 596 5477 apostolicaesedis
605 5403 847 5462 hortaturaucto·

23 5497 104 5568 ritas,
124 5501 156 5555 ut
175 5495 248 5556 locis
268 5501 297 5556 et
314 5493 451 5571 personis
470 5494 565 5570 ipsius
585 5492 730 5555 auxilium
759 5491 848 5554 dero·

900 1786 956 1847 tue,
966 1782 1117 1854 perpetuis
1126 1780 1237 1837 ibidem
1248 1779 1434 1853 temporibus
1444 1778 1729 1837 inviolabilitercon·

899 1875 1039 1927 serretur.
1055 1871 1198 1927 Praeterea
1210 1883 1409 1943 quascunque
1417 1869 1637 1941 possessiones,
1645 1882 1729 1941 quor·

899 1967 1216 2042 cunqusbonasadem
1229 1967 1356 2026 ecclesia
1367 1966 1638 2040 impresentiarum
1649 1965 1729 2039 iuste

899 2063 927 2114 at
946 2058 1088 2116 canonice
1107 2056 1251 2131 possidet,
1272 2061 1324 2113 aut
1344 2055 1516 2115 infuturum
1534 2054 1729 2114 concessione

898 2146 1086 2224 pontificum,
1102 2145 1259 2217 largitione
1272 2160 1378 2216 regum
1390 2144 1437 2202 vel
1445 2143 1628 2219 principum,
1645 2141 1729 2202 obla·
1813 2134 1824 2157 ‘

899 2235 978 2293 tione
989 2235 1133 2302 fidelium,
1151 2251 1205 2291 seu
1215 2234 1280 2291 aliis
1290 2234 1377 2305 justis
1387 2233 1495 2301 modis,
1508 2234 1568 2290 Deo
1586 2231 1727 2307 propitio,

899 2326 1006 2401 poterit
1021 2325 1155 2398 adipisci,
1170 2325 1259 2383 firma
1271 2325 1357 2383 vohis
1371 2323 1730 2398 vestrisquelsuccessorf·

899 2415 955 2472 bus
971 2421 998 2471 et
1011 2414 1123 2473 illibata
1135 2417 1341 2487 permaneant.
1356 2413 1490 2472 0beunte
1509 2429 1579 2472 vero
1594 2417 1632 2480 te,
1647 2426 1729 2471 nunc

900 2503 1035 2575 ejusdem
1050 2503 1106 2562 loci
1122 2503 1294 2577 praeposito,
1309 2502 1357 2560 rel
1372 2508 1492 2561 tuorum
1512 2502 1648 2577 quolibet
1663 2514 1730 2557 suc·
1845 2516 1849 2529 ·

900 2609 1064 2659 caseorum,
1085 2592 1234 2650 nullusibi
1254 2592 1386 2666 qualibet
1398 2590 1599 2664 subreptionis
1618 2587 1730 2648 astutia

900 2707 952 2749 seu
967 2691 1109 2748 violentia
1122 2696 1325 2764 preponatur,
1345 2690 1404 2747 nisi
1423 2705 1514 2764 quem
1527 2687 1630 2746 fratres
1648 2701 1730 2746 com·

900 2781 984 2838 muni
999 2795 1157 2848 consensu,
1173 2779 1219 2837 vel
1231 2779 1357 2837 fratrum
1376 2794 1448 2853 pars
1460 2777 1577 2836 consilii
1589 2776 1728 2846 sanioris,
1804 2856 1810 2867 Ι

900 2870 1050 2940 elegerint.
1067 2868 1452 2927 consecrationesaltarium
1468 2867 1730 2926 sinebasilicarum

900 2960 1103 3018 ordinationes
1116 2957 1302 3024 clericorum,
1318 2957 1460 3025 chrisma,
1469 2958 1567 3014 oleum
1579 2959 1728 3024 sanetum,
1844 3024 1848 3031 Ι

862 3028 883 3086 ⁰
899 3055 929 3109 et
942 3053 1061 3113 caetera,
1072 3048 1260 3121 abepiscopo
1270 3046 1464 3118 Frisingensl,
1476 3045 1506 3102 in
1516 3045 1730 3118 cniusdioecesi

899 3139 980 3205 estis,
997 3137 1168 3211 accipietis3
1191 3137 1216 3192 si
1240 3140 1342 3193 tamen
1356 3135 1522 3192 catholicus
1544 3139 1598 3202 est,
1621 3138 1650 3193 et
1664 3149 1729 3208 gra·

899 3228 971 3285 dam
985 3233 1075 3301 atque
1083 3225 1329 3283 communionem
1346 3223 1517 3298 apostolicas
1530 3223 1731 3281 sedishahue·
1850 3270 1857 3283 .

899 3316 947 3382 rit,
961 3320 989 3373 et
1003 3331 1039 3373 es
1053 3315 1144 3385 gratis
1158 3330 1194 3373 nc
1207 3314 1270 3371 sine
1284 3313 1430 3386 pravitate
1441 3311 1616 3384 impendere
1629 3310 1731 3369 volue-

899 3407 1729 3487 rit,alioquinliceatvohiscatholicumquemvolueritis,
1841 3428 1849 3443 ‘

900 3505 982 3565 adire
998 3503 1169 3570 antistitem,
1190 3505 1219 3560 et
1240 3502 1277 3559 ah
1300 3517 1336 3560 eo
1353 3500 1613 3559 consecrationum
1632 3513 1732 3560 sacra·

901 3599 1003 3654 menta
1017 3592 1178 3665 suscipere,
1189 3591 1236 3648 rel
1253 3590 1292 3648 ad
1308 3591 1409 3648 sedem
1426 3589 1619 3664 apostolicam
1632 3602 1732 3650 recur-

899 3698 983 3751 rere;
999 3683 1051 3757 qui
1067 3680 1157 3739 fultus
1174 3679 1342 3754 apostolica
1359 3679 1534 3739 auctoritate
1556 3679 1621 3737 sine
1635 3678 1732 3738 ambi·

901 3774 1012 3847 gnitate
1021 3771 1172 3845 postulata
1184 3770 1340 3827 concedat.
1355 3769 1732 3842 Prohihemnsquoque,ut

901 3861 974 3920 nulli
987 3860 1112 3918 fratrum
1122 3863 1290 3916 vestrorum
1301 3861 1370 3932 post
1383 3858 1495 3916 factam
1505 3856 1536 3913 in
1547 3857 1654 3915 eodem
1663 3856 1730 3915 loco

901 3950 1118 4025 professionem
1133 3948 1250 4022 absqsm
1263 3947 1418 4022 prepositi
1436 3947 1482 4004 sui
1496 3945 1616 4005 licentia
1633 3945 1678 4005 fas
1693 3945 1732 4004 sit

901 4058 917 4100 e
942 4039 1072 4098 claustro
1097 4037 1258 4104 discedere,
1287 4037 1492 4095 discedentem
1515 4052 1588 4094 vero
1613 4035 1730 4110 absum

901 4127 1108 4187 communium
1122 4127 1286 4186 litterarum
1297 4125 1731 4185 cautioncnullnsaudeatreti·

902 4213 1729 4290 nara.Porrodccimasnovaliumejusdemcanonicaead

902 4308 1041 4367 camdem
1054 4308 1200 4380 pertinere
1206 4306 1364 4365 sanximus
1379 4305 1482 4374 ;salso
1488 4304 1655 4362 vicinarum
1662 4302 1730 4376 jure

863 4381 1105 4456 Decclesiarum.
1122 4396 1309 4455 Advocatum
1331 4400 1484 4467 praterea,
1505 4394 1566 4451 sire
1584 4394 1730 4467 protecto·

903 4503 966 4544 rem
979 4486 1123 4544 illustrem
1137 4491 1271 4544 vestrum
1294 4484 1461 4543 Welfonsm
1481 4482 1569 4539 vobis
1592 4481 1731 4541 concedi·

904 4601 980 4652 mus,
997 4586 1100 4657 etejus
1111 4587 1178 4657 post
1189 4599 1258 4640 eum
1269 4581 1356 4649 filios,
1369 4582 1393 4637 si
1402 4579 1565 4655 ejusmodi,
1581 4580 1642 4638 Deo
1653 4594 1729 4655 prae·
1848 4596 1853 4621 ¹

903 4678 1008 4741 stante,
1024 4673 1132 4731 fuerint
1145 4677 1177 4730 ut
1191 4670 1324 4729 ecclesiae
1333 4675 1438 4729 veshoe
1452 4669 1548 4737 utiles,
1558 4677 1586 4726 at
1596 4673 1730 4744 paternas

903 4761 1095 4821 institutionis
1111 4761 1249 4826 existant,
1264 4764 1451 4817 exsecutores
1464 4775 1471 4827 ;
1486 4759 1533 4816 sin
1548 4762 1661 4826 numm,
1676 4758 1730 4817 erit

903 4852 992 4910 vestri
1008 4851 1121 4909 arbitrii
1142 4865 1232 4925 quem
1248 4848 1402 4907 volueritis
1424 4847 1531 4921 eligere
1554 4853 1661 4906 vestras
1683 4863 1730 4908 ec·

902 4949 998 5007 clesioe
1016 4949 1159 5006 idoneum
1178 4951 1387 5023 protectorem,
1407 4945 1460 5021 qui
1472 4946 1536 5004 sins
1550 4946 1624 5005 lucri
1638 4961 1729 5005 saecu·

901 5039 971 5097 laris
986 5038 1140 5097 exactione
1153 5038 1183 5096 id
1197 5037 1306 5096 divinae
1325 5035 1441 5095 virtutis
1459 5040 1580 5094 suanus
1596 5051 1632 5094 ac
1646 5049 1729 5094 rese·

901 5127 1156 5186 renterexhibeat.

938 5226 1131 5284 Decernimus
1146 5239 1217 5295 ergo
1238 5223 1354 5282 utnulli
1369 5224 1493 5283 omnino
1512 5222 1671 5281 hominnm
1695 5221 1730 5280 li·

902 5320 967 5374 cent
984 5314 1141 5388 prefatam
1157 5315 1334 5372 canonicam
1357 5317 1469 5372 temere
1483 5312 1656 5388 perturbare
1677 5315 1729 5371 aut

902 5405 966 5477 eJ'us
981 5404 1183 5478 possessiones
1196 5401 1322 5470 auferre,
1335 5403 1381 5461 vel
1393 5403 1510 5461 ablatas
1522 5403 1658 5471 retinere,
1675 5402 1730 5461 mi·

901 5508 1003 5563 nuere,
1022 5493 1068 5552 rel
1084 5492 1248 5554 temerariis
1275 5491 1482 5553 vexationibus
1501 5491 1649 5568 fatigars;
1674 5492 1728 5554 ssd
