3728 6000
99 199 147 253 hil
594 190 630 246 l).
644 188 772 248 ntdtttu
791 185 1017 248 SCHOldSssCl
1036 186 1243 248 tbootttxsts
1698 191 1746 249 att

102 321 243 387 Dominus,
258 321 406 392 propterea
420 315 515 390 pransi
527 322 571 373 aut
580 316 678 374 coenati
692 315 789 372 fratres
803 315 837 370 ad
859 314 895 370 il·
909 315 939 377 Α
952 324 1122 373 sacramento
1143 316 1252 387 Christi,
1272 314 1405 391 quidquid
1419 315 1575 374 mutationis
1592 316 1686 390 speeie
1704 326 1743 375 te·

105 411 152 467 ind
178 416 377 467 sacramentum
398 405 588 478 accipiendum
616 404 762 463 convenire
790 404 901 484 debent,
950 429 1012 481 nna,
1041 410 1086 468 nel
1105 409 1209 477 formae,
1229 406 1272 464 rel
1291 394 1449 465 ceterarum
1469 407 1632 483 qualitatum
1642 422 1741 465 senso

108 509 156 555 ant
174 501 244 554 sient
255 493 718 569 faciebantqunsApostolusargnit
727 503 754 551 et
764 495 900 563 emendat,
951 501 1036 557 neom
1046 499 1218 567 corrosione,
1238 513 1286 552 seu
1310 497 1455 553 vetustatis
1474 512 1594 565 mucore,
1616 496 1660 552 vet
1679 496 1738 571 qui-

106 588 210 644 mensis
225 586 281 642 suis
296 588 348 641 ista
363 585 493 641 miseere.
523 582 579 641 Sed
592 582 642 639 etsi
665 582 726 654 quis
752 583 902 655 spirituali·
951 590 1110 662 huseunqne
1124 585 1213 643 modis
1227 582 1286 644 fieri
1298 585 1414 654 ridetur,
1439 585 1473 644 ad
1495 587 1659 645 memmenti
1678 590 1741 646 suh.

108 686 151 734 ter
165 678 293 741 refectus,
316 674 351 730 ob
377 673 503 731 eamdem
527 672 692 729 &crtmessli
720 674 902 729 reverentiam
952 678 1089 746 stantiam,
1102 676 1239 732 Christum
1250 674 1362 739 scilicet,
1384 693 1439 735 non
1458 678 1562 751 attinet,
1588 696 1670 753 quem
1689 699 1741 741 aar·

105 765 265 838 aliquandiu
278 762 399 835 jejunet,
414 771 444 818 ut
458 760 556 832 hospiti
566 776 616 817 suo
628 760 734 817 Christo
744 759 833 817 sobria
860 761 903 816 hi·
952 768 1055 826 tissime
1078 765 1178 822 seimus
1209 766 1396 834 incorruptum
1425 783 1585 837 permanere
1605 769 1635 826 in
1656 773 1740 841 eoeliq

106 852 437 919 laritatacondeleetetur,
455 851 556 907 bonum
580 853 633 917 est,
663 851 789 922 quamvis
814 850 904 906 ablata
952 856 1084 931 quidquid
1104 856 1131 911 in
1141 855 1201 926 ejus
1218 863 1389 911 sacramento
1400 855 1559 930 contingere
1573 858 1702 915 videatur
1720 861 1744 917 in

108 943 185 1000 omni
199 938 579 1014 suspicionestercoris,sicut
606 938 780 1007 enteoibnm,
809 938 849 994 sic
876 946 905 994 et
952 947 1047 1006 terrie,
1068 944 1233 1002 sicutenim
1253 943 1280 999 in
1299 944 1409 1017 proprio
1419 960 1543 1018 corpora,
1560 948 1643 1005 modo
1658 951 1745 1006 horn.

107 1037 180 1104 post,
197 1031 224 1085 in
240 1030 360 1102 periculo
370 1029 432 1086 ritae
445 1028 596 1085 constitutis
611 1027 669 1084 dari
692 1027 858 1085 concedatur
880 1027 903 1083 si
953 1038 1041 1101 lenus,
1063 1034 1145 1091 modo
1167 1033 1342 1105 peregrinus,
1363 1032 1445 1090 modo
1473 1036 1647 1106 phantasma,
1670 1047 1746 1110 prout

106 1126 280 1177 uecessoest.
953 1123 1021 1181 fides
1038 1131 1097 1180 erat
1116 1121 1287 1185 intuentium,
1308 1122 1442 1193 apparuit,
1463 1122 1631 1181 extrinsecus
1659 1134 1745 1183 autem

144 1210 198 1266 Sed
215 1215 354 1281 ⁰llll⁰¹¹¹¹m
367 1205 488 1263 haefefifi
506 1204 639 1262 ²Siml¹¹fi
659 1221 744 1277 fines
767 1213 792 1263 0¹
820 1205 904 1261 multa
953 1213 1054 1282 alapas.
1075 1220 1166 1283 sputa,
1178 1208 1287 1283 flagella
1298 1209 1433 1279 sustinuit,
1446 1210 1488 1268 sic
1506 1212 1588 1268 etiam
1603 1213 1746 1286 adproba-

109 1301 172 1354 vina
187 1303 338 1362 sacrenluh
351 1295 398 1351 diu
413 1294 550 1350 h⁰¹¹¹i¹¹0ffl
567 1293 630 1350 inde
651 1309 731 1366 l1⁰S⁸<³
741 1296 846 1358 livere,
875 1300 905 1349 1¹²
955 1306 1057 1360 tionem
1077 1300 1196 1357 fidelium
1217 1307 1244 1354 et
1264 1298 1424 1355 scandalum
1446 1298 1594 1357 infidelium
1619 1304 1746 1374 usquein

107 1403 162 1444 non
177 1386 211 1441 de
226 1384 376 1456 proeleriw,
406 1382 454 1438 sed
477 1382 512 1437 de
527 1383 579 1438 l¹0⁰
602 1382 904 1454 llfaesenlieldiulum
954 1392 1035 1448 tinem
1047 1386 1472 1458 saculitaliaheripermittetin
1497 1405 1546 1446 suo
1565 1401 1745 1459 sacramento,

110 1477 182 1532 rictu
198 1469 526 1537 illumasl¹·u³l¹li¹1l0ri¹.1¹
550 1486 685 1526 secessum
709 1470 825 1527 hlbefe·
856 1471 906 1526 Dl-
954 1483 1025 1538 unde
1045 1479 1124 1536 electi
1144 1488 1330 1541 exerceantur,
1350 1478 1459 1549 reprobi
1479 1477 1656 1537 indurentur.
1682 1482 1747 1537 llum

111 1571 176 1622 eunt
191 1565 275 1620 etiam
284 1561 388 1632 aliquos
399 1576 448 1632 per
463 1558 547 1614 multa
559 1567 679 1631 tempora
703 1559 904 1632 booexpertos,
956 1571 1028 1629 enim
1044 1567 1168 1625 christus
1188 1565 1215 1620 in
1237 1575 1412 1622 sacramento
1435 1566 1597 1636 occultatus,
1622 1576 1747 1642 tuumque

111 1671 143 1711 eo
156 1653 303 1718 desiderio,
323 1650 444 1705 ῦῑθῑῑθῐη
475 1648 502 1702 ln
525 1648 576 1704 ¹¹³⁰
599 1647 654 1703 vill
675 1648 737 1703 ⁰5b⁰
768 1648 906 1704 fllfessllll'
920 1672 1003 1734 Bsua
1023 1657 1182 1731 indignitate
1202 1652 1398 1719 dissimulatus,
1424 1671 1479 1711 non
1499 1656 1589 1712 minna
1610 1665 1700 1714 tamen
1715 1658 1748 1713 ibi

110 1743 245 1814 angtliw»
266 1755 333 1812 (lUOS
352 1755 386 1794 ¹¹0
406 1738 516 1794 (Ῑθῖθθῑῦ
532 1736 648 1808 limisit?
662 1737 761 1804 famis·
781 1738 846 1792 ¹¹²5ss
862 1738 906 1792 in·
956 1748 1155 1813 ereditnrease,
1167 1745 1499 1801 neominorereverentia
1522 1761 1537 1800 a
1561 1744 1689 1802 fidelibus
1704 1763 1748 1804 co·

113 1827 374 1892 firmitatibussolet,
388 1842 527 1883 secessum
540 1825 668 1882 habuisse
691 1827 848 1891 rideantur,
868 1827 906 1881 ita
956 1840 1021 1895 tum·
1032 1857 1039 1905 3
1051 1832 1406 1903 fideshoemodopmbata,
1418 1832 1483 1888 dnm
1504 1842 1596 1890 contra
1618 1835 1748 1909 hocquod

111 1934 158 1975 eos
168 1933 253 1973 carne
268 1921 409 1986 vegetatos
419 1914 460 1968 his
475 1913 544 1969 cibis
564 1920 591 1969 et
612 1912 758 1985 saginatos,
783 1912 853 1969 siout
880 1920 907 1969 et
956 1928 1030 1987 videt
1047 1926 1082 1982 (le
1102 1926 1160 1980 Deo
1179 1922 1268 1990 sentit,
1299 1921 1408 1991 majora
1437 1931 1555 1978 meretur
1579 1922 1749 1980 :infidelitas

111 2006 303 2066 communibus
331 2011 462 2071 astruunt,
495 2009 526 2057 ut
551 2017 611 2057 cum
649 2010 765 2074 negatur
782 2001 906 2058 defectus
957 2025 1044 2077 ,ulem
1056 2010 1668 2084 majorjsuoseandalninduratndamnatur,
1693 2030 1749 2086 φη

108 2096 209 2164 carnis,
230 2095 364 2165 probetur
382 2107 504 2148 ⁵2⁰0⁵⁵¹¹⁵
528 2105 613 2146 ΕΜ)
631 2089 715 2147 fnisse
734 2090 906 2147 ⁰⁰¹¹¹¹¹¹⁰¹¹i⁰·
956 2107 993 2163 ibi
1009 2101 1160 2163 contemnit
1179 2099 1277 2156 Christi
1299 2099 1421 2155 revereri
1447 2099 1635 2169 substantiam,
1660 2102 1707 2158 nbi
1725 2103 1749 2157 in

109 2188 164 2245 nis.
958 2192 1112 2266 repellenda
1144 2187 1307 2245 sacramenti
1337 2189 1380 2242 sui
1400 2188 1572 2259 indignitate,
1592 2190 1695 2247 nullam
1718 2192 1750 2247 ri·

146 2276 211 2343 Sed,
227 2273 288 2328 Deo
304 2274 448 2337 annuente,
460 2285 510 2325 nec
536 2268 575 2324 sic
585 2267 907 2339 vincenthaeretici,quia
957 2283 1094 2352 ἀπίημι,
1105 2279 1263 2351 potentiam.
1276 2276 1329 2333 Sed
1341 2277 1362 2331 sl
1374 2277 1411 2331 ihi
1426 2278 1548 2334 Christus
1568 2278 1611 2335 vel
1622 2296 1678 2336 suae
1688 2297 1750 2353 pm

114 2364 279 2422 eredendum
309 2359 419 2431 quidem
448 2365 499 2425 0⁵2,
531 2356 735 2427 111¹⁰d⁰⁰³¹⁰⁸²is
763 2357 839 2412 “ibid
861 2356 907 2429 (lui
957 2368 1196 2430 sentiaeevidentin
1215 2367 1407 2434 innotesceret,
1431 2366 1539 2424 velsoae
1557 2370 1686 2440 potentiae
1708 2371 1750 2426 mi·

113 2451 219 2510 confert
233 2450 314 2503 vitam
326 2455 457 2502 aeternam
476 2449 575 2516 potest,
598 2443 695 2516 quibus
723 2444 774 2499 sibi
793 2445 906 2516 placue-
957 2461 1055 2521 „culis
1074 2458 1248 2524 claresceret,
1268 2455 1339 2528 quod
1369 2454 1432 2510 fidei
1453 2465 1525 2512 esset
1550 2458 1688 2526 meritum,
1709 2460 1749 2516 cni

114 2542 159 2605 rit,
189 2537 313 2596 conferre
342 2534 522 2605 temporalem
540 2549 547 2603 ;
564 2534 624 2600 sed,
645 2550 679 2589 nc
699 2533 905 2606 indigestionem
957 2569 1013 2609 Μ,
1032 2546 1200 2622 cognitionis
1219 2555 1275 2601 qam
1297 2545 1471 2602 manifestum
1491 2546 1569 2602 staret
1588 2549 1749 2621 experimen.

114 2630 182 2687 solvi
192 2628 327 2690 credetur,
340 2624 385 2694 qni
399 2622 507 2678 defectu
523 2622 613 2678 carnis
628 2638 685 2678 suae
696 2637 832 2678 secessum
863 2623 906 2678 fa·
957 2641 1039 2701 „uns

113 2718 277 2782 citinlirmn,
302 2714 337 2769 de
349 2713 408 2784 ipsa
419 2727 500 2767 carne
512 2727 564 2767 nec
577 2718 667 2766 tamen
689 2711 833 2767 deficiente
852 2727 906 2767 nnn
993 2737 1033 2793 ᾗ(
1051 2733 1135 2791 „qam
1155 2724 1305 2799 ,liquando
1318 2725 1473 2792 hujusmodi
1484 2725 1645 2800 indignius,
1661 2729 1695 2786 ad
1707 2746 1750 2801 pn.

111 2817 198 2884 potest
215 2819 352 2862 secessum
369 2799 812 2871 daresanotSmepunneiduae
831 2800 906 2872 lecy-
956 2825 1085 2882 niendnm
1114 2818 1159 2877 ,01
1187 2815 1376 2885 corrigendam
1401 2814 1586 2872 minaeorum
1615 2818 1750 2892 negligen.

112 2902 173 2955 thns
192 2893 417 2956 consumebatur,
443 2904 493 2945 neo
504 2887 678 2943 minuebatur
690 2903 697 2952 ;
711 2897 736 2943 et
756 2889 823 2960 qnid
852 2887 906 2942 mi·
956 2917 1032 2981 gam,
1052 2926 1101 2984 pro
1120 2923 1154 2963 00
1174 2903 1247 2979 qums
1267 2919 1368 2973 corpus
1380 2903 1750 2979 Dominijnffignemcqqqe.

110 3004 170 3045 rum
190 2987 212 3041 ai
223 3000 272 3055 per
282 2981 350 3036 tanti
369 2978 422 3035 cibi
442 2978 568 3034 virtutem
588 2992 652 3032 caro
674 2976 789 3046 alicujus
809 2993 904 3032 come·
959 3005 1019 3063 „ng
1032 3002 1179 3058 ,oleoque
1193 2993 1391 3051 ecelesiastieas
1409 2993 1617 3065 regulasminns
1638 3004 1748 3066 attente,

110 3077 198 3132 dentis
217 3080 244 3129 et
267 3076 420 3142 vegetetur,
441 3075 468 3122 et
496 3070 613 3129 crescat,
635 3072 661 3121 et
679 3065 827 3136 digeratur,
853 3080 904 3122 nec

108 3165 217 3222 deliciet
231 3163 245 3218 ‘l
256 3160 382 3230 Quinque
394 3172 478 3227 panes
489 3153 638 3210 hordeacei
653 3162 713 3224 post
736 3155 903 3209 saturitatem

107 3255 227 3327 quinque
264 3249 378 3304 millium
416 3244 556 3300 hominnm
584 3258 670 3314 usque
695 3242 729 3297 ad
749 3242 904 3314 implendos

107 3340 255 3399 duodecim
267 3337 399 3408 cophinos
421 3337 565 3391 creverunt
579 3347 586 3401 ;
598 3339 624 3387 et
635 3347 695 3387 oum
713 3330 761 3397 illi,
782 3333 839 3387 Deo
860 3331 904 3403 ju·

108 3433 199 3500 bente,
213 3429 240 3484 in
252 3442 299 3482 sua
318 3423 525 3494 consumptione
544 3419 698 3490 acceperint
715 3429 902 3492 augmentum,

108 3521 174 3593 quid
186 3520 283 3574 mirum
299 3515 322 3568 si
337 3515 433 3568 eodem
459 3510 567 3566 volente
587 3525 653 3566 caro
673 3512 791 3564 humana
809 3509 836 3563 in
855 3525 905 3563 sua

108 3612 261 3682 digestione
280 3618 335 3658 non
353 3602 470 3672 patiatur
488 3598 624 3654 defectum
638 3597 774 3668 inliquos
794 3598 904 3668 quidem

109 3695 266 3753 demoniis
288 3691 408 3745 Patribus
427 3689 546 3758 legimus
571 3686 673 3741 nullum
692 3685 766 3740 aliud
785 3685 905 3740 edulium

111 3790 257 3845 sumentes,
280 3779 338 3834 sola
359 3775 549 3833 communione
570 3775 712 3830 Dominica
732 3773 830 3829 diebus
848 3775 905 3831 Do·

111 3868 358 3933 minieisrefeetos,
379 3864 471 3919 multis
493 3864 572 3917 annis
596 3863 705 3931 vixisse,
726 3862 796 3918 sicut
820 3863 905 3917 liliam

113 3957 307 4018 infortitudine
327 3954 380 4010 cibi
396 3952 468 4006 illius
488 3967 568 4021 quem
593 3951 710 4022 angelus
730 3953 906 4007 ministrave-

115 4059 166 4115 rat,
187 4045 371 4118 quadruginta
386 4040 482 4094 diebus
492 4040 629 4109 Jejunasse
641 4039 690 4095 till
706 4041 768 4111 lleq.
781 4041 838 4107 xix)
858 4040 907 4095 sed

114 4139 193 4208 cujus
213 4133 342 4207 potentia,
363 4130 415 4184 nisi
435 4129 515 4193 illius,
537 4128 599 4199 qnia
618 4128 711 4181 omnin
739 4143 907 4200 quecunque

115 4223 274 4284 voluitfecit
293 4221 320 4274 in
340 4217 410 4274 coelo
430 4224 456 4272 et
480 4217 508 4270 in
529 4224 600 4270 terra
618 4215 633 4267 ‘l
652 4211 705 4283 Qui
725 4217 798 4269 enim
818 4216 852 4271 de
867 4216 908 4271 ni·

114 4317 170 4374 bilo
191 4313 253 4370 fecit
271 4309 373 4373 omnia,
385 4306 673 4376 sicutpotestoarnem
694 4304 767 4359 alere
782 4305 841 4360 sine
852 4320 909 4362 car·

115 4407 171 4463 nali
183 4406 266 4469 vieto,
278 4399 319 4454 sio
340 4397 421 4453 etiam
447 4397 473 4451 ei
502 4396 569 4449 dare
585 4409 728 4449 secessum
743 4393 800 4449 sine
810 4393 908 4450 carnali
922 4388 953 4454 D

196 4501 236 4547 tu.

114 4495 208 4639 defgd
236 4580 331 4635 iterum
360 4581 501 4647 opponunt
525 4570 645 4628 heretici
674 4572 710 4627 ad
740 4573 807 4628 tanti
824 4589 913 4630 sacra-

122 4672 206 4730 menti
223 4667 421 4740 indignitatem,
437 4662 511 4734 quod
537 4660 616 4731 panis
635 4669 663 4716 et
680 4661 771 4716 vinum
791 4662 818 4716 in
836 4678 914 4718 sacra

118 4768 211 4820 ntento
227 4757 362 4813 mucidum
375 4752 417 4809 vel
432 4751 566 4824 putridum
579 4748 635 4821 liat,
652 4751 731 4821 panis
758 4765 775 4804 s
794 4752 914 4807 muribus

122 4849 293 4912 corrodatur,
309 4853 335 4899 et
350 4845 481 4900 iuventte
504 4856 604 4896 eorum
623 4839 787 4906 inveniatur,
804 4840 914 4912 ignibus

118 4938 394 5000 etiamoomburatur.

159 5027 213 5086 Sed
224 5025 296 5096 quia,
318 5018 579 5091 utaithogustinus,
600 5016 661 5073 ideo
680 5022 847 5073 sacramenta
871 5014 916 5071 di·

121 5137 229 5190 cuntur,
242 5121 305 5196 qnia
329 5119 355 5174 in
376 5117 499 5173 eisaliud
519 5115 636 5186 videtur,
654 5113 727 5170 aliud
747 5111 915 5185 intelligitur,

119 5227 155 5283 ita
166 5221 238 5294 quod
263 5218 292 5272 lit
305 5216 332 5271 in
344 5214 392 5281 eis,
409 5213 488 5268 aliter
498 5211 614 5278 videtur,
643 5209 725 5267 aliter
743 5209 915 5282 intelhgitur.

121 5322 195 5378 Sient
215 5315 328 5372 enimin
354 5310 474 5382 quolibet
484 5326 596 5381 corpore
606 5308 663 5364 sine
675 5308 839 5367 detrimento
849 5310 917 5365 sub·

121 5418 235 5482 stantim,
252 5413 349 5469 albedo
361 5408 512 5482 nigredine,
524 5407 565 5463 vel
586 5406 718 5479 quelibet
733 5407 847 5480 qualitas
867 5424 918 5464 stt·

120 5513 298 5595 perveniente
325 5506 463 5567 contraria
486 5505 618 5581 qualitate
637 5505 800 5580 dispellitur,
823 5506 862 5564 sie
886 5506 917 5564 in

957 3091 1112 3151 valdiutins
1131 3101 1212 3156 qunm
1231 3082 1363 3138 deberent
1373 3082 1548 3138 servaverint.
1564 3085 1665 3141 Nonne
1678 3086 1749 3142 enim

958 3196 1069 3245 nranna,
1090 3178 1113 3232 ai
1137 3175 1165 3230 in
1186 3174 1298 3229 alterum
1317 3178 1472 3225 servaretur
1491 3172 1562 3226 diem
1588 3174 1749 3244 putrifiebat,

958 3269 1022 3341 quio
1032 3265 1211 3324 interdictum
1224 3268 1307 3318 erata
1319 3259 1438 3315 Domino
1459 3279 1466 3324 ;
1487 3269 1514 3315 et
1528 3269 1618 3318 tamen
1630 3263 1653 3318 si
1665 3264 1751 3335 pridie

959 3357 1071 3415 Sabbati
1091 3354 1246 3418 collectum,
1267 3349 1400 3421 usquein
1420 3347 1566 3404 Sabbatum
1587 3362 1750 3416 servaretur,

958 3449 1143 3516 incorruptum
1163 3437 1352 3512 permanebat,
1371 3437 1435 3508 quia
1464 3437 1501 3493 sie
1521 3447 1578 3495 erat
1599 3440 1751 3498 institutum

958 3536 1050 3593 abeo.

994 3621 1132 3694 Quidquid
1143 3634 1211 3693 ergo
1221 3618 1402 3674 deformitatis
1420 3619 1445 3673 in
1466 3617 1564 3674 Christi
1583 3629 1753 3677 sacramanto

960 3712 1104 3785 contigerit
1124 3710 1218 3779 speeie
1238 3714 1325 3772 tenus,
1346 3723 1401 3762 non
1431 3707 1512 3763 debet
1537 3709 1654 3763 nnobis
1676 3707 1754 3765 tidem

960 3812 1123 3871 extorquere
1143 3796 1265 3852 veritutis
1283 3798 1351 3863 ejus,
1373 3795 1435 3868 quia
1456 3796 1502 3868 qni
1521 3796 1549 3851 in
1569 3813 1689 3868 corpore
1708 3812 1755 3855 suo

960 3907 1020 3947 cum
1033 3904 1114 3945 verns
1134 3888 1207 3942 Dens
1226 3893 1306 3948 esset,
1319 3885 1403 3939 multa
1423 3884 1533 3957 indigna
1555 3886 1673 3957 pertulit,
1686 3886 1754 3942 nibi-

960 3978 1087 4042 lominus,
1108 3977 1135 4031 in
1152 3982 1323 4031 sacramento
1341 3990 1393 4029 suo
1413 3975 1541 4044 perferet,
1553 3975 1755 4047 quamvisrera

961 4067 998 4123 ibi
1022 4065 1065 4121 sit.
1087 4065 1122 4122 Ut
1140 4063 1212 4119 enim
1241 4061 1278 4117 nit
1305 4062 1455 4134 Gregorius
1475 4062 1503 4117 in
1514 4061 1630 4134 Dialogc
1639 4066 1757 4136 suoffle

961 4156 1020 4213 mil.
1040 4156 1074 4210 att
1092 4154 1120 4209 in
1149 4152 1308 4223 Evangelia,
1329 4160 1347 4207 t.
1369 4154 1391 4219 l,
1416 4151 1466 4207 col.
1498 4153 1589 4222 lost),
1611 4152 1640 4209 in
1668 4153 1758 4225 specie

962 4243 1065 4316 leprosi
1076 4241 1199 4298 Christus
1210 4241 1338 4311 llartyrio
1348 4238 1482 4295 monacho
1493 4241 1630 4311 appamit,
1643 4243 1758 4313 quicum

964 4332 1104 4404 bajulatus
1124 4328 1158 4384 de
1178 4326 1249 4385 collo
1259 4329 1319 4397 ejus
1330 4325 1493 4392 evanuisset,
1505 4327 1758 4402 subsequenterait:

970 4446 981 4472 n
1003 4421 1073 4492 Quia
1091 4435 1147 4475 nou
1175 4434 1219 4473 me
1238 4416 1381 4482 erubuisti,
1401 4430 1418 4471 o
1436 4417 1556 4489 Martyri,
1578 4418 1702 4488 interra,
1714 4434 1760 4476 nec

970 4509 1196 4584 egoerubeseere
1217 4515 1242 4562 te
1260 4505 1348 4562 debeo
1374 4505 1402 4559 in
1422 4505 1503 4562 coelo,
1531 4526 1542 4558 i
1565 4505 1633 4576 Quia
1643 4508 1727 4581 igitur
1737 4509 1770 4563 in'

968 4605 1139 4659 sacramento
1168 4595 1268 4654 Christi
1298 4594 1436 4666 quaslibet
1456 4594 1634 4668 indignitates
1664 4596 1761 4655 debeat

968 4688 1139 4754 embesoere,
1160 4702 1222 4742 eum
1239 4684 1612 4757 prodignaajusreverentia
1623 4687 1762 4744 ooelestem

968 4775 1214 4836 remunerationem
1245 4773 1342 4829 debeat
1361 4772 1484 4829 obtinere
1503 4774 1517 4827 ‘l
1537 4772 1630 4831 Senex
1649 4775 1761 4835 Simeon

969 4863 1122 4925 salvatoris
1141 4863 1216 4935 qnasi
1237 4863 1342 4918 brutam
1361 4869 1388 4918 et
1415 4862 1581 4918 insensatem
1607 4861 1759 4930 infantiam,

965 4957 1065 5027 jusque
1088 4953 1190 5011 exilem
1218 4960 1245 5007 et
1263 4950 1381 5006 debilem
1402 4967 1483 5021 quam
1511 4950 1539 5005 iu
1558 4951 1630 5007 ulnis
1649 4953 1763 5029 gerebat

968 5043 1093 5107 formam,
1111 5042 1264 5111 vilibusque
1284 5038 1383 5111 pannis
1401 5039 1518 5095 obsitam
1537 5055 1687 5111 personam
1711 5058 1765 5102 non

968 5131 1121 5197 attendens,
1139 5130 1309 5200 majestatem
1331 5128 1446 5185 Deitatis
1465 5129 1493 5183 in
1518 5129 1626 5185 tantillo
1647 5145 1764 5203 corpora

970 5220 1082 5293 agnovit
1100 5227 1127 5276 et
1145 5218 1267 5288 eredidit,
1284 5217 1431 5275 Dominum
1451 5219 1566 5284 vocavit,
1588 5234 1620 5274 se
1644 5220 1766 5290 ejusser·

971 5325 1035 5364 vum
1054 5306 1193 5380 professus
1220 5315 1269 5377 est,
1296 5316 1324 5362 ut
1344 5307 1377 5362 ab
1397 5322 1429 5363 eo
1452 5306 1479 5362 in
1500 5322 1566 5378 pace
1585 5307 1767 5366 dimitteretur

970 5405 1069 5477 oravit,
1081 5405 1200 5464 salutare
1212 5406 1292 5462 Daiei
1313 5405 1406 5463 videre
1426 5404 1576 5478 perbibuit,
1597 5405 1688 5467 lumen
1708 5423 1767 5464 assa

969 5503 1005 5564 ad
1017 5504 1211 5565 revelationem
1233 5501 1353 5561 omnium
1362 5501 1495 5577 gentium,
1507 5501 1660 5587 etgloriam
1676 5503 1769 5579 plebis
