3728 6000
149 196 217 255 aas
838 184 982 247 succan
999 183 1038 241 111
1057 183 1158 241 rara
1796 180 1837 237 ns
1863 138 1864 168 ³

147 337 179 379 se
193 336 288 395 quam
304 320 336 377 in
356 319 413 377 sibi
432 319 571 386 subditis,
596 334 615 376 s
635 332 818 392 quocunque
844 312 1007 372 volueritn
1025 309 1236 382 parochiarum
1255 309 1308 367 liat
1319 307 1466 374 conlusio,
1480 306 1630 380 prasenti
1645 304 1838 376 decretaapo

147 411 290 483 episcopo
312 409 469 478 catholico,
494 413 522 466 at
545 409 673 479 gratiam
695 405 867 480 apostolicae
891 401 972 459 sedis
1025 398 1135 454 stolicis
1154 399 1233 455 sadis
1256 397 1439 463 auctoritate,
1455 396 1625 453 statuimus
1641 398 1675 451 ut
1691 394 1837 466 quicunqa

147 498 279 565 habenti,
296 499 444 571 suscipiet.
460 497 541 554 Plebi
560 512 632 554 vero
646 496 684 554 de
706 495 803 553 Casuli
818 493 925 565 llajore
940 490 970 546 iu
1025 486 1063 542 de
1083 487 1263 559 supradictis
1276 485 1426 560 parochiis
1440 486 1478 542 de
1492 501 1554 541 una
1569 484 1613 541 ad
1629 484 1730 540 aliam
1746 482 1839 539 domici

146 587 226 645 nullo
237 586 680 660 subjacebil.0mueshominas
692 585 730 642 de
740 588 870 659 quatuor
882 579 971 648 villis,
1026 576 1098 632 lium
1114 594 1203 633 suum
1220 576 1410 643 transtulerit,
1422 575 1462 631 ab
1473 574 1526 631 illa
1551 573 1689 630 ecclesia
1705 572 1839 629 omniadi

147 675 244 734 casali
272 676 415 743 videlicet,
438 676 514 733 Villa
535 676 768 742 Rarsnensium,
797 674 907 741 curgo,
943 674 973 726 et
1027 666 1263 739 viaspercipiat,
1288 666 1327 723 ad
1353 666 1441 737 cujus
1467 663 1652 736 parochiam
1675 661 1838 718 domiciliis

147 764 220 821 Villa
233 765 271 822 dc
294 763 437 833 Scurolis,
454 770 578 838 excepto
594 766 708 832 banno,
724 768 752 819 ct
773 758 970 826 lombarello,
1025 755 1212 812 transtulisse
1226 754 1402 812 constiterit.
1415 752 1491 810 Nulli
1515 768 1592 821 ergo
1613 752 1750 808 omnino
1771 751 1839 807 boui

147 857 176 911 et
188 853 302 910 iamilia
316 853 502 927 camparelli,
516 853 630 926 lupuli,
646 859 737 925 atque
750 851 859 907 liberti
871 850 971 905 Ferra-
1025 860 1099 901 uum
1113 845 1200 901 liceat
1210 844 1300 916 bujus
1309 849 1414 900 nostre
1437 841 1637 899 diffinitionis
1654 839 1803 912 pagiuam
1818 846 1839 895 c
1863 845 1864 870 ¹

146 942 192 1009 rii,
212 942 252 1000 ad
270 943 443 1017 predictam
463 942 618 998 ecclesium
645 940 682 997 de
707 938 880 1010 cicognaria
909 942 970 994 tam
1026 934 1154 991 merario
1169 949 1246 991 ausu
1259 932 1428 1003 intringere,
1439 947 1493 987 seu
1505 928 1707 1004 quibuslibet
1723 927 1839 984 ruolesii
1863 937 1864 970 t

145 1031 208 1088 vivi
222 1047 315 1105 quam
335 1031 426 1088 etiam
442 1031 552 1087 mortui
571 1045 627 1104 pro
642 1029 841 1102 percipiendis
857 1027 971 1085 cunctis
1026 1022 1210 1095 parturbare.
1224 1022 1328 1094 Siquis
1343 1021 1432 1090 igitur
1446 1020 1475 1076 iu
1490 1018 1632 1075 iuturum
1642 1017 1794 1075 adversus
1804 1017 1838 1073 in

146 1119 351 1192 spiritualibus
372 1119 491 1176 vadant.
510 1122 548 1177 lie
568 1119 637 1175 villa
653 1125 754 1176 autem
776 1117 813 1174 de
829 1116 969 1183 barcello,
1026 1113 1261 1185 presumpserit,
1282 1109 1415 1166 secundo
1428 1109 1551 1165 tertiove
1565 1106 1838 1170 commonionem·

147 1207 297 1281 Stephano
311 1209 349 1264 de
364 1212 488 1280 Aggere,
506 1208 668 1274 llodaleua,
685 1213 712 1264 at
727 1207 852 1274 osberti,
867 1211 896 1262 ct
918 1208 972 1262 lio·
1025 1201 1056 1257 iu
1070 1198 1462 1272 presumptionesuadigna
1472 1195 1836 1261 satisiacboneeorrerert

146 1300 237 1362 ctore,
253 1300 283 1353 et
295 1295 485 1370 barbalongi,
500 1303 527 1354 et
541 1302 671 1370 quatuor
683 1296 766 1353 caste
778 1296 815 1353 de
830 1293 969 1360 Baroello,
1024 1289 1262 1360 indignationem
1275 1286 1488 1360 omnipotentis
1500 1285 1552 1341 Dei
1567 1290 1599 1341 et
1612 1284 1778 1341 beatorum
1787 1285 1836 1339 leli

146 1390 174 1441 et
187 1387 288 1442 Petrus
303 1385 400 1442 abbas
413 1391 441 1442 et
456 1391 587 1456 cognata
601 1401 665 1452 sua,
682 1386 711 1441 iu
725 1385 830 1441 eadem
847 1383 971 1440 ecclesia
1025 1384 1053 1434 et
1068 1377 1150 1434 Pauli
1166 1376 1371 1450 apostolorum
1386 1375 1451 1446 ejus
1461 1375 1610 1439 incurrat,
1627 1379 1726 1445 atque
1739 1373 1767 1428 iu
1780 1380 1836 1429 etc

146 1472 184 1529 de
196 1473 372 1546 cicognaria
382 1474 570 1546 sepeliantur.
586 1478 639 1532 Pro
651 1473 765 1530 caeteris
778 1489 850 1530 vero
864 1473 970 1530 divinis
1024 1482 1065 1524 uo
1077 1467 1215 1526 examine
1230 1465 1369 1522 districta
1388 1463 1491 1520 ultioni
1506 1462 1683 1534 subjaceat.

145 1565 207 1618 tam
220 1561 288 1634 ipsi,
301 1576 395 1634 qnam
409 1563 508 1619 caeteri
524 1564 659 1634 ejusdem
676 1562 751 1618 villar
766 1562 917 1628 homiues,
931 1562 970 1618 ad
1060 1559 1167 1615 Datum
1180 1558 1326 1627 Signiam
1342 1556 1410 1611 ldus
1424 1552 1514 1617 lunii,
1526 1551 1750 1609 indictionexr
1763 1552 1834 1621 (int

145 1650 302 1707 ecclesiam
323 1651 360 1707 de
383 1653 473 1708 Fossa
493 1651 635 1723 capraria
653 1651 853 1726 percipiendis
873 1652 968 1708 ibunt.
984 1661 1007 1716 Β
1167 1647 1262 1703 Locus
1276 1645 1379 1716 Sipitti
1392 1645 1413 1715 †
1428 1641 1554 1713 appensi
1566 1641 1738 1712 deperditi.

145 1739 277 1797 Ecclesia
294 1739 330 1796 de
350 1741 525 1812 cicognaria
541 1741 726 1798 decimarum
748 1747 887 1815 quartam
904 1757 970 1813 par·
1390 1742 1484 1797 Dlllll.

146 1833 216 1896 tem,
230 1827 305 1885 sicul
318 1829 464 1886 hactenus
478 1831 580 1896 tenuit,
588 1846 708 1903 semper
720 1830 882 1904 possideat.
894 1831 971 1887 AEili·
1026 1833 1217 1903 confirmatio
1225 1829 1522 1889 adnocals'arcibotia
1534 1829 1572 1886 rte
1581 1829 1707 1885 Aitolia
1723 1828 1835 1897 interim

147 1916 248 1975 ficium
268 1918 357 1975 etiam
372 1919 429 1977 sub
453 1919 586 1976 ecclesia
601 1920 723 1976 nomine
744 1924 850 1977 contra
869 1936 970 1978 sacros
1025 1906 1234 1977 WWCOPW
1246 1900 1831 1972 Bambttlletittmssdt'mpsst‘t'ttlrwlffl·

146 2022 289 2072 canones,
305 2013 334 2064 et
348 2009 416 2066 nori
431 2009 530 2082 operis
544 2009 812 2075 denuntiationem,
828 2008 906 2066 iufra
918 2026 971 2082 pa·
1266 2002 1365 2072 (Anno
1378 2000 1457 2065 ¹¹52.
1469 2001 1536 2055 1⁰¹1·
1555 1998 1615 2071 ¹5·)

145 2096 280 2154 rochiam
289 2096 326 2154 de
336 2098 559 2169 cicognariain
571 2097 814 2155 veterisacelesiae
823 2099 970 2156 damnum
1203 2091 1410 2165 [nocumenta
1423 2087 1523 2159 Boica,
1538 2088 1587 2152 ΧΙ,
1597 2087 1680 2160 168]

145 2188 582 2259 constructum,dcstruendum
592 2188 712 2261 penitus
719 2188 969 2259 judicavimus.Si
1060 2195 1195 2249 Euarnius
1210 2189 1382 2262 episcopus,
1403 2202 1505 2243 servus
1518 2201 1684 2243 serrorum
1700 2186 1762 2255 Dei,
1774 2200 1838 2241 rene

144 2290 215 2332 vero
226 2276 552 2334 necessitasbominum
562 2276 637 2333 villae
648 2276 686 2334 de
696 2277 824 2334 ltarcello
831 2278 968 2350 exegerit,
1024 2281 1109 2339 rabili
1123 2280 1204 2336 tratri
1220 2280 1386 2335 Esaaaiaoo
1395 2274 1638 2343 babenbergensi
1652 2275 1839 2348 episcopans

144 2365 221 2422 iuter
239 2365 378 2423 eamdem
392 2366 494 2423 villam
513 2373 542 2423 et
561 2369 682 2423 Fossam
701 2367 872 2439 caprariam
886 2371 970 2424 extra
1023 2369 1114 2426 lutam
1130 2374 1157 2424 et
1172 2366 1369 2440 apostolicam
1388 2362 1649 2420 benedictionem.

147 2453 321 2527 parochiam
343 2454 381 2511 da
402 2455 580 2525 Cioognaria
601 2457 829 2512 Cremonensem
855 2455 968 2527 episco-
1060 2462 1130 2525 oua
1144 2474 1162 2513 a
1177 2457 1297 2527 regibus
1312 2452 1429 2510 velaliis
1440 2450 1595 2508 catholicis
1609 2452 1841 2524 principibusdc

147 2556 219 2616 pum
241 2543 399 2599 ecclesiam
421 2544 569 2600 aedificare
591 2544 799 2616 permittimus.
820 2547 859 2603 Ne
881 2544 969 2616 igitur
1023 2546 1151 2604 sotionis
1165 2545 1272 2602 intuitu
1286 2548 1315 2599 et
1329 2541 1496 2599 rationabili
1516 2541 1717 2614 providentia
1730 2540 1842 2612 legitime

182 2665 272 2747 (tw)
286 2667 437 2723 Laudatur
448 2666 568 2723 iubisca
581 2667 689 2725 tabulis
701 2667 865 2726 bullal'auli
877 2672 969 2740 lpou-
1023 2672 1088 2728 ista
1098 2666 1410 2743 qnidamnolaeomnis
1420 2664 1627 2736 vitiiexpertes
1636 2664 1776 2721 dicendas
1786 2664 1839 2719 sint

146 2737 245 2802 tiliois,
270 2739 469 2807 allargarino
490 2739 629 2809 evulgata
643 2746 714 2795 tom.
739 2740 762 2794 ll
778 2741 889 2797 Bullar.
914 2743 969 2796 ca·
1023 2742 1126 2800 Nescio
1141 2756 1179 2798 au
1194 2740 1228 2795 iis
1245 2739 1431 2809 temporibus
1447 2736 1477 2792 in
1494 2752 1550 2791 usu
1574 2742 1661 2791 esset
1677 2737 1771 2809 (quod
1796 2750 1838 2815 se·

146 2808 434 2891 sinensaonstilut.
463 2813 489 2877 ⁹,
523 2813 569 2893 cul
607 2810 773 2893 innituntur
804 2810 969 2894 primordia
1023 2806 1838 2894 culopraecipueduodecimousurpatumluitlutbnlla

145 2881 731 3009 inutili.titillantia.
747 2881 829 3018 iti,
843 2888 968 3024 liiii
1022 2881 1510 3013 illiti}titillationi
1533 2880 1840 3022 ccccliiii

146 3022 219 3078 mibi
233 3028 392 3103 occurrunt
403 3029 465 3081 tam
480 3024 611 3096 antiquas
625 3022 769 3079 libertatis
785 3024 846 3078 sive
861 3025 969 3079 immu·
985 2998 1005 3052 C
1023 3020 1839 3098 decretaaccederetsubscriptioepisooporurnRomana

144 3093 244 3150 uitatis
259 3094 422 3167 privilegia,
440 3096 539 3152 haereo
559 3111 574 3151 a
594 3094 728 3164 vestigio,
744 3099 773 3151 ct
785 3095 908 3150 insidias
921 3110 966 3152 ve·
1023 3097 1195 3170 provincia,
1209 3101 1237 3152 et
1255 3094 1463 3150 cardinalium.
1483 3093 1540 3149 cur
1559 3107 1636 3158 ergo
1653 3093 1707 3149 bic
1726 3093 1840 3174 episcopt

145 3164 229 3229 ritus,
247 3165 320 3238 quid
345 3167 414 3223 certi
432 3171 562 3222 statuam
577 3181 638 3222 nou
661 3167 767 3223 habeo.
790 3166 854 3223 llihi
876 3167 906 3223 in
933 3182 969 3223 ea
1023 3167 1293 3239 alienaprorinciee
1310 3162 1569 3234 seiugeruutiQui
1583 3164 1695 3221 Romae
1712 3165 1753 3220 ilii
1767 3163 1840 3219 simol

145 3235 227 3293 Pauli
240 3236 251 3291 l
265 3236 350 3294 bulla
371 3241 449 3294 nota
463 3238 682 3309 chronologica
702 3239 841 3295 tenebras
855 3243 967 3295 creant.
1024 3247 1188 3304 versantur,
1205 3238 1356 3309 iidemque
1369 3250 1505 3300 numero,
1516 3234 1570 3306 qui
1585 3237 1699 3291 decem
1763 3240 1789 3290 st
1800 3248 1841 3290 au·

144 3309 255 3379 Nempe
270 3308 414 3365 dicitur:‹
432 3310 711 3366 Datavnllaleudas
724 3309 968 3374 Novembrisim·
1023 3328 1078 3369 nos
1090 3309 1397 3382 Sigualtipatriarcbae
1408 3305 1585 3377 tabulaspro
1595 3307 1713 3363 eodem
1746 3307 1841 3361 rixianc

143 3385 268 3451 perante
282 3380 395 3436 domno
409 3382 543 3445 Augusto
558 3382 753 3438 Constantino
769 3397 786 3436 a
806 3381 865 3436 lieo
884 3396 967 3437 coro·
1022 3383 1206 3510 garibauoue
1219 3381 1346 3436 emissas
1364 3375 1563 3434 confirmanti
1579 3379 1715 3449 insuper
1731 3378 1781 3452 qui
1795 3390 1842 3432 rer·

145 3456 216 3507 nato
229 3464 341 3521 magno
355 3452 543 3523 imperatore,
559 3467 640 3508 auno
654 3466 737 3518 xxnr,
760 3453 812 3507 sed
827 3458 855 3507 ct
874 3452 967 3508 Leone
1045 3456 1069 3510 is
1080 3454 1168 3526 plane
1181 3454 1287 3508 iisdem
1302 3452 1417 3522 utrique
1431 3449 1539 3505 chartae
1552 3446 1843 3520 subscribumtllpi-

145 3520 325 3595 imperatore
334 3522 394 3578 lilio
404 3524 479 3595 ejus,
491 3538 609 3587 annox,
623 3523 783 3579 indictione
792 3523 898 3592 prima,
911 3523 967 3579 hoc
1023 3530 1239 3597 scoposautem
1248 3523 1314 3579 iilos
1326 3520 1505 3593 aquileiensi
1513 3520 1684 3590 provinciae
1694 3518 1842 3597 egotribui.

144 3599 188 3649 est
201 3609 283 3651 auno
294 3593 400 3650 Christi
412 3599 474 3660 762,
488 3595 512 3649 si
527 3610 546 3649 a
561 3593 728 3667 Septembri
743 3593 868 3650 indictio
890 3609 968 3650 nova
1022 3599 1074 3653 sed
1090 3595 1300 3653 tantummodo
1315 3593 1455 3649 divinans
1469 3591 1632 3655 :uuucaim
1654 3591 1775 3648 nullum
1785 3590 1843 3646 niu

144 3663 274 3721 deducta
293 3669 345 3732 ast,
367 3669 418 3722 aut
433 3681 513 3721 auno
531 3667 594 3730 763,
617 3667 641 3721 si
659 3665 766 3721 cadem
789 3681 807 3722 a
828 3665 968 3722 Kalendis
1022 3683 1125 3725 eorum
1152 3667 1308 3738 vestigium
1334 3678 1465 3735 usquam
1488 3676 1662 3728 occurrere,
1678 3675 1841 3737 quanquam

143 3735 292 3792 ianuariis
319 3736 474 3793 exordium
500 3735 636 3808 sumpsit.
661 3735 808 3802 labbeus,
836 3744 907 3792 lom.
935 3736 968 3791 Vl
1021 3739 1172 3811 Sigualtus
1191 3736 1302 3792 scribat
1320 3751 1351 3791 se
1390 3732 1554 3803 rivilcgium
1572 3732 1651 3788 illud
1681 3733 1841 3793 concedere.

144 3805 311 3873 concilim,
327 3822 397 3879 pag.
416 3810 493 3875 roto,
508 3806 646 3877 ejusdem
659 3808 738 3863 Pauli
752 3806 764 3861 l
776 3809 886 3864 litteras
902 3822 969 3879 pro-
1024 3829 1038 3864 s
1058 3809 1311 3866 concordantibus
1331 3750 1418 3862 neiis
1439 3804 1697 3861 reverentissimis
1711 3808 1807 3879 episoo
1824 3802 1841 3856 is

142 3875 351 3960 lert‚·acriptas
365 3901 379 3928 a
394 3878 484 3936 Nonis
496 3879 657 3949 Februarii,
675 3879 840 3951 imperante
854 3879 969 3935 domno
1023 3883 1133 3939 nostris
1150 3895 1156 3936 :
1177 3901 1190 3933 s
1207 3885 1236 3935 et
1250 3877 1358 3934 Paulus
1368 3891 1448 3948 papa
1462 3876 1562 3931 itidem
1577 3875 1721 3934 affirmet
1735 3894 1768 3934 se
1779 3818 1841 3932 ldi-

142 3961 278 4021 pussrmo
306 3952 441 4020 Augusto
468 3950 661 4007 constantino
686 3964 705 4005 a
738 3950 797 4006 [teo
827 3955 970 4009 coronato
1024 3946 1509 4021 cisse,«concordantibusuobis
1531 3949 1841 4005 reverentissimisoo·

143 4034 257 4090 maguo
275 4019 466 4094 imperatore,
486 4037 567 4077 anno
590 4037 630 4086 xi,
650 4025 679 4076 ct
698 4029 764 4092 post
778 4020 968 4078 consulatum
1023 4024 1173 4098 episcopis
1187 4021 1308 4079 uostris.
1323 4042 1337 4074 s
1350 4023 1422 4076 Nam
1436 4017 1517 4091 quod
1541 4018 1744 4076 llabillonlus
1757 4021 1784 4075 in
1797 4021 1841 4073 tlu-

144 4089 210 4158 aius
225 4104 305 4147 anno
319 4107 358 4146 xx
379 4091 536 4164 (sinaxis),
554 4091 605 4147 sed
627 4099 656 4148 et
673 4092 768 4148 Leone
789 4093 969 4164 imperatore
1024 4095 1106 4152 nalib
1133 4093 1328 4150 benedictinis
1343 4091 1381 4147 ad
1397 4105 1510 4146 annum
1532 4088 1596 4156 772,
1611 4112 1626 4139 s
1649 4090 1842 4164 Apollinarem

143 4161 209 4244 ejus
226 4160 285 4216 lilio
306 4176 387 4218 auno
411 4177 458 4227 ru,
476 4162 637 4219 indictione
656 4179 702 4219 ru.
724 4183 739 4216 n
761 4166 809 4219 list
825 4171 853 4219 et
875 4164 965 4222 altera
1023 4160 1598 4249 Regieusem,lnlianumPlacentinum»
1612 4158 1841 4219 cbartoeillisub·

143 4231 278 4303 eJusdam
301 4232 384 4290 Pauli
407 4233 416 4289 l
437 4249 524 4306 papae
544 4235 625 4291 bulla
639 4233 721 4306 apud
742 4235 903 4300 labbeum,
920 4236 968 4292 cui
1024 4236 1179 4306 scripsisse
1192 4234 1277 4298 dixit,
1292 4233 1457 4289 divinando
1471 4231 1552 4287 dlxii.
1571 4233 1605 4286 ltt
1624 4233 1708 4303 quid
1731 4233 1842 4289 retent

142 4303 968 4379 subscripserecomplurestumepiscopi,lumcardina·
1024 4309 1157 4381 [legiensi
1170 4312 1199 4364 ct
1214 4306 1385 4362 Placentino
1402 4303 1550 4376 episcopis
1573 4318 1647 4359 cum
1686 4301 1841 4375 patriarcis

143 4372 186 4432 les
200 4381 311 4432 sanctie
327 4377 469 4434 Romanae
486 4377 662 4434 Ecclesiae«
679 4379 752 4433 Data
764 4393 790 4433 lv
806 4380 905 4433 Nonas
919 4380 968 4436 Ju-
1023 4379 1203 4453 Aquileiensi
1216 4377 1370 4450 illenique
1384 4375 1702 4448 petendumsupercst
1713 4390 1769 4431 cur
1781 4391 1798 4431 a
1811 4373 1842 4428 Si·

141 4446 857 4519 nii,imperantedomuoConstantinoAugusto
876 4450 967 4505 alteo
1023 4451 1135 4521 gualdo
1161 4447 1331 4523 patriarcba
1366 4447 1556 4518 impetratum
1584 4450 1632 4501 est
1664 4447 1841 4517 privilegien

142 4523 285 4576 coronato
298 4534 408 4590 magno
420 4520 609 4591 imperatore,
621 4534 701 4576 anno
712 4535 812 4580 rui.ex
824 4535 886 4592 quo
898 4535 966 4577 cum
1022 4514 1164 4589 iilud,cui
1181 4520 1339 4577 nibil'uris
1353 4523 1417 4573 erat
1431 4518 1460 4573 in
1477 4514 1648 4573 Brixianam
1680 4516 1841 4577 direcesimt

143 4594 227 4662 patre
255 4605 383 4674 regnare
411 4592 511 4674 coepit,
537 4596 565 4648 et
591 4596 658 4663 post
685 4590 875 4647 consulatum
902 4593 968 4661 ejus
1022 4536 1842 4675 cinonpotimailediolmcnslarchiepiscopmcmsul

141 4662 968 4814 tlt?itliliiltli.illiltlinllittuilt
1021 4656 1843 4817 ccciiiiccliiiiiciiiiilitcciii'ici'i

141 4802 291 4869 Brixiaao,
307 4809 337 4860 at
362 4820 397 4860 ue
413 4804 554 4862 decernat
572 4820 610 4861 au
627 4805 679 4860 rite
700 4803 803 4860 omnia
824 4812 961 4878 pergant.
1021 4809 1161 4872 nasleria,
1177 4805 1313 4861 brixiano
1323 4809 1465 4860 asceterio
1484 4800 1617 4857 addicta.
1634 4802 1798 4887 Utcunque
1810 4808 1844 4857 te-

142 4874 201 4932 Sed
213 4873 340 4931 tortasse
376 4875 660 4947 argarinus,inaliis
695 4882 965 4943 arnmaccnratus,
1022 4875 1414 4945 meusit,etabulisnuper
1433 4887 1512 4928 ama
1530 4871 1660 4943 prolatis
1689 4873 1843 4931 didicimus

142 4944 588 5019 nebicquidempergamenam
599 4946 652 5003 rite
683 4946 966 5019 ascripseritlluum
1022 4964 1103 5006 anno
1127 4949 1197 5004 litt
1223 4946 1382 5018 probatum
1411 4943 1503 4999 lirisse
1528 4946 1632 5000 llomae
1657 4945 1841 5016 privilegium

144 5020 244 5097 nmen
258 5018 493 5099 superest,quod
506 5034 554 5075 me
570 5020 665 5087 magis
677 5017 806 5075 dubium
818 5018 876 5075 bac
890 5020 919 5076 iu
936 5035 967 5077 re
1022 5018 1102 5077 l’anli
1121 5023 1131 5075 l
1146 5035 1241 5091 papie,
1255 5023 1400 5090 tanquam
1415 5014 1580 5093 legitimum
1603 5024 1842 5093 monumentum.

144 5087 244 5147 elficit.
271 5089 416 5147 Nnnirum
447 5090 526 5146 Pauli
556 5090 566 5144 l
596 5088 748 5165 privilegio
775 5090 967 5148 subscribunt
1022 5091 1198 5163 utiliumque
1212 5087 1370 5145 memorari
1382 5086 1842 5158 juscelictumcremonensiept·

142 5159 332 5233 Apollinaris.
358 5161 435 5226 Otto,
459 5161 604 5227 lulianus,
629 5160 713 5226 Felix,
731 5164 761 5217 et
781 5160 854 5217 alter
877 5161 965 5229 Felix,
1022 5178 1115 5235 scopo
1129 5154 1841 5240 inecclesiamcicognaria:quodproiectocun

143 5232 276 5315 episcopi
297 5246 433 5288 ornasse
457 5231 755 5304 provincialortassis
777 5232 965 5305 Aquileiensi,
1021 5233 1146 5291 decretis
1182 5230 1402 5289 claromontani
1431 5227 1560 5293 concilii,
1593 5225 1731 5302 aliisque
1758 5227 1843 5286 litteris

143 5318 212 5360 cum
228 5308 287 5359 sint
300 5304 319 5359 ii
334 5302 391 5376 ipsi
404 5303 456 5375 qui
472 5303 624 5376 privilegio
636 5303 829 5360 subscribunt
844 5304 965 5373 Sigualti
1021 5302 1180 5378 pontificiis
1205 5303 1373 5359 consentire
1396 5299 1519 5356 minime
1547 5296 1677 5356 ridetur.
1708 5302 1842 5359 caeteras

143 5374 329 5498 satriarcbec,
345 5375 424 5432 edito
440 5373 470 5430 in
493 5375 600 5432 eodem
617 5374 745 5431 bullario
759 5376 920 5440 casinensi,
938 5382 966 5433 et
1020 5384 1110 5434 etiam
1118 5370 1554 5448 postillstemporamultorum
1572 5371 1796 5443 episcoporum
1809 5372 1841 5442 ja

165 5449 225 5511 ato,
249 5450 280 5501 ut
298 5443 338 5503 ibi
357 5445 384 5502 le
407 5444 475 5515 itur,
493 5468 509 5498 a
528 5462 609 5503 auno
628 5444 864 5519 Desideriigregis
877 5464 923 5504 xiv
937 5455 966 5506 ei
1019 5446 1196 5519 reviguisse
1217 5442 1480 5516 deprehenduntur
1498 5442 1527 5497 in
1545 5446 1739 5503 monasteria
1756 5450 1784 5502 et
1795 5456 1841 5501 nro

145 5512 263 5587 adelgis
280 5530 340 5580 nv,
358 5462 519 5573 inflictione
534 5515 767 5585 1n,tertioldus
782 5517 928 5586 Octobris,
949 5540 964 5574 n
1019 5518 1145 5588 nacbos,
1161 5531 1198 5574 ac
1212 5515 1363 5589 praecipue
1371 5512 1542 5572 Mediolani.

141 5580 200 5640 boc
218 5590 263 5642 ast
280 5600 361 5645 anno
380 5586 488 5645 christi
503 5591 565 5655 tlt,
583 5587 631 5646 rel
650 5591 712 5653 773,
734 5602 910 5663 quanquam
925 5605 964 5649 ue
