3728 6000
143 208 195 267 395
639 202 829 264 GUlLLllblll
851 202 994 262 taetus
1013 203 1044 263 S.
1068 201 1291 264 tttttouotttCt
1734 210 1788 268 800

144 334 238 386 autem
258 343 338 386 nemo
365 328 473 401 cogitat,
486 337 513 381 et
535 341 592 382 non
618 336 699 383 amat.
731 329 846 398 Semper
872 343 938 385 vero
950 329 980 390 Α
994 327 1100 383 ιοιιιιι
1114 329 1235 399 patribus
1257 328 1285 381 in
1299 326 1445 398 prophetis,
1460 326 1609 384 norlssime
1622 327 1718 385 diebus
1731 328 1791 385 istis

141 418 304 474 inhiandum
326 424 376 483 cst,
393 425 421 471 ut
440 423 568 486 quantum
588 416 681 471 datum
704 417 793 483 luerit,
818 424 942 487 gustetur
994 415 1150 487 loqueretur
1164 415 1279 471 nobisin
1295 414 1363 471 Filio
1378 415 1474 485 (Hebr.
1490 417 1509 485 ι)
1526 432 1533 472 :
1549 416 1602 472 bac
1616 423 1658 472 est
1670 415 1790 472 efficaci·

145 524 228 579 quam
250 505 343 563 suavis
366 512 405 561 est
436 504 582 571 Dominus,
597 520 658 559 cum
687 521 752 561 vero
781 521 858 560 mens
886 503 940 575 pia,
994 509 1047 571 ter,
1059 505 1128 559 sieut
1141 504 1170 559 iu
1184 505 1244 576 ipso
1258 502 1354 560 Verbo
1368 520 1427 570 suo,
1438 504 1501 574 quia
1516 505 1590 574 quod
1603 505 1792 575 temporaliter

146 612 226 651 mens
248 594 367 660 humilis,
380 592 485 649 admitti
508 608 562 648 non
590 600 711 649 meretur
732 594 763 648 in
777 593 851 650 illam
865 592 941 663 puri-
995 601 1021 647 ιι
1034 593 1208 663 corporaliter
1221 592 1249 647 in
1271 608 1304 648 eo
1320 590 1413 660 fiebat,
1435 593 1511 663 quasi
1534 594 1568 649 ad
1587 595 1792 665 suscipiendum

148 693 240 753 tatem,
255 691 367 754 propter
381 697 458 738 suum
480 681 673 751 impuritatem,
690 683 733 737 vel
748 682 771 736 si
791 681 943 736 admittitur
996 682 1122 736 manibus
1145 681 1210 736 fidei
1234 681 1413 754 porrigebat:
1430 683 1519 753 ipsum
1542 687 1635 738 autem
1660 684 1792 753 Verbum,

144 773 179 828 ad
212 773 391 845 gustandum,
412 787 466 828 uon
499 769 596 826 sufficit
627 778 700 826 stara
732 771 766 825 ad
799 770 942 825 fruendum
994 786 1043 842 per
1058 770 1130 839 quod
1151 769 1297 825 factasunt
1320 771 1418 837 omnia,
1435 787 1485 842 per
1508 771 1790 842 corporaliaattem-

146 870 256 932 propter
266 876 343 915 suam
359 861 579 927 imbecillitatem,
588 875 643 914 non
657 859 719 914 sine
729 859 832 928 gemitu
843 858 942 913 amoris
994 858 1096 930 paralia
1107 858 1259 930 purgandis
1269 860 1462 929 promittebat:
1477 868 1504 915 ιι
1514 862 1638 933 purgatis
1647 863 1677 915 in
1687 870 1790 918 aetarne

146 957 173 1004 et
197 950 323 1020 lacrymis
346 949 458 1017 doloris,
475 950 540 1005 iude
564 949 690 1018 pellatur,
709 956 737 1003 at
765 948 943 1018 amplectatur
995 947 1161 1002 beatitudine
1176 947 1280 1017 plenius
1292 949 1527 1019 contemplandum
1541 956 1566 1005 et
1582 950 1734 1005 habendum
1750 966 1792 1006 re·

144 1038 293 1093 bonitatem
310 1038 417 1093 Domini
436 1039 471 1091 ad
486 1038 657 1107 disciplinam
673 1055 679 1089 :
696 1036 845 1092 bonitatem
867 1037 894 1090 in
909 1050 942 1090 eo
995 1036 1131 1091 servabat.
1143 1036 1196 1092 Ubi
1210 1037 1279 1091 sicut
1289 1037 1408 1091 Christus
1418 1053 1473 1091 non
1488 1038 1636 1094 seeundum
1651 1039 1789 1094 bominem

149 1128 220 1199 quod
234 1127 348 1197 indigua
362 1127 529 1196 admittitur3
546 1126 726 1196 disciplinam,
744 1126 816 1198 quod
831 1127 943 1196 repulsa
994 1134 1190 1197 cognoscetur;
1207 1126 1248 1181 sic
1258 1133 1284 1180 et
1299 1126 1343 1181 trio
1357 1142 1373 1181 ιι
1385 1126 1604 1182 desiderantibus
1619 1127 1789 1198 aliquatenus

148 1217 270 1274 eruditur
295 1232 301 1270 :
327 1216 451 1284 feratque
477 1215 611 1285 patienter
638 1215 756 1286 quandiu
783 1215 940 1282 mundatur,
995 1229 1056 1269 cum
1073 1231 1153 1285 supra
1172 1214 1310 1270 bominem
1334 1230 1501 1287 cognoscere
1522 1215 1614 1272 verbis
1632 1231 1693 1288 quae
1708 1216 1742 1272 de
1756 1232 1790 1272 eo

147 1315 174 1364 et
188 1305 299 1376 dignam
310 1321 339 1360 se
354 1304 510 1374 iaciatque
524 1304 644 1360 crebrius
658 1303 826 1370 admittatur,
842 1303 943 1357 diutius
995 1309 1057 1357 sunt
1077 1318 1131 1357 non
1148 1303 1230 1357 nimis
1251 1303 1424 1369 inhaereatur,
1441 1304 1490 1359 scd
1505 1304 1545 1360 eis
1559 1304 1636 1374 quasi
1649 1304 1760 1377 navigio
1773 1318 1791 1359 tt

147 1396 326 1451 immoretur:
343 1394 390 1448 ubi
405 1402 429 1449 et
450 1393 598 1464 aliquando
613 1393 640 1447 iu
663 1401 794 1448 aeternum
820 1393 941 1447 babitare
995 1389 1047 1446 tide
1060 1392 1092 1445 ad
1108 1393 1228 1463 speciem
1243 1400 1410 1447 transeatur.
1434 1393 1500 1448 Cum
1517 1393 1589 1448 enim
1604 1393 1708 1460 dicitur,
1724 1393 1792 1465 quia

147 1493 294 1552 mercatur,
318 1491 348 1538 ut
369 1483 454 1555 possit
475 1499 535 1537 esse
556 1483 583 1536 in
608 1482 724 1546 Clrristo,
736 1482 782 1536 ubi
806 1483 863 1552 ipsc
878 1489 939 1551 est;
998 1503 1009 1529 o
1028 1482 1148 1536 Peterin
1164 1482 1239 1547 Filio,
1256 1489 1281 1537 et
1296 1482 1378 1536 Filius
1391 1482 1418 1536 in
1435 1483 1511 1536 Patre
1525 1490 1568 1537 est
1581 1483 1671 1552 (loun.
1688 1485 1789 1551 xvu),s

145 1574 173 1629 in
189 1575 265 1628 Patre
280 1589 341 1627 esse
356 1587 417 1627 cum
429 1572 487 1637 illo,
500 1572 527 1625 in
542 1585 595 1642 quo
611 1571 669 1642 ipse
684 1580 733 1626 est.
745 1572 823 1639 Quod
834 1586 888 1626 non
901 1577 943 1625 est
994 1569 1089 1640 stipsi
1104 1570 1132 1624 iu
1143 1571 1221 1625 nobis
1238 1614 1245 1636 ,
1262 1578 1288 1624 ct
1302 1586 1353 1625 nos
1373 1571 1400 1625 iu
1414 1571 1492 1641 ipsis,
1509 1571 1533 1625 si
1553 1571 1719 1627 verbotenus
1735 1572 1794 1626 baea

143 1663 224 1731 hujus
240 1663 312 1729 vitae,
323 1660 371 1716 sed
387 1662 445 1728 ejus
459 1661 486 1714 in
503 1675 557 1732 qua
578 1660 712 1714 ridebitur
726 1660 805 1715 sicuti
820 1667 861 1714 est
876 1679 881 1713 :
897 1660 941 1714 vi·
955 1683 984 1746 B
996 1658 1183 1729 intelligimus,
1205 1659 1269 1728 quid
1292 1659 1343 1713 nisi
1368 1659 1471 1713 idolum
1493 1659 1521 1713 in
1544 1660 1672 1715 cordibus
1695 1660 1793 1714 nostris

143 1751 263 1817 debitur,
279 1758 469 1822 cognoscetur,
485 1765 539 1803 non
558 1749 693 1804 credetur.
717 1749 824 1804 Utinam
839 1748 941 1803 intelli·
996 1747 1184 1802 fabricamus?
1201 1749 1268 1802 Cum
1283 1747 1355 1801 enim
1377 1746 1454 1803 locus
1468 1748 1500 1802 sit
1521 1748 1665 1820 unicuique
1679 1748 1725 1802 ubi
1740 1754 1792 1814 est,

142 1856 269 1912 geremus
298 1855 356 1908 quae
383 1838 509 1894 dicimus.
525 1837 605 1891 Videt
636 1839 703 1901 liaeo,
729 1836 855 1908 iutelligit
882 1837 942 1891 haec
993 1837 1017 1890 si
1034 1853 1067 1890 ex
1081 1836 1124 1890 his
1139 1836 1228 1891 verbis
1242 1838 1393 1908 cogitamus
1406 1837 1495 1892 locum
1514 1837 1557 1892 vel
1577 1838 1662 1892 locale
1685 1837 1750 1908 quid
1766 1837 1794 1891 in

144 1929 240 1985 beatus
255 1928 379 1999 populus,
396 1928 442 1998 qui
463 1927 514 1981 scit
534 1924 737 1995 jubilationem,
752 1926 799 1998 qui
821 1925 942 1979 ambulat
994 1925 1053 1980 Deo
1068 1926 1151 1997 longe
1174 1942 1189 1979 a
1212 1925 1325 1980 veritate
1347 1926 1514 1981 aberramus.
1534 1925 1608 1981 Sicut
1630 1926 1716 1998 igitur
1734 1925 1793 1993 jam

142 2017 170 2072 iu
197 2016 297 2071 lumine
322 2016 410 2071 vultus
433 2016 493 2069 Dei,
509 2016 570 2068 Non
599 2030 664 2068 vcro
689 2015 773 2069 verbu
792 2022 938 2080 jactamus,
993 2012 1094 2068 dictum
1111 2021 1151 2068 est
1165 2014 1224 2069 siva
1248 2014 1277 2068 in
1292 2014 1382 2069 verbis
1403 2014 1462 2069 sive
1481 2014 1508 2068 in
1532 2015 1678 2070 verborum
1698 2013 1794 2069 lormis

142 2107 231 2164 verbis
247 2106 419 2169 involvimur,
436 2112 463 2158 et
487 2102 651 2172 impedimur
667 2102 700 2155 ab
716 2118 748 2156 eo
762 2102 833 2172 quod
857 2101 939 2156 nullis
993 2116 1048 2156 non
1064 2118 1162 2173 parum
1178 2101 1326 2173 proficitur,
1344 2103 1366 2157 si
1381 2103 1418 2156 nil
1435 2104 1463 2156 in
1478 2103 1559 2158 corde
1575 2103 1726 2175 cogitatum
1742 2117 1794 2172 pro

141 2195 232 2253 verbis
248 2193 362 2264 exprimi
378 2199 467 2261 potest
483 2209 489 2247 :
507 2200 636 2246 ettamen
661 2206 714 2244 non
730 2190 780 2244 nisi
800 2189 892 2247 verbis
905 2190 939 2244 de
993 2190 1052 2245 Deo
1067 2191 1206 2261 recipitur,
1217 2192 1288 2260 quod
1304 2191 1360 2261 ipse
1376 2206 1429 2247 non
1443 2199 1493 2257 est,
1503 2192 1622 2264 quandiu
1637 2206 1692 2246 nou
1703 2199 1794 2262 potest

142 2301 175 2339 ao
188 2283 289 2352 aliquid
304 2281 357 2336 dici
372 2288 471 2351 potest.
491 2281 558 2334 Siras
579 2280 651 2333 erum
667 2278 769 2333 lormss
789 2277 874 2333 verba
888 2278 940 2333 ha·
993 2279 1108 2350 cogitari
1125 2278 1209 2343 Deus,
1226 2279 1304 2334 sicuti
1324 2287 1374 2333 cst.
1391 2279 1446 2334 Sed
1470 2296 1530 2335 cum
1558 2279 1627 2334 alius
1650 2280 1684 2334 sit
1698 2281 1791 2346 Pater,

138 2374 204 2427 beut
227 2372 255 2425 in
283 2368 468 2441 signiticandis
497 2368 579 2422 robus
608 2367 634 2420 in
664 2366 799 2422 locutione
815 2385 822 2433 ;
838 2375 865 2422 et
893 2383 939 2422 eas
992 2367 1062 2421 alins
1079 2367 1169 2431 lilius,
1189 2369 1240 2422 hoc
1259 2376 1299 2422 cst
1318 2382 1379 2423 esse
1395 2369 1500 2422 Patrem
1529 2369 1556 2422 in
1584 2369 1659 2434 Filio,
1676 2368 1703 2422 id
1729 2383 1795 2424 csse

141 2460 290 2532 imaginant
318 2459 346 2512 iu
374 2457 508 2529 loquentis
534 2456 577 2513 rel
605 2456 740 2510 audientis
771 2456 937 2526 cigitationc.
993 2456 1065 2524 quod
1082 2461 1123 2510 cst
1141 2456 1244 2518 Filius;
1260 2457 1388 2511 hocesse
1408 2456 1504 2511 Filium
1528 2457 1554 2510 in
1577 2458 1666 2523 Patre,
1681 2456 1710 2511 id
1732 2471 1794 2512 esse

139 2550 176 2605 Et
195 2564 257 2604 cum
273 2546 428 2618 significant
451 2546 554 2600 formas
579 2552 605 2599 et
627 2545 753 2609 formata,
769 2552 887 2598 mentem
903 2543 938 2597 ab
993 2544 1067 2615 quod
1090 2546 1169 2600 Pater
1183 2552 1232 2600 est.
1256 2546 1311 2599 Nos
1332 2561 1399 2600 vero
1422 2562 1514 2600 sumus
1539 2545 1566 2599 in
1581 2545 1621 2599 eis
1644 2561 1695 2615 per
1720 2545 1793 2615 piam

140 2636 319 2693 interioribus
338 2636 396 2689 suis
410 2635 483 2690 laras
500 2636 606 2688 trabunt
620 2634 654 2687 ad
678 2649 734 2699 res,
751 2649 863 2706 quarum
879 2633 940 2703 ipsa
993 2630 1173 2700 ellectionem,
1191 2635 1243 2705 ipsi
1262 2649 1328 2690 vero
1351 2634 1472 2689 innubis
1493 2650 1543 2705 per
1566 2633 1794 2690 misericordissi-

139 2725 220 2798 aigna
234 2732 307 2779 sunt.
328 2726 395 2778 Cum
420 2738 485 2778 veru
508 2739 599 2777 rerum
627 2721 806 2792 spiritualium
836 2722 878 2777 vel
894 2722 938 2775 di·
993 2737 1066 2775 mam
1082 2720 1190 2791 pietatis
1216 2722 1274 2791 ejus
1297 2723 1496 2792 operationum.
1516 2722 1573 2778 Sed
1597 2730 1624 2776 ιι
1638 2721 1684 2777 illa
1708 2722 1796 2778 verba

141 2815 265 2871 vittarum
281 2813 361 2885 signs
384 2819 456 2877 sunt,
474 2811 545 2865 intus
560 2809 672 2882 quidem
695 2827 744 2865 nos
759 2812 877 2878 mittunt,
892 2810 939 2864 sed
994 2810 1113 2873 Domini,
1127 2819 1153 2865 ct
1175 2811 1234 2866 ιιι
1257 2818 1351 2865 nostra
1366 2811 1412 2865 illa
1436 2810 1598 2881 exponentia
1614 2827 1664 2866 usu
1688 2811 1731 2866 vel
1747 2826 1797 2866 rs·

78 2902 81 2906 '
139 2903 210 2958 intro
222 2918 277 2957 non
292 2902 342 2956 nisi
358 2901 522 2970 impediunt,
539 2904 566 2954 et
579 2899 664 2954 oculis
683 2900 781 2953 mentis
795 2899 940 2971 caliginem
992 2899 1066 2955 tione
1088 2899 1230 2954 docuimus
1251 2899 1342 2955 dicere
1361 2915 1393 2954 os
1415 2907 1594 2966 nostramet
1614 2899 1732 2971 cogitare
1746 2916 1797 2955 cor

141 2992 290 3047 obducunt.
311 2991 355 3046 Sic
369 2990 440 3045 enim
456 2997 572 3043 mentem
594 2988 716 3042 admissu
731 2988 853 3044 inliciunt
868 2989 940 3041 ima·
995 2996 1115 3043 nostmm
1128 2989 1235 3057 quotics
1248 2988 1454 3059 volumusque
1470 2995 1631 3043 tamennon
1647 2988 1796 3060 aliquando

141 3079 325 3150 ginationibus
348 3078 454 3147 sciant
479 3079 524 3132 vix
547 3075 607 3131 siue
634 3075 675 3130 eis
698 3077 812 3148 cogitari
836 3036 1183 3148 possintcintclligimus,
1199 3076 1249 3129 nisi
1275 3092 1326 3147 per
1350 3075 1462 3132 allectus
1485 3076 1691 3147 experientiam,
1709 3086 1735 3131 ct
1749 3077 1796 3131 ln-

142 3167 292 3240 spiritualia
307 3167 349 3224 vel
371 3167 472 3235 divina,
485 3180 599 3236 quarum
621 3165 702 3221 nullae
725 3166 832 3236 penitus
846 3165 941 3221 formae
995 3163 1124 3219 terioram
1156 3179 1263 3218 sensum
1291 3164 1391 3219 amoris
1420 3164 1572 3233 illuminati,
1602 3164 1653 3220 etsi
1681 3164 1796 3220 multum

142 3257 186 3314 vel
200 3257 334 3329 imagines
348 3263 418 3311 sunt.
997 3251 1119 3308 velimus.
1139 3253 1203 3308 ldeo
1218 3253 1276 3323 ipse
1301 3253 1432 3307 Dominus
1445 3269 1579 3324 apparens
1594 3254 1621 3308 iu
1645 3270 1728 3309 carne
1742 3256 1795 3309 lm-

178 3345 471 3418 ludgunensis
499 3344 564 3416 quid
592 3345 656 3399 est?
685 3344 790 3398 Nomen
819 3342 937 3398 timoris.
995 3339 1087 3407 minis,
1104 3339 1172 3395 sicut
1191 3341 1225 3395 de
1240 3341 1342 3396 mnudo
1360 3342 1469 3396 abstulit
1483 3342 1628 3398 vanitatem
1651 3344 1794 3410 idolomm,

145 3434 277 3492 Dominus
292 3434 357 3506 quid
373 3435 434 3488 cst‘l
458 3432 564 3488 Nomen
580 3433 731 3503 potcstatis.
753 3433 781 3488 Si
796 3432 837 3487 rei
855 3432 942 3502 ipsius
997 3430 1037 3484 sic
1049 3428 1112 3484 ditm
1129 3429 1338 3501 cogitationibus
1353 3431 1440 3486 Deum
1464 3432 1602 3502 proposuit
1616 3432 1644 3486 in
1666 3431 1797 3489 Trinitatc

146 3539 247 3580 nomen
279 3522 409 3591 requiris,
445 3544 457 3568 α
484 3522 543 3593 Ego
576 3537 649 3589 sum,
673 3519 769 3591 iuquit,
807 3521 853 3592 qui
882 3535 943 3574 sum
996 3520 1140 3583 unitatem,
1156 3518 1312 3573 Trinitatem
1333 3519 1360 3573 iu
1376 3519 1486 3584 unitate,
1503 3520 1645 3592 fulgurans
1666 3536 1797 3578 corusca-

148 3611 249 3681 (tired.
265 3612 348 3679 ιιι.»
367 3611 424 3664 Hoc
443 3624 553 3672 nomen,
566 3610 638 3665 sicut
652 3610 712 3680 ipse
725 3609 800 3677 dicit,
816 3608 841 3664 ei
853 3615 895 3664 est
909 3608 945 3663 ab
999 3606 1196 3663 tiodirinitatis
1227 3623 1337 3663 ornnem
1366 3608 1425 3663 tulit
1451 3623 1467 3663 a
1493 3610 1657 3681 cogitatione
1684 3608 1798 3667 lidcide

149 3698 234 3764 initio,
251 3698 314 3770 quia
337 3697 372 3751 ad
395 3696 602 3768 significandam
626 3712 692 3763 rcm,
709 3697 812 3751 nullum
841 3697 866 3751 ci
891 3696 944 3751 ali-
998 3696 1056 3751 Deo
1078 3696 1221 3750 vanitatem
1241 3696 1456 3768 imaginationis.
1482 3697 1549 3752 Cum
1561 3698 1633 3753 cuim
1647 3698 1798 3754 divinitatis

150 3785 259 3858 quando
280 3785 393 3839 verbum
416 3785 529 3854 propius
545 3785 674 3840 accessit.
699 3786 863 3840 Nontamen
878 3785 946 3840 sicut
999 3783 1161 3839 intellectum
1189 3785 1281 3841 docuit
1309 3801 1367 3840 csse
1396 3802 1477 3856 supra
1496 3786 1630 3855 homines,
1655 3804 1704 3843 suo
1732 3788 1798 3844 inde

149 3882 191 3929 est
206 3872 345 3942 exprimit,
362 3872 425 3944 quia
440 3872 595 3943 pertransit,
607 3873 680 3944 quod
695 3881 785 3928 autem
799 3872 943 3946 significat,
999 3872 1081 3928 modo
1105 3873 1196 3929 docuit
1219 3875 1337 3945 cogitare
1361 3874 1497 3930 homines.
1517 3874 1616 3930 Omnia
1639 3890 1704 3948 ergo
1726 3875 1799 3932 lacta

151 3968 194 4017 ιιι
206 3968 347 4027 arternum,
363 3974 414 4013 nec
428 3960 508 4029 plene
522 3959 588 4014 illud
603 3958 750 4031 significat,
767 3960 817 4015 nisi
833 3961 945 4016 verbum
999 3960 1043 4016 vel
1059 3962 1141 4018 verbu
1149 3961 1233 4017 Verbi
1242 3962 1291 4016 Dei
1302 3978 1384 4017 unum
1397 3962 1474 4017 nobis
1484 3964 1596 4019 verbum
1607 3973 1669 4019 snut
1681 3982 1688 4030 ;
1705 3965 1798 4020 omnia

152 4058 325 4105 coaetcruum.
343 4049 383 4102 De
399 4047 460 4118 ipso
474 4063 540 4120 ergo
563 4047 649 4102 multa
670 4049 761 4103 multis
781 4049 890 4104 edicere
905 4048 947 4103 las
1000 4066 1061 4123 qnae
1075 4050 1109 4104 de
1124 4064 1156 4104 cc
1170 4048 1297 4121 legimus,
1313 4050 1447 4119 audimus,
1461 4050 1607 4122 loquimur,
1620 4052 1796 4121 meditamur,

152 4144 201 4204 est,
219 4137 307 4207 ipsum
323 4143 412 4191 autem
432 4135 476 4190 cui
498 4143 597 4206 practer
616 4136 730 4207 ipsum?
748 4139 831 4192 Amor
846 4146 946 4205 tamen,
999 4138 1056 4192 sire
1070 4138 1244 4207 provocanda
1266 4153 1396 4209 amorem,
1413 4140 1471 4194 sive
1488 4138 1646 4195 iucrrtiendo
1661 4141 1796 4212 timorem,

153 4239 232 4280 amor
253 4224 427 4292 illuminatus,
443 4224 489 4296 qui
517 4224 590 4277 intus
612 4224 669 4279 Deo
698 4225 825 4297 loquitur,
851 4225 949 4281 melius
1000 4226 1132 4280 aduttum
1148 4242 1197 4281 nos
1213 4227 1368 4297 vocant,ad
1390 4243 1472 4282 unum
1491 4243 1539 4282 nos
1562 4228 1679 4297 mittunt,
1695 4230 1730 4285 de
1743 4246 1798 4302 quo

151 4314 206 4369 ιιοι
220 4312 301 4385 agit;
327 4318 354 4367 et
368 4312 475 4366 humilis
497 4312 614 4380 devotio,
631 4313 709 4382 cujus
731 4321 844 4368 conatus
862 4314 949 4384 pietus
1001 4312 1087 4368 multa
1109 4314 1245 4380 dicuntur,
1261 4324 1286 4370 et
1310 4315 1376 4370 nibil
1400 4314 1508 4381 dicitur,
1525 4315 1591 4389 quia
1619 4316 1694 4372 adid
1723 4318 1798 4390 quod

153 4410 205 4466 est,
231 4416 359 4457 accessus
380 4401 476 4468 oratio,
492 4401 623 4466 inventio,
644 4402 686 4457 vel
712 4401 874 4469 intellectus,
890 4402 948 4473 ipsa
963 4398 987 4451 D
1003 4410 1051 4470 est,
1068 4418 1122 4458 non
1137 4403 1301 4473 pervenitur,
1316 4404 1368 4458 nisi
1382 4412 1508 4460 occurrat
1522 4405 1582 4477 ipse
1597 4404 1643 4478 qui
1657 4408 1796 4476 queritur,

152 4491 193 4546 rei
208 4490 302 4545 fruitio
315 4489 361 4544 ubi
383 4488 546 4560 colloquitur
560 4488 673 4544 allectus
687 4498 713 4544 et
724 4492 820 4561 gratia,
836 4505 948 4561 respon·
1002 4497 1029 4546 et
1051 4490 1183 4546 illuminet
1206 4492 1310 4547 vultum
1338 4509 1418 4547 suum
1445 4509 1528 4564 super
1554 4509 1614 4561 nos,
1631 4500 1658 4548 et
1681 4494 1798 4550 illustret

154 4580 218 4634 dent
230 4578 281 4632 sibi
293 4577 360 4632 tides
373 4585 400 4631 et
413 4576 566 4632 intellectus
581 4594 589 4631 t
605 4594 669 4648 spes
679 4585 706 4633 et
718 4594 762 4632 res
775 4579 947 4645 conveniunt,

155 4665 344 4722 misericordia
356 4672 383 4720 et
403 4665 503 4720 veritas
519 4664 630 4721 obviant
649 4665 710 4732 sibi,
732 4666 834 4735 justitia
849 4673 876 4721 ct
894 4680 949 4737 pax

154 4772 183 4811 se
203 4755 365 4811 osculantur.
383 4753 440 4807 Sed
460 4754 523 4826 qnia
544 4752 612 4808 fidas
632 4755 713 4808 nutrit
736 4769 868 4820 amorem,
884 4770 949 4826 quae

153 4852 227 4899 sanat
238 4843 272 4898 ad
283 4844 342 4898 ιιι
356 4840 465 4897 oculum
479 4841 586 4907 mentis,
601 4841 676 4914 quod
688 4840 873 4915 intelligimus,
890 4842 949 4897 sina

155 4932 323 4987 obscuritate
345 4931 495 5001 capiamus,
521 4929 593 5001 quod
614 4946 668 4986 uon
690 4930 876 5003 intelligimus,
891 4931 949 4987 sine

154 5019 329 5091 ambiguitate
343 5019 488 5074 credamus
501 5034 551 5074 uec
565 5034 582 5073 a
595 5019 686 5075 verbis
704 5021 816 5075 omnino
831 5020 948 5076 reccda-

153 5134 223 5185 mus,
239 5116 359 5188 quaudiu
382 5116 564 5172 nescientibus
578 5132 673 5173 eorum
695 5117 845 5173 ministerio
865 5118 949 5190 inge-

153 5219 220 5272 ritur
232 5214 314 5271 nobis
338 5215 410 5285 qnod
425 5215 515 5270 verbis
536 5215 616 5272 nobis
639 5216 841 5288 percipiendum
856 5225 905 5284 est,
922 5224 949 5273 ιι

154 5318 243 5366 amen
270 5312 329 5366 aine
352 5310 425 5367 omni
443 5312 586 5368 verborum
601 5312 689 5369 torma
719 5312 884 5369 credendum
908 5320 950 5369 est

153 5409 240 5465 nabis.
253 5409 323 5465 Nam
338 5418 364 5465 et
375 5409 437 5465 ideo
460 5409 580 5466 Verbum
595 5411 647 5466 Dei
669 5410 696 5466 iu
716 5412 805 5468 lormtt
831 5410 950 5468 bominis

151 5506 286 5580 apperuit,
300 5513 330 5567 ut
344 5505 518 5568 multifariam
532 5506 680 5583 multisque
694 5508 784 5569 modis
793 5508 859 5569 olim
873 5511 946 5570 Deus

1002 4578 1100 4635 taciem
1115 4596 1201 4647 suam,
1218 4580 1288 4635 utin
1304 4580 1406 4635 lumine
1422 4579 1511 4636 vultus
1525 4580 1586 4651 ejus
1610 4582 1729 4639 sciamus
1743 4598 1799 4656 qus

1002 4667 1173 4739 gradiamur.
1189 4668 1285 4725 Vultus
1300 4669 1360 4738 ejus
1375 4667 1464 4724 sensui
1488 4671 1606 4724 amantis
1624 4669 1799 4729 innotescens

1002 4755 1126 4812 voluntas
1141 4757 1199 4826 ejus
1219 4765 1269 4824 est,
1285 4755 1368 4812 iacies
1381 4757 1441 4825 ejus
1463 4756 1582 4829 cognitio
1593 4758 1712 4813 veritatis
1725 4760 1796 4828 eius.

1003 4842 1062 4900 Neo
1077 4859 1196 4914 uuquam
1209 4844 1280 4900 bene
1297 4844 1331 4899 de
1347 4844 1405 4899 Deo
1428 4845 1553 4910 sentitur,
1570 4845 1622 4899 uisi
1649 4862 1712 4902 cum
1724 4846 1799 4903 Deus

1003 4930 1071 4988 facia
1100 4932 1151 4988 bac
1176 4933 1317 4998 innuatur,
1349 4932 1391 4989 rel
1417 4931 1494 4988 faciei
1524 4933 1585 4988 buia
1611 4934 1801 4991 conformatur

1002 5037 1098 5076 sensus
1112 5020 1146 5076 de
1159 5022 1217 5077 Deo
1231 5021 1374 5078 sentientis
1391 5039 1397 5076 :
1413 5037 1464 5077 nco
1478 5021 1512 5076 dc
1526 5022 1613 5076 sensis
1638 5022 1709 5078 bene
1720 5023 1800 5092 judi-

1003 5127 1092 5184 catur,
1107 5119 1159 5173 nisi
1174 5119 1207 5176 de
1223 5119 1351 5174 vultuillo
1363 5120 1475 5189 prodeat
1485 5119 1617 5188 judicium
1630 5119 1796 5190 judicantis,

1001 5231 1053 5273 ιιι
1066 5216 1137 5273 bene
1159 5215 1224 5289 quid
1244 5216 1343 5288 agitur,
1359 5231 1411 5273 nec
1429 5217 1500 5273 beno
1520 5217 1667 5289 aliqnando
1682 5219 1799 5287 vivitur,

1002 5314 1055 5370 nisi
1070 5314 1134 5370 inde
1149 5314 1297 5371 formentur
1310 5322 1385 5371 actus
1399 5316 1441 5372 vel
1456 5315 1520 5380 vitm
1537 5315 1688 5372 secundnm
1711 5316 1799 5374 Deum

1003 5411 1096 5471 vivere
1110 5411 1224 5471 volentis
1239 5428 1247 5481 ;
1271 5428 1322 5469 ιιι
1336 5410 1399 5469 inde
1414 5410 1554 5486 queritur,
1570 5428 1622 5470 nec
1644 5412 1710 5469 inde
1722 5415 1798 5472 scci⁴

1003 5508 1076 5582 pitin
1088 5508 1141 5571 nbi
1165 5524 1199 5569 ax
1221 5509 1295 5569 dono
1313 5510 1411 5583 mstis
1432 5507 1514 5572 omne
1536 5510 1665 5572 merttmn
1687 5524 1797 5584 prave·
