<?xml version="1.0" encoding="UTF-8"?>
<!DOCTYPE html PUBLIC "-//W3C//DTD XHTML 1.0 Transitional//EN"
    "http://www.w3.org/TR/xhtml1/DTD/xhtml1-transitional.dtd">
<html xmlns="http://www.w3.org/1999/xhtml" xml:lang="en" lang="en">
 <head>
  <title>
</title>
<meta http-equiv="Content-Type" content="text/html;charset=utf-8" />
  <meta name='ocr-system' content='tesseract 3.04.00' />
  <meta name='ocr-capabilities' content='ocr_page ocr_carea ocr_par ocr_line ocrx_word'/>
</head>
<body>
  <div class='ocr_page' id='page_1' title='image "./patrologiaecurs13unkngoog/patrologiaecurs13unkngoog_0464.png"; bbox 0 0 3728 6000; ppageno 0'>
   <div class='ocr_carea' id='block_1_1' title="bbox 82 232 1337 308">
    <p class='ocr_par' dir='ltr' id='par_1_1' title="bbox 82 232 1337 308">
     <span class='ocr_line' id='line_1_1' title="bbox 82 232 1337 308; baseline 0.006 -9"><span class='ocrx_word' id='word_1_1' title='bbox 82 246 138 300; x_wconf 86' lang='lat' dir='ltr'><strong>err</strong></span> <span class='ocrx_word' id='word_1_2' title='bbox 476 249 542 305; x_wconf 84' lang='lat' dir='ltr'><strong>uro.</strong></span> <span class='ocrx_word' id='word_1_3' title='bbox 562 247 609 304; x_wconf 88' lang='lat' dir='ltr'><strong>os</strong></span> <span class='ocrx_word' id='word_1_4' title='bbox 628 247 878 305; x_wconf 80' lang='lat' dir='ltr'><strong>trisenrconnni</strong></span> <span class='ocrx_word' id='word_1_5' title='bbox 896 249 941 306; x_wconf 84' lang='lat' dir='ltr'><strong>ea</strong></span> <span class='ocrx_word' id='word_1_6' title='bbox 959 232 1123 308; x_wconf 75' lang='lat' dir='ltr'><strong>rosariis.</strong></span> <span class='ocrx_word' id='word_1_7' title='bbox 1147 282 1183 293; x_wconf 92' lang='lat'><em>-</em></span> <span class='ocrx_word' id='word_1_8' title='bbox 1198 252 1283 308; x_wconf 78' lang='lat' dir='ltr'><strong>eins</strong></span> <span class='ocrx_word' id='word_1_9' title='bbox 1303 252 1337 307; x_wconf 93' lang='lat' dir='ltr'><strong>u.</strong></span> 
     </span>
    </p>
   </div>
   <div class='ocr_carea' id='block_1_2' title="bbox 77 370 1797 2224">
    <p class='ocr_par' dir='ltr' id='par_1_2' title="bbox 77 370 1797 2224">
     <span class='ocr_line' id='line_1_2' title="bbox 83 370 1735 445; baseline 0.002 -21"><span class='ocrx_word' id='word_1_10' title='bbox 83 376 136 436; x_wconf 91' lang='lat' dir='ltr'><strong>tus,</strong></span> <span class='ocrx_word' id='word_1_11' title='bbox 162 385 316 440; x_wconf 90' lang='lat' dir='ltr'><strong>suspensus,</strong></span> <span class='ocrx_word' id='word_1_12' title='bbox 345 370 501 428; x_wconf 72' lang='lat' dir='ltr'><strong>liberatus?</strong></span> <span class='ocrx_word' id='word_1_13' title='bbox 522 372 584 429; x_wconf 93' lang='lat' dir='ltr'><strong>Noli</strong></span> <span class='ocrx_word' id='word_1_14' title='bbox 613 371 716 437; x_wconf 90' lang='lat' dir='ltr'><strong>mirari,</strong></span> <span class='ocrx_word' id='word_1_15' title='bbox 742 372 789 427; x_wconf 92' lang='lat' dir='ltr'><strong>ubi</strong></span> <span class='ocrx_word' id='word_1_16' title='bbox 817 388 884 428; x_wconf 91' lang='lat' dir='ltr'><strong>con·</strong></span> <span class='ocrx_word' id='word_1_17' title='bbox 897 378 925 438; x_wconf 80' lang='grc' dir='ltr'><strong>Α</strong></span> <span class='ocrx_word' id='word_1_18' title='bbox 940 375 1012 429; x_wconf 91' lang='lat' dir='ltr'><strong>enim</strong></span> <span class='ocrx_word' id='word_1_19' title='bbox 1034 375 1225 432; x_wconf 88' lang='lat' dir='ltr'><strong>constituretur</strong></span> <span class='ocrx_word' id='word_1_20' title='bbox 1248 377 1274 430; x_wconf 92' lang='lat' dir='ltr'><strong>in</strong></span> <span class='ocrx_word' id='word_1_21' title='bbox 1300 374 1426 431; x_wconf 76' lang='lat' dir='ltr'><strong>Ecclesia</strong></span> <span class='ocrx_word' id='word_1_22' title='bbox 1447 389 1481 429; x_wconf 93' lang='lat' dir='ltr'><strong>ne</strong></span> <span class='ocrx_word' id='word_1_23' title='bbox 1506 373 1652 445; x_wconf 87' lang='lat' dir='ltr'><strong>quisquam</strong></span> <span class='ocrx_word' id='word_1_24' title='bbox 1672 382 1735 444; x_wconf 92' lang='lat' dir='ltr'><strong>post</strong></span> 
     </span>
     <span class='ocr_line' id='line_1_3' title="bbox 80 454 1734 536; baseline 0.002 -23"><span class='ocrx_word' id='word_1_25' title='bbox 80 459 177 523; x_wconf 83' lang='lat' dir='ltr'><strong>rictus,</strong></span> <span class='ocrx_word' id='word_1_26' title='bbox 196 459 232 513; x_wconf 93' lang='lat' dir='ltr'><strong>ibi</strong></span> <span class='ocrx_word' id='word_1_27' title='bbox 247 459 413 523; x_wconf 86' lang='lat' dir='ltr'><strong>damnatus;</strong></span> <span class='ocrx_word' id='word_1_28' title='bbox 431 463 480 517; x_wconf 91' lang='lat' dir='ltr'><strong>sed</strong></span> <span class='ocrx_word' id='word_1_29' title='bbox 505 462 542 516; x_wconf 94' lang='lat' dir='ltr'><strong>ibi</strong></span> <span class='ocrx_word' id='word_1_30' title='bbox 568 462 708 528; x_wconf 90' lang='lat' dir='ltr'><strong>liberatus,</strong></span> <span class='ocrx_word' id='word_1_31' title='bbox 725 460 770 515; x_wconf 93' lang='lat' dir='ltr'><strong>ubi</strong></span> <span class='ocrx_word' id='word_1_32' title='bbox 795 470 884 516; x_wconf 89' lang='lat' dir='ltr'><strong>muta-</strong></span> <span class='ocrx_word' id='word_1_33' title='bbox 942 463 1056 533; x_wconf 88' lang='lat' dir='ltr'><strong>alicujus</strong></span> <span class='ocrx_word' id='word_1_34' title='bbox 1078 464 1196 519; x_wconf 91' lang='lat' dir='ltr'><strong>criminis</strong></span> <span class='ocrx_word' id='word_1_35' title='bbox 1217 454 1404 536; x_wconf 76' lang='lat' dir='ltr'><strong>paenitentiam</strong></span> <span class='ocrx_word' id='word_1_36' title='bbox 1425 463 1583 519; x_wconf 91' lang='lat' dir='ltr'><strong>clericatum</strong></span> <span class='ocrx_word' id='word_1_37' title='bbox 1608 463 1734 533; x_wconf 85' lang='lat' dir='ltr'><strong>accipiat,</strong></span> 
     </span>
     <span class='ocr_line' id='line_1_4' title="bbox 83 547 1735 622; baseline 0.002 -20"><span class='ocrx_word' id='word_1_38' title='bbox 83 555 137 602; x_wconf 91' lang='lat' dir='ltr'><strong>tus.</strong></span> <span class='ocrx_word' id='word_1_39' title='bbox 154 547 224 615; x_wconf 87' lang='lat' dir='ltr'><strong>Quis</strong></span> <span class='ocrx_word' id='word_1_40' title='bbox 239 565 306 622; x_wconf 85' lang='lat' dir='ltr'><strong>crgo</strong></span> <span class='ocrx_word' id='word_1_41' title='bbox 329 551 457 618; x_wconf 87' lang='lat' dir='ltr'><strong>desperet</strong></span> <span class='ocrx_word' id='word_1_42' title='bbox 481 550 515 604; x_wconf 93' lang='lat' dir='ltr'><strong>de</strong></span> <span class='ocrx_word' id='word_1_43' title='bbox 539 551 627 621; x_wconf 88' lang='lat' dir='ltr'><strong>gratia</strong></span> <span class='ocrx_word' id='word_1_44' title='bbox 651 549 711 619; x_wconf 88' lang='lat' dir='ltr'><strong>ejus</strong></span> <span class='ocrx_word' id='word_1_45' title='bbox 734 550 779 620; x_wconf 81' lang='lat' dir='ltr'><strong>qui</strong></span> <span class='ocrx_word' id='word_1_46' title='bbox 803 551 887 606; x_wconf 87' lang='lat' dir='ltr'><strong>coelos</strong></span> <span class='ocrx_word' id='word_1_47' title='bbox 942 552 984 607; x_wconf 88' lang='lat' dir='ltr'><strong>vel</strong></span> <span class='ocrx_word' id='word_1_48' title='bbox 1000 552 1027 605; x_wconf 93' lang='lat' dir='ltr'><strong>in</strong></span> <span class='ocrx_word' id='word_1_49' title='bbox 1056 553 1184 607; x_wconf 86' lang='lat' dir='ltr'><strong>clericatu</strong></span> <span class='ocrx_word' id='word_1_50' title='bbox 1208 562 1333 622; x_wconf 88' lang='lat' dir='ltr'><strong>maneat;</strong></span> <span class='ocrx_word' id='word_1_51' title='bbox 1351 569 1404 608; x_wconf 91' lang='lat' dir='ltr'><strong>non</strong></span> <span class='ocrx_word' id='word_1_52' title='bbox 1427 552 1617 622; x_wconf 73' lang='lat' dir='ltr'>desperatione</span> <span class='ocrx_word' id='word_1_53' title='bbox 1641 552 1735 606; x_wconf 93' lang='lat' dir='ltr'><strong>indul·</strong></span> 
     </span>
     <span class='ocr_line' id='line_1_5' title="bbox 79 638 1734 714; baseline 0.002 -24"><span class='ocrx_word' id='word_1_54' title='bbox 79 638 246 707; x_wconf 86' lang='lat' dir='ltr'><strong>penetravit,</strong></span> <span class='ocrx_word' id='word_1_55' title='bbox 272 647 297 693; x_wconf 91' lang='lat' dir='ltr'><strong>et</strong></span> <span class='ocrx_word' id='word_1_56' title='bbox 322 639 477 711; x_wconf 84' lang='lat' dir='ltr'><strong>interpe&#39;tar</strong></span> <span class='ocrx_word' id='word_1_57' title='bbox 501 641 620 704; x_wconf 86' lang='lat' dir='ltr'><strong>Patrem,</strong></span> <span class='ocrx_word' id='word_1_58' title='bbox 646 639 691 710; x_wconf 86' lang='lat' dir='ltr'><strong>qni</strong></span> <span class='ocrx_word' id='word_1_59' title='bbox 720 639 828 710; x_wconf 74' lang='lat' dir='ltr'>respicit</span> <span class='ocrx_word' id='word_1_60' title='bbox 856 639 884 694; x_wconf 93' lang='lat' dir='ltr'><strong>in</strong></span> <span class='ocrx_word' id='word_1_61' title='bbox 941 643 1049 711; x_wconf 86' lang='lat' dir='ltr'><strong>gentiae,</strong></span> <span class='ocrx_word' id='word_1_62' title='bbox 1066 640 1222 714; x_wconf 83' lang='lat' dir='ltr'><strong>scdrigore</strong></span> <span class='ocrx_word' id='word_1_63' title='bbox 1247 643 1348 698; x_wconf 87' lang='lat' dir='ltr'><strong>lactum</strong></span> <span class='ocrx_word' id='word_1_64' title='bbox 1375 650 1415 696; x_wconf 91' lang='lat' dir='ltr'><strong>est</strong></span> <span class='ocrx_word' id='word_1_65' title='bbox 1433 640 1734 712; x_wconf 67' lang='lat' dir='ltr'><strong>disciplinantioquin</strong></span> 
     </span>
     <span class='ocr_line' id='line_1_6' title="bbox 80 725 1735 801; baseline 0.004 -23"><span class='ocrx_word' id='word_1_66' title='bbox 80 725 178 780; x_wconf 78' lang='lat' dir='ltr'><strong>faeiem</strong></span> <span class='ocrx_word' id='word_1_67' title='bbox 208 726 309 782; x_wconf 85' lang='lat' dir='ltr'><strong>Christi</strong></span> <span class='ocrx_word' id='word_1_68' title='bbox 334 729 385 793; x_wconf 91' lang='lat' dir='ltr'><strong>sui,</strong></span> <span class='ocrx_word' id='word_1_69' title='bbox 411 729 475 801; x_wconf 92' lang='lat' dir='ltr'><strong>quin</strong></span> <span class='ocrx_word' id='word_1_70' title='bbox 499 729 626 783; x_wconf 84' lang='lat' dir='ltr'><strong>eamdem</strong></span> <span class='ocrx_word' id='word_1_71' title='bbox 648 727 766 800; x_wconf 78' lang='lat' dir='ltr'>gratiam</span> <span class='ocrx_word' id='word_1_72' title='bbox 800 729 887 798; x_wconf 83' lang='lat' dir='ltr'><strong>possit</strong></span> <span class='ocrx_word' id='word_1_73' title='bbox 941 736 1034 783; x_wconf 89' lang='lat' dir='ltr'><strong>eontra</strong></span> <span class='ocrx_word' id='word_1_74' title='bbox 1056 731 1381 788; x_wconf 82' lang='lat' dir='ltr'><strong>claresccclesiaedatas</strong></span> <span class='ocrx_word' id='word_1_75' title='bbox 1404 728 1735 800; x_wconf 82' lang='lat' dir='ltr'><strong>disputabitur;deuui-</strong></span> 
     </span>
     <span class='ocr_line' id='line_1_7' title="bbox 80 814 1736 888; baseline 0.003 -19"><span class='ocrx_word' id='word_1_76' title='bbox 80 814 204 869; x_wconf 90' lang='lat' dir='ltr'><strong>obtinere</strong></span> <span class='ocrx_word' id='word_1_77' title='bbox 220 815 272 869; x_wconf 83' lang='lat' dir='ltr'>sibi</span> <span class='ocrx_word' id='word_1_78' title='bbox 292 816 428 881; x_wconf 85' lang='lat' dir='ltr'><strong>convicto,</strong></span> <span class='ocrx_word' id='word_1_79' title='bbox 449 819 578 871; x_wconf 88' lang='lat' dir='ltr'><strong>damnato</strong></span> <span class='ocrx_word' id='word_1_80' title='bbox 602 817 652 871; x_wconf 89' lang='lat' dir='ltr'><strong>sed</strong></span> <span class='ocrx_word' id='word_1_81' title='bbox 675 826 789 883; x_wconf 87' lang='lat' dir='ltr'><strong>mutato,</strong></span> <span class='ocrx_word' id='word_1_82' title='bbox 804 833 885 888; x_wconf 87' lang='lat' dir='ltr'><strong>quem</strong></span> <span class='ocrx_word' id='word_1_83' title='bbox 941 816 991 871; x_wconf 92' lang='lat' dir='ltr'><strong>bus</strong></span> <span class='ocrx_word' id='word_1_84' title='bbox 1004 817 1108 873; x_wconf 91' lang='lat' dir='ltr'><strong>dictum</strong></span> <span class='ocrx_word' id='word_1_85' title='bbox 1120 828 1158 874; x_wconf 92' lang='lat' dir='ltr'><strong>est</strong></span> <span class='ocrx_word' id='word_1_86' title='bbox 1171 836 1177 870; x_wconf 91' lang='lat'>:</span> <span class='ocrx_word' id='word_1_87' title='bbox 1191 819 1257 886; x_wconf 79' lang='lat' dir='ltr'><strong>oue</strong></span> <span class='ocrx_word' id='word_1_88' title='bbox 1264 820 1404 876; x_wconf 78' lang='lat' dir='ltr'><strong>solveritis</strong></span> <span class='ocrx_word' id='word_1_89' title='bbox 1413 821 1444 874; x_wconf 85' lang='lat' dir='ltr'><strong>in</strong></span> <span class='ocrx_word' id='word_1_90' title='bbox 1455 817 1641 883; x_wconf 59' lang='lat' dir='ltr'><strong>terremotum</strong></span> <span class='ocrx_word' id='word_1_91' title='bbox 1649 822 1736 874; x_wconf 85' lang='lat' dir='ltr'><strong>erunt</strong></span> 
     </span>
     <span class='ocr_line' id='line_1_8' title="bbox 79 903 1735 977; baseline 0.001 -17"><span class='ocrx_word' id='word_1_92' title='bbox 79 903 195 960; x_wconf 91' lang='lat' dir='ltr'><strong>contulit</strong></span> <span class='ocrx_word' id='word_1_93' title='bbox 214 903 294 959; x_wconf 90' lang='lat' dir='ltr'><strong>etiam</strong></span> <span class='ocrx_word' id='word_1_94' title='bbox 317 906 368 959; x_wconf 93' lang='lat' dir='ltr'><strong>sub</strong></span> <span class='ocrx_word' id='word_1_95' title='bbox 390 908 456 960; x_wconf 90' lang='lat' dir='ltr'><strong>hora</strong></span> <span class='ocrx_word' id='word_1_96' title='bbox 480 905 574 960; x_wconf 89' lang='lat' dir='ltr'><strong>mortis</strong></span> <span class='ocrx_word' id='word_1_97' title='bbox 598 904 697 961; x_wconf 90' lang='lat' dir='ltr'><strong>latroni</strong></span> <span class='ocrx_word' id='word_1_98' title='bbox 721 905 814 972; x_wconf 82' lang='lat' dir='ltr'><strong>simili,</strong></span> <span class='ocrx_word' id='word_1_99' title='bbox 841 904 885 961; x_wconf 88' lang='lat' dir='ltr'><strong>vel</strong></span> <span class='ocrx_word' id='word_1_100' title='bbox 939 907 970 961; x_wconf 84' lang='lat' dir='ltr'><strong>t‘n</strong></span> <span class='ocrx_word' id='word_1_101' title='bbox 985 908 1054 963; x_wconf 82' lang='lat' dir='ltr'><strong>arelo</strong></span> <span class='ocrx_word' id='word_1_102' title='bbox 1067 908 1179 977; x_wconf 83' lang='lat' dir='ltr'><strong>(Eottlr.</strong></span> <span class='ocrx_word' id='word_1_103' title='bbox 1195 924 1251 973; x_wconf 80' lang='lat' dir='ltr'><strong>xvi,</strong></span> <span class='ocrx_word' id='word_1_104' title='bbox 1268 912 1323 975; x_wconf 84' lang='lat' dir='ltr'><strong>te).</strong></span> <span class='ocrx_word' id='word_1_105' title='bbox 1348 907 1401 963; x_wconf 89' lang='lat' dir='ltr'><strong>Sed</strong></span> <span class='ocrx_word' id='word_1_106' title='bbox 1419 924 1454 962; x_wconf 94' lang='lat' dir='ltr'><strong>ne</strong></span> <span class='ocrx_word' id='word_1_107' title='bbox 1470 907 1579 962; x_wconf 80' lang='lat' dir='ltr'><strong>forsitan</strong></span> <span class='ocrx_word' id='word_1_108' title='bbox 1596 906 1735 962; x_wconf 89' lang='lat' dir='ltr'><strong>etiamde·</strong></span> 
     </span>
     <span class='ocr_line' id='line_1_9' title="bbox 80 993 1797 1066; baseline 0.001 -17"><span class='ocrx_word' id='word_1_109' title='bbox 80 993 202 1064; x_wconf 87' lang='lat' dir='ltr'><strong>compari</strong></span> <span class='ocrx_word' id='word_1_110' title='bbox 226 995 327 1049; x_wconf 72' lang='lat' dir='ltr'><strong>suot»</strong></span> <span class='ocrx_word' id='word_1_111' title='bbox 355 993 419 1061; x_wconf 90' lang='lat' dir='ltr'><strong>Sed,</strong></span> <span class='ocrx_word' id='word_1_112' title='bbox 443 1001 474 1047; x_wconf 91' lang='lat' dir='ltr'><strong>ut</strong></span> <span class='ocrx_word' id='word_1_113' title='bbox 498 994 598 1050; x_wconf 78' lang='lat' dir='ltr'><strong>dicium</strong></span> <span class='ocrx_word' id='word_1_114' title='bbox 622 1002 673 1060; x_wconf 89' lang='lat' dir='ltr'><strong>est,</strong></span> <span class='ocrx_word' id='word_1_115' title='bbox 694 1009 748 1049; x_wconf 92' lang='lat' dir='ltr'><strong>non</strong></span> <span class='ocrx_word' id='word_1_116' title='bbox 772 998 885 1065; x_wconf 88' lang='lat' dir='ltr'><strong>propter</strong></span> <span class='ocrx_word' id='word_1_117' title='bbox 940 994 1015 1048; x_wconf 87' lang='lat' dir='ltr'><strong>tectis</strong></span> <span class='ocrx_word' id='word_1_118' title='bbox 1039 995 1201 1050; x_wconf 84' lang='lat' dir='ltr'><strong>criminibus</strong></span> <span class='ocrx_word' id='word_1_119' title='bbox 1224 1012 1273 1066; x_wconf 92' lang='lat' dir='ltr'><strong>spe</strong></span> <span class='ocrx_word' id='word_1_120' title='bbox 1296 995 1606 1052; x_wconf 87' lang='lat' dir='ltr'><strong>honorisecclesiastici</strong></span> <span class='ocrx_word' id='word_1_121' title='bbox 1630 995 1737 1050; x_wconf 90' lang='lat' dir='ltr'><strong>unimus</strong></span> <span class='ocrx_word' id='word_1_122' title='bbox 1789 1042 1797 1049; x_wconf 88' lang='lat'><strong>..</strong></span> 
     </span>
     <span class='ocr_line' id='line_1_10' title="bbox 77 1082 1737 1156; baseline 0.001 -20"><span class='ocrx_word' id='word_1_123' title='bbox 77 1082 297 1152; x_wconf 76' lang='lat' dir='ltr'><strong>desperationem</strong></span> <span class='ocrx_word' id='word_1_124' title='bbox 323 1082 350 1138; x_wconf 88' lang='lat' dir='ltr'><strong>lit</strong></span> <span class='ocrx_word' id='word_1_125' title='bbox 376 1088 479 1153; x_wconf 83' lang='lat' dir='ltr'><strong>ueniae,</strong></span> <span class='ocrx_word' id='word_1_126' title='bbox 504 1084 551 1138; x_wconf 91' lang='lat' dir='ltr'><strong>sed</strong></span> <span class='ocrx_word' id='word_1_127' title='bbox 583 1090 696 1154; x_wconf 88' lang='lat' dir='ltr'><strong>propter</strong></span> <span class='ocrx_word' id='word_1_128' title='bbox 726 1083 884 1139; x_wconf 91' lang='lat' dir='ltr'><strong>scandalum</strong></span> <span class='ocrx_word' id='word_1_129' title='bbox 939 1082 1121 1140; x_wconf 84' lang='lat' dir='ltr'><strong>intumescens</strong></span> <span class='ocrx_word' id='word_1_130' title='bbox 1146 1086 1265 1155; x_wconf 85' lang='lat' dir='ltr'><strong>superbe</strong></span> <span class='ocrx_word' id='word_1_131' title='bbox 1284 1091 1379 1156; x_wconf 87' lang='lat' dir='ltr'><strong>ageret</strong></span> <span class='ocrx_word' id='word_1_132' title='bbox 1401 1085 1596 1156; x_wconf 78' lang='lat' dir='ltr'><strong>paenitentiam,</strong></span> <span class='ocrx_word' id='word_1_133' title='bbox 1612 1086 1737 1140; x_wconf 82' lang='lat' dir='ltr'><strong>severis-</strong></span> 
     </span>
     <span class='ocr_line' id='line_1_11' title="bbox 79 1170 1736 1244; baseline 0.003 -21"><span class='ocrx_word' id='word_1_134' title='bbox 79 1170 324 1244; x_wconf 86' lang='lat' dir='ltr'><strong>detrimentumque</strong></span> <span class='ocrx_word' id='word_1_135' title='bbox 349 1171 475 1227; x_wconf 88' lang='lat' dir='ltr'><strong>aliorum.</strong></span> <span class='ocrx_word' id='word_1_136' title='bbox 498 1196 508 1220; x_wconf 99' lang='grc' dir='ltr'><strong>ιι</strong></span> <span class='ocrx_word' id='word_1_137' title='bbox 527 1172 598 1241; x_wconf 83' lang='lat' dir='ltr'><strong>Quia</strong></span> <span class='ocrx_word' id='word_1_138' title='bbox 622 1173 685 1238; x_wconf 74' lang='lat' dir='ltr'><strong>si,»</strong></span> <span class='ocrx_word' id='word_1_139' title='bbox 712 1181 740 1228; x_wconf 95' lang='lat' dir='ltr'><strong>ut</strong></span> <span class='ocrx_word' id='word_1_140' title='bbox 759 1173 883 1244; x_wconf 91' lang='lat' dir='ltr'><strong>superius</strong></span> <span class='ocrx_word' id='word_1_141' title='bbox 938 1171 1006 1226; x_wconf 92' lang='lat' dir='ltr'><strong>sime</strong></span> <span class='ocrx_word' id='word_1_142' title='bbox 1022 1172 1124 1243; x_wconf 76' lang='lat' dir='ltr'><strong>placuit</strong></span> <span class='ocrx_word' id='word_1_143' title='bbox 1138 1182 1166 1227; x_wconf 94' lang='lat' dir='ltr'><strong>ut</strong></span> <span class='ocrx_word' id='word_1_144' title='bbox 1192 1183 1255 1242; x_wconf 90' lang='lat' dir='ltr'><strong>post</strong></span> <span class='ocrx_word' id='word_1_145' title='bbox 1281 1181 1370 1230; x_wconf 89' lang='lat' dir='ltr'><strong>actam</strong></span> <span class='ocrx_word' id='word_1_146' title='bbox 1394 1173 1427 1228; x_wconf 91' lang='lat' dir='ltr'><strong>de</strong></span> <span class='ocrx_word' id='word_1_147' title='bbox 1452 1173 1567 1229; x_wconf 90' lang='lat' dir='ltr'><strong>crimine</strong></span> <span class='ocrx_word' id='word_1_148' title='bbox 1588 1172 1736 1228; x_wconf 80' lang='lat' dir='ltr'><strong>damnabili</strong></span> 
     </span>
     <span class='ocr_line' id='line_1_12' title="bbox 79 1259 1734 1333; baseline 0.002 -20"><span class='ocrx_word' id='word_1_149' title='bbox 79 1259 147 1314; x_wconf 85' lang='lat' dir='ltr'><strong>dixit</strong></span> <span class='ocrx_word' id='word_1_150' title='bbox 161 1260 256 1315; x_wconf 89' lang='lat' dir='ltr'><strong>beatus</strong></span> <span class='ocrx_word' id='word_1_151' title='bbox 274 1261 436 1332; x_wconf 87' lang='lat' dir='ltr'><strong>Gregorius,</strong></span> <span class='ocrx_word' id='word_1_152' title='bbox 455 1286 465 1310; x_wconf 89' lang='grc' dir='ltr'><strong>ιι</strong></span> <span class='ocrx_word' id='word_1_153' title='bbox 490 1262 650 1333; x_wconf 78' lang='lat' dir='ltr'><strong>punitentia</strong></span> <span class='ocrx_word' id='word_1_154' title='bbox 672 1262 832 1317; x_wconf 91' lang='lat' dir='ltr'><strong>remotionis</strong></span> <span class='ocrx_word' id='word_1_155' title='bbox 846 1261 881 1317; x_wconf 91' lang='lat' dir='ltr'><strong>ab</strong></span> <span class='ocrx_word' id='word_1_156' title='bbox 937 1259 1133 1330; x_wconf 75' lang='lat' dir='ltr'><strong>paenitentiam,</strong></span> <span class='ocrx_word' id='word_1_157' title='bbox 1164 1277 1243 1317; x_wconf 91' lang='lat' dir='ltr'><strong>nemo</strong></span> <span class='ocrx_word' id='word_1_158' title='bbox 1278 1262 1299 1317; x_wconf 92' lang='lat' dir='ltr'><strong>si</strong></span> <span class='ocrx_word' id='word_1_159' title='bbox 1332 1262 1459 1330; x_wconf 88' lang='lat' dir='ltr'><strong>clericus,</strong></span> <span class='ocrx_word' id='word_1_160' title='bbox 1489 1269 1518 1317; x_wconf 94' lang='lat' dir='ltr'><strong>ut</strong></span> <span class='ocrx_word' id='word_1_161' title='bbox 1544 1261 1734 1332; x_wconf 80' lang='lat' dir='ltr'><strong>desperatione</strong></span> 
     </span>
     <span class='ocr_line' id='line_1_13' title="bbox 79 1349 1736 1421; baseline 0.001 -16"><span class='ocrx_word' id='word_1_162' title='bbox 79 1349 358 1406; x_wconf 81' lang='lat' dir='ltr'><strong>officiononstatuta</strong></span> <span class='ocrx_word' id='word_1_163' title='bbox 385 1352 433 1406; x_wconf 88' lang='lat' dir='ltr'><strong>sed</strong></span> <span class='ocrx_word' id='word_1_164' title='bbox 456 1351 538 1406; x_wconf 89' lang='lat' dir='ltr'><strong>dilata</strong></span> <span class='ocrx_word' id='word_1_165' title='bbox 562 1351 808 1421; x_wconf 84' lang='lat' dir='ltr'><strong>rirlerctur,super</strong></span> <span class='ocrx_word' id='word_1_166' title='bbox 832 1354 882 1407; x_wconf 88' lang='lat' dir='ltr'><strong>has</strong></span> <span class='ocrx_word' id='word_1_167' title='bbox 937 1351 1096 1420; x_wconf 86' lang='lat' dir='ltr'><strong>temporalis</strong></span> <span class='ocrx_word' id='word_1_168' title='bbox 1123 1349 1272 1406; x_wconf 87' lang='lat' dir='ltr'><strong>altitudinis</strong></span> <span class='ocrx_word' id='word_1_169' title='bbox 1297 1351 1431 1408; x_wconf 89' lang='lat' dir='ltr'><strong>medicina</strong></span> <span class='ocrx_word' id='word_1_170' title='bbox 1469 1351 1556 1419; x_wconf 87' lang='lat' dir='ltr'><strong>major</strong></span> <span class='ocrx_word' id='word_1_171' title='bbox 1584 1358 1610 1406; x_wconf 92' lang='lat' dir='ltr'><strong>et</strong></span> <span class='ocrx_word' id='word_1_172' title='bbox 1646 1351 1736 1407; x_wconf 85' lang='lat' dir='ltr'><strong>rerior</strong></span> 
     </span>
     <span class='ocr_line' id='line_1_14' title="bbox 80 1439 1734 1511; baseline 0.001 -17"><span class='ocrx_word' id='word_1_173' title='bbox 80 1439 257 1511; x_wconf 84' lang='lat' dir='ltr'><strong>poenitentias</strong></span> <span class='ocrx_word' id='word_1_174' title='bbox 271 1444 384 1511; x_wconf 86' lang='lat' dir='ltr'><strong>egerent</strong></span> <span class='ocrx_word' id='word_1_175' title='bbox 399 1440 454 1495; x_wconf 88' lang='lat' dir='ltr'><strong>suis</strong></span> <span class='ocrx_word' id='word_1_176' title='bbox 477 1441 681 1496; x_wconf 89' lang='lat' dir='ltr'><strong>accusatoribus</strong></span> <span class='ocrx_word' id='word_1_177' title='bbox 703 1439 817 1494; x_wconf 87' lang='lat' dir='ltr'><strong>insidias</strong></span> <span class='ocrx_word' id='word_1_178' title='bbox 838 1442 881 1497; x_wconf 84' lang='lat' dir='ltr'><strong>rel</strong></span> <span class='ocrx_word' id='word_1_179' title='bbox 936 1446 1010 1493; x_wconf 89' lang='lat' dir='ltr'><strong>esset</strong></span> <span class='ocrx_word' id='word_1_180' title='bbox 1024 1439 1200 1494; x_wconf 90' lang='lat' dir='ltr'><strong>humilitatis.</strong></span> <span class='ocrx_word' id='word_1_181' title='bbox 1218 1441 1289 1495; x_wconf 88' lang='lat' dir='ltr'><strong>Nam</strong></span> <span class='ocrx_word' id='word_1_182' title='bbox 1304 1448 1331 1496; x_wconf 90' lang='lat' dir='ltr'><strong>et</strong></span> <span class='ocrx_word' id='word_1_183' title='bbox 1346 1449 1454 1496; x_wconf 90' lang='lat' dir='ltr'><strong>sanctus</strong></span> <span class='ocrx_word' id='word_1_184' title='bbox 1473 1440 1561 1495; x_wconf 87' lang='lat' dir='ltr'><strong>David</strong></span> <span class='ocrx_word' id='word_1_185' title='bbox 1583 1440 1616 1495; x_wconf 91' lang='lat' dir='ltr'><strong>de</strong></span> <span class='ocrx_word' id='word_1_186' title='bbox 1640 1440 1734 1496; x_wconf 91' lang='lat' dir='ltr'><strong>crimi-</strong></span> 
     </span>
     <span class='ocr_line' id='line_1_15' title="bbox 80 1527 1733 1603; baseline 0.001 -20"><span class='ocrx_word' id='word_1_187' title='bbox 80 1529 218 1586; x_wconf 79' lang='lat' dir='ltr'><strong>uindictas</strong></span> <span class='ocrx_word' id='word_1_188' title='bbox 233 1530 408 1584; x_wconf 88' lang='lat' dir='ltr'><strong>molirentur.</strong></span> <span class='ocrx_word' id='word_1_189' title='bbox 428 1532 461 1584; x_wconf 90' lang='lat' dir='ltr'><strong>Et</strong></span> <span class='ocrx_word' id='word_1_190' title='bbox 476 1530 533 1592; x_wconf 87' lang='lat' dir='ltr'><strong>alii,</strong></span> <span class='ocrx_word' id='word_1_191' title='bbox 549 1531 574 1584; x_wconf 91' lang='lat' dir='ltr'><strong>si</strong></span> <span class='ocrx_word' id='word_1_192' title='bbox 593 1530 622 1583; x_wconf 90' lang='lat' dir='ltr'><strong>in</strong></span> <span class='ocrx_word' id='word_1_193' title='bbox 647 1529 686 1585; x_wconf 89' lang='lat' dir='ltr'><strong>eis</strong></span> <span class='ocrx_word' id='word_1_194' title='bbox 711 1530 809 1585; x_wconf 90' lang='lat' dir='ltr'><strong>leniter</strong></span> <span class='ocrx_word' id='word_1_195' title='bbox 835 1529 880 1585; x_wconf 81' lang='lat' dir='ltr'><strong>rel</strong></span> <span class='ocrx_word' id='word_1_196' title='bbox 935 1527 1044 1582; x_wconf 89' lang='lat' dir='ltr'><strong>natibus</strong></span> <span class='ocrx_word' id='word_1_197' title='bbox 1065 1528 1213 1585; x_wconf 82' lang='lat' dir='ltr'><strong>mortiferis</strong></span> <span class='ocrx_word' id='word_1_198' title='bbox 1237 1530 1293 1603; x_wconf 82' lang='lat' dir='ltr'><strong>egit</strong></span> <span class='ocrx_word' id='word_1_199' title='bbox 1322 1529 1518 1601; x_wconf 72' lang='lat' dir='ltr'><strong>poenitentiam,</strong></span> <span class='ocrx_word' id='word_1_200' title='bbox 1545 1539 1572 1584; x_wconf 89' lang='lat' dir='ltr'><strong>ct</strong></span> <span class='ocrx_word' id='word_1_201' title='bbox 1594 1537 1685 1585; x_wconf 90' lang='lat' dir='ltr'><strong>tamen</strong></span> <span class='ocrx_word' id='word_1_202' title='bbox 1706 1529 1733 1584; x_wconf 94' lang='lat' dir='ltr'><strong>in</strong></span> 
     </span>
     <span class='ocr_line' id='line_1_16' title="bbox 80 1616 1734 1687; baseline -0.001 -13"><span class='ocrx_word' id='word_1_203' title='bbox 80 1618 155 1674; x_wconf 89' lang='lat' dir='ltr'><strong>male</strong></span> <span class='ocrx_word' id='word_1_204' title='bbox 195 1626 346 1674; x_wconf 89' lang='lat' dir='ltr'><strong>correctum</strong></span> <span class='ocrx_word' id='word_1_205' title='bbox 387 1619 477 1674; x_wconf 78' lang='lat' dir='ltr'><strong>sitium</strong></span> <span class='ocrx_word' id='word_1_206' title='bbox 511 1620 643 1686; x_wconf 82' lang='lat' dir='ltr'><strong>riderent,</strong></span> <span class='ocrx_word' id='word_1_207' title='bbox 676 1620 747 1674; x_wconf 90' lang='lat' dir='ltr'><strong>mulo</strong></span> <span class='ocrx_word' id='word_1_208' title='bbox 786 1634 880 1674; x_wconf 92' lang='lat' dir='ltr'><strong>eorum</strong></span> <span class='ocrx_word' id='word_1_209' title='bbox 935 1616 1038 1671; x_wconf 89' lang='lat' dir='ltr'><strong>honoro</strong></span> <span class='ocrx_word' id='word_1_210' title='bbox 1053 1618 1187 1687; x_wconf 88' lang='lat' dir='ltr'><strong>persistit.</strong></span> <span class='ocrx_word' id='word_1_211' title='bbox 1207 1618 1240 1673; x_wconf 91' lang='lat' dir='ltr'><strong>Et</strong></span> <span class='ocrx_word' id='word_1_212' title='bbox 1260 1619 1369 1672; x_wconf 78' lang='lat' dir='ltr'><strong>beatiam</strong></span> <span class='ocrx_word' id='word_1_213' title='bbox 1384 1619 1491 1673; x_wconf 89' lang='lat' dir='ltr'><strong>Petrum</strong></span> <span class='ocrx_word' id='word_1_214' title='bbox 1506 1617 1613 1687; x_wconf 87' lang='lat' dir='ltr'><strong>quando</strong></span> <span class='ocrx_word' id='word_1_215' title='bbox 1628 1632 1734 1673; x_wconf 84' lang='lat' dir='ltr'><strong>antaras</strong></span> 
     </span>
     <span class='ocr_line' id='line_1_17' title="bbox 80 1704 1732 1798; baseline -0.001 -35"><span class='ocrx_word' id='word_1_216' title='bbox 80 1707 208 1779; x_wconf 86' lang='lat' dir='ltr'><strong>excrnplo</strong></span> <span class='ocrx_word' id='word_1_217' title='bbox 224 1708 455 1778; x_wconf 86' lang='lat' dir='ltr'><strong>periclitarentur.</strong></span> <span class='ocrx_word' id='word_1_218' title='bbox 471 1709 504 1763; x_wconf 88' lang='lat' dir='ltr'><strong>Et</strong></span> <span class='ocrx_word' id='word_1_219' title='bbox 518 1709 541 1761; x_wconf 91' lang='lat' dir='ltr'><strong>si</strong></span> <span class='ocrx_word' id='word_1_220' title='bbox 568 1708 689 1763; x_wconf 89' lang='lat' dir='ltr'><strong>Christus</strong></span> <span class='ocrx_word' id='word_1_221' title='bbox 713 1708 758 1780; x_wconf 89' lang='lat' dir='ltr'><strong>qui</strong></span> <span class='ocrx_word' id='word_1_222' title='bbox 777 1724 880 1780; x_wconf 88' lang='lat' dir='ltr'><strong>pecca·</strong></span> <span class='ocrx_word' id='word_1_223' title='bbox 894 1734 921 1798; x_wconf 78' lang='lat' dir='ltr'>B</span> <span class='ocrx_word' id='word_1_224' title='bbox 935 1704 1070 1776; x_wconf 72' lang='lat' dir='ltr'><strong>lacrymas</strong></span> <span class='ocrx_word' id='word_1_225' title='bbox 1086 1707 1164 1774; x_wconf 92' lang='lat' dir='ltr'><strong>ludit,</strong></span> <span class='ocrx_word' id='word_1_226' title='bbox 1181 1707 1275 1779; x_wconf 83' lang='lat' dir='ltr'><strong>utique</strong></span> <span class='ocrx_word' id='word_1_227' title='bbox 1300 1707 1446 1763; x_wconf 88' lang='lat' dir='ltr'><strong>Dominum</strong></span> <span class='ocrx_word' id='word_1_228' title='bbox 1459 1724 1575 1778; x_wconf 77' lang='lat' dir='ltr'><strong>negasse</strong></span> <span class='ocrx_word' id='word_1_229' title='bbox 1597 1707 1732 1778; x_wconf 84' lang='lat' dir='ltr'><strong>pmnituit,</strong></span> 
     </span>
     <span class='ocr_line' id='line_1_18' title="bbox 80 1795 1735 1868; baseline -0.001 -16"><span class='ocrx_word' id='word_1_230' title='bbox 80 1805 140 1853; x_wconf 92' lang='lat' dir='ltr'><strong>tum</strong></span> <span class='ocrx_word' id='word_1_231' title='bbox 157 1813 210 1852; x_wconf 94' lang='lat' dir='ltr'><strong>non</strong></span> <span class='ocrx_word' id='word_1_232' title='bbox 227 1797 300 1863; x_wconf 87' lang='lat' dir='ltr'><strong>lecit,</strong></span> <span class='ocrx_word' id='word_1_233' title='bbox 317 1814 367 1853; x_wconf 92' lang='lat' dir='ltr'><strong>nec</strong></span> <span class='ocrx_word' id='word_1_234' title='bbox 381 1807 421 1852; x_wconf 89' lang='lat' dir='ltr'><strong>est</strong></span> <span class='ocrx_word' id='word_1_235' title='bbox 437 1799 561 1853; x_wconf 83' lang='lat' dir='ltr'><strong>inventus</strong></span> <span class='ocrx_word' id='word_1_236' title='bbox 585 1797 667 1852; x_wconf 93' lang='lat' dir='ltr'><strong>dolus</strong></span> <span class='ocrx_word' id='word_1_237' title='bbox 690 1799 720 1851; x_wconf 93' lang='lat' dir='ltr'><strong>in</strong></span> <span class='ocrx_word' id='word_1_238' title='bbox 743 1813 790 1853; x_wconf 86' lang='lat' dir='ltr'><strong>ore</strong></span> <span class='ocrx_word' id='word_1_239' title='bbox 813 1799 879 1865; x_wconf 86' lang='lat' dir='ltr'><strong>ejus,</strong></span> <span class='ocrx_word' id='word_1_240' title='bbox 936 1802 963 1849; x_wconf 88' lang='lat' dir='ltr'><strong>et</strong></span> <span class='ocrx_word' id='word_1_241' title='bbox 979 1802 1070 1849; x_wconf 89' lang='lat' dir='ltr'><strong>tamen</strong></span> <span class='ocrx_word' id='word_1_242' title='bbox 1084 1796 1224 1866; x_wconf 91' lang='lat' dir='ltr'><strong>apostolus</strong></span> <span class='ocrx_word' id='word_1_243' title='bbox 1240 1797 1347 1850; x_wconf 90' lang='lat' dir='ltr'><strong>mansit.</strong></span> <span class='ocrx_word' id='word_1_244' title='bbox 1365 1795 1420 1851; x_wconf 91' lang='lat' dir='ltr'><strong>Sed</strong></span> <span class='ocrx_word' id='word_1_245' title='bbox 1433 1797 1735 1868; x_wconf 83' lang='lat' dir='ltr'><strong>nonideosuperracue</strong></span> 
     </span>
     <span class='ocr_line' id='line_1_19' title="bbox 81 1883 1733 1958; baseline -0.001 -16"><span class='ocrx_word' id='word_1_246' title='bbox 81 1894 138 1942; x_wconf 89' lang='lat' dir='ltr'><strong>tola</strong></span> <span class='ocrx_word' id='word_1_247' title='bbox 152 1887 197 1942; x_wconf 89' lang='lat' dir='ltr'><strong>die</strong></span> <span class='ocrx_word' id='word_1_248' title='bbox 213 1887 348 1958; x_wconf 81' lang='lat' dir='ltr'><strong>usquead</strong></span> <span class='ocrx_word' id='word_1_249' title='bbox 364 1894 477 1942; x_wconf 92' lang='lat' dir='ltr'><strong>mortem</strong></span> <span class='ocrx_word' id='word_1_250' title='bbox 493 1886 624 1956; x_wconf 79' lang='lat' dir='ltr'><strong>expandit</strong></span> <span class='ocrx_word' id='word_1_251' title='bbox 647 1903 742 1941; x_wconf 91' lang='lat' dir='ltr'><strong>manus</strong></span> <span class='ocrx_word' id='word_1_252' title='bbox 767 1903 829 1941; x_wconf 89' lang='lat' dir='ltr'><strong>suas</strong></span> <span class='ocrx_word' id='word_1_253' title='bbox 854 1888 880 1943; x_wconf 95' lang='lat' dir='ltr'><strong>in</strong></span> <span class='ocrx_word' id='word_1_254' title='bbox 936 1883 1052 1954; x_wconf 88' lang='lat' dir='ltr'><strong>putanda</strong></span> <span class='ocrx_word' id='word_1_255' title='bbox 1067 1892 1094 1938; x_wconf 91' lang='lat' dir='ltr'><strong>et</strong></span> <span class='ocrx_word' id='word_1_256' title='bbox 1108 1893 1276 1954; x_wconf 88' lang='lat' dir='ltr'><strong>posterorum</strong></span> <span class='ocrx_word' id='word_1_257' title='bbox 1292 1885 1444 1957; x_wconf 85' lang='lat' dir='ltr'><strong>diligentia,</strong></span> <span class='ocrx_word' id='word_1_258' title='bbox 1460 1886 1506 1958; x_wconf 90' lang='lat' dir='ltr'><strong>qui</strong></span> <span class='ocrx_word' id='word_1_259' title='bbox 1529 1885 1575 1941; x_wconf 94' lang='lat' dir='ltr'><strong>ubi</strong></span> <span class='ocrx_word' id='word_1_260' title='bbox 1598 1885 1665 1940; x_wconf 93' lang='lat' dir='ltr'><strong>nibil</strong></span> <span class='ocrx_word' id='word_1_261' title='bbox 1688 1901 1733 1940; x_wconf 87' lang='lat' dir='ltr'><strong>sa-</strong></span> 
     </span>
     <span class='ocr_line' id='line_1_20' title="bbox 78 1971 1731 2046; baseline -0.002 -14"><span class='ocrx_word' id='word_1_262' title='bbox 78 1992 160 2032; x_wconf 89' lang='lat' dir='ltr'><strong>crnce</strong></span> <span class='ocrx_word' id='word_1_263' title='bbox 182 1976 216 2031; x_wconf 91' lang='lat' dir='ltr'><strong>ad</strong></span> <span class='ocrx_word' id='word_1_264' title='bbox 241 1977 371 2046; x_wconf 87' lang='lat' dir='ltr'><strong>populum</strong></span> <span class='ocrx_word' id='word_1_265' title='bbox 397 1992 451 2031; x_wconf 92' lang='lat' dir='ltr'><strong>non</strong></span> <span class='ocrx_word' id='word_1_266' title='bbox 479 1975 646 2041; x_wconf 85' lang='lat' dir='ltr'><strong>credentem,</strong></span> <span class='ocrx_word' id='word_1_267' title='bbox 673 1984 702 2030; x_wconf 92' lang='lat' dir='ltr'><strong>ut</strong></span> <span class='ocrx_word' id='word_1_268' title='bbox 726 1976 881 2033; x_wconf 88' lang='lat' dir='ltr'><strong>ostenderet</strong></span> <span class='ocrx_word' id='word_1_269' title='bbox 934 1971 983 2026; x_wconf 92' lang='lat' dir='ltr'><strong>luti</strong></span> <span class='ocrx_word' id='word_1_270' title='bbox 1014 1971 1217 2038; x_wconf 84' lang='lat' dir='ltr'><strong>detrahebatur,</strong></span> <span class='ocrx_word' id='word_1_271' title='bbox 1247 1973 1392 2029; x_wconf 88' lang='lat' dir='ltr'><strong>humilitati</strong></span> <span class='ocrx_word' id='word_1_272' title='bbox 1424 1973 1527 2046; x_wconf 85' lang='lat' dir='ltr'><strong>aliquid</strong></span> <span class='ocrx_word' id='word_1_273' title='bbox 1555 1973 1731 2044; x_wconf 90' lang='lat' dir='ltr'><strong>addiderunt,</strong></span> 
     </span>
     <span class='ocr_line' id='line_1_21' title="bbox 78 2060 1733 2135; baseline 0.001 -18"><span class='ocrx_word' id='word_1_274' title='bbox 78 2064 212 2119; x_wconf 90' lang='lat' dir='ltr'><strong>mundum</strong></span> <span class='ocrx_word' id='word_1_275' title='bbox 236 2080 295 2120; x_wconf 91' lang='lat' dir='ltr'><strong>esse</strong></span> <span class='ocrx_word' id='word_1_276' title='bbox 316 2064 559 2128; x_wconf 89' lang='lat' dir='ltr'><strong>contemnendum,</strong></span> <span class='ocrx_word' id='word_1_277' title='bbox 585 2080 677 2120; x_wconf 90' lang='lat' dir='ltr'><strong>nonne</strong></span> <span class='ocrx_word' id='word_1_278' title='bbox 703 2072 729 2118; x_wconf 91' lang='lat' dir='ltr'><strong>et</strong></span> <span class='ocrx_word' id='word_1_279' title='bbox 751 2073 882 2134; x_wconf 88' lang='lat' dir='ltr'><strong>peccator</strong></span> <span class='ocrx_word' id='word_1_280' title='bbox 937 2076 991 2130; x_wconf 83' lang='lat' dir='ltr'><strong>quo</strong></span> <span class='ocrx_word' id='word_1_281' title='bbox 1007 2060 1100 2115; x_wconf 86' lang='lat' dir='ltr'><strong>salutis</strong></span> <span class='ocrx_word' id='word_1_282' title='bbox 1115 2062 1196 2116; x_wconf 90' lang='lat' dir='ltr'><strong>tutius</strong></span> <span class='ocrx_word' id='word_1_283' title='bbox 1215 2061 1388 2129; x_wconf 64' lang='lat' dir='ltr'><strong>muniretur,</strong></span> <span class='ocrx_word' id='word_1_284' title='bbox 1406 2064 1511 2132; x_wconf 81' lang='lat' dir='ltr'><strong>experti</strong></span> <span class='ocrx_word' id='word_1_285' title='bbox 1526 2063 1608 2118; x_wconf 88' lang='lat' dir='ltr'><strong>credo</strong></span> <span class='ocrx_word' id='word_1_286' title='bbox 1624 2064 1733 2135; x_wconf 91' lang='lat' dir='ltr'><strong>aliquo-</strong></span> 
     </span>
     <span class='ocr_line' id='line_1_22' title="bbox 79 2147 1735 2224; baseline -0.002 -13"><span class='ocrx_word' id='word_1_287' title='bbox 79 2161 138 2209; x_wconf 84' lang='lat' dir='ltr'><strong>tote</strong></span> <span class='ocrx_word' id='word_1_288' title='bbox 162 2153 206 2208; x_wconf 83' lang='lat' dir='ltr'><strong>die</strong></span> <span class='ocrx_word' id='word_1_289' title='bbox 231 2153 313 2209; x_wconf 90' lang='lat' dir='ltr'><strong>debet</strong></span> <span class='ocrx_word' id='word_1_290' title='bbox 338 2155 478 2224; x_wconf 75' lang='lat' dir='ltr'><strong>penitere,</strong></span> <span class='ocrx_word' id='word_1_291' title='bbox 498 2155 667 2210; x_wconf 89' lang='lat' dir='ltr'><strong>utostendat</strong></span> <span class='ocrx_word' id='word_1_292' title='bbox 698 2154 796 2209; x_wconf 84' lang='lat' dir='ltr'><strong>vitium</strong></span> <span class='ocrx_word' id='word_1_293' title='bbox 826 2169 882 2224; x_wconf 84' lang='lat' dir='ltr'><strong>quo</strong></span> <span class='ocrx_word' id='word_1_294' title='bbox 936 2164 995 2202; x_wconf 86' lang='lat' dir='ltr'><strong>rum</strong></span> <span class='ocrx_word' id='word_1_295' title='bbox 1017 2147 1107 2204; x_wconf 82' lang='lat' dir='ltr'><strong>fictam</strong></span> <span class='ocrx_word' id='word_1_296' title='bbox 1131 2151 1327 2221; x_wconf 73' lang='lat' dir='ltr'><strong>paenitentiam,</strong></span> <span class='ocrx_word' id='word_1_297' title='bbox 1353 2166 1402 2222; x_wconf 89' lang='lat' dir='ltr'><strong>per</strong></span> <span class='ocrx_word' id='word_1_298' title='bbox 1431 2149 1569 2207; x_wconf 82' lang='lat' dir='ltr'><strong>affectatas</strong></span> <span class='ocrx_word' id='word_1_299' title='bbox 1600 2153 1735 2207; x_wconf 91' lang='lat' dir='ltr'><strong>honorum</strong></span> 
     </span>
    </p>
   </div>
   <div class='ocr_carea' id='block_1_3' title="bbox 1681 247 1824 305">
    <p class='ocr_par' dir='ltr' id='par_1_3' title="bbox 1681 247 1824 305">
     <span class='ocr_line' id='line_1_23' title="bbox 1681 247 1824 305; baseline 0 0"><span class='ocrx_word' id='word_1_300' title='bbox 1681 247 1736 305; x_wconf 84' lang='lat'><strong>918</strong></span> <span class='ocrx_word' id='word_1_301' title='bbox 1820 260 1824 269; x_wconf 83' lang='grc'><em>“</em></span> 
     </span>
    </p>
   </div>
   <div class='ocr_carea' id='block_1_4' title="bbox 77 2243 520 2300">
    <p class='ocr_par' dir='ltr' id='par_1_4' title="bbox 77 2243 520 2300">
     <span class='ocr_line' id='line_1_24' title="bbox 77 2243 520 2300; baseline 0.005 -2"><span class='ocrx_word' id='word_1_302' title='bbox 77 2243 226 2299; x_wconf 86' lang='lat' dir='ltr'><strong>damnatus</strong></span> <span class='ocrx_word' id='word_1_303' title='bbox 240 2252 281 2299; x_wconf 92' lang='lat' dir='ltr'><strong>est</strong></span> <span class='ocrx_word' id='word_1_304' title='bbox 296 2260 356 2299; x_wconf 89' lang='lat' dir='ltr'><strong>esse</strong></span> <span class='ocrx_word' id='word_1_305' title='bbox 373 2245 520 2300; x_wconf 86' lang='lat' dir='ltr'><strong>vitandum.</strong></span> 
     </span>
    </p>
   </div>
   <div class='ocr_carea' id='block_1_5' title="bbox 79 2387 883 2532">
    <p class='ocr_par' dir='ltr' id='par_1_5' title="bbox 79 2387 883 2532">
     <span class='ocr_line' id='line_1_25' title="bbox 79 2387 881 2461; baseline 0.002 -19"><span class='ocrx_word' id='word_1_306' title='bbox 79 2387 253 2443; x_wconf 72' lang='lat' dir='ltr'><strong>Camxtdtl.</strong></span> <span class='ocrx_word' id='word_1_307' title='bbox 275 2387 349 2454; x_wconf 79' lang='lat' dir='ltr'><strong>erod</strong></span> <span class='ocrx_word' id='word_1_308' title='bbox 365 2389 452 2443; x_wconf 86' lang='lat' dir='ltr'><strong>etiem</strong></span> <span class='ocrx_word' id='word_1_309' title='bbox 478 2387 643 2450; x_wconf 80' lang='lat' dir='ltr'><strong>dnrrrnntus,</strong></span> <span class='ocrx_word' id='word_1_310' title='bbox 659 2389 684 2444; x_wconf 87' lang='lat' dir='ltr'><strong>si</strong></span> <span class='ocrx_word' id='word_1_311' title='bbox 704 2405 767 2444; x_wconf 84' lang='lat' dir='ltr'><strong>erre</strong></span> <span class='ocrx_word' id='word_1_312' title='bbox 788 2390 881 2461; x_wconf 79' lang='lat' dir='ltr'><strong>peni·</strong></span> 
     </span>
     <span class='ocr_line' id='line_1_26' title="bbox 117 2460 883 2532; baseline 0.004 -19"><span class='ocrx_word' id='word_1_313' title='bbox 117 2462 217 2520; x_wconf 83' lang='lat' dir='ltr'><strong>tuerit,</strong></span> <span class='ocrx_word' id='word_1_314' title='bbox 231 2460 344 2514; x_wconf 82' lang='lat' dir='ltr'><strong>restitui</strong></span> <span class='ocrx_word' id='word_1_315' title='bbox 349 2463 440 2530; x_wconf 85' lang='lat' dir='ltr'><strong>potest</strong></span> <span class='ocrx_word' id='word_1_316' title='bbox 449 2478 457 2523; x_wconf 81' lang='lat'><strong>,-</strong></span> <span class='ocrx_word' id='word_1_317' title='bbox 467 2461 532 2532; x_wconf 79' lang='lat' dir='ltr'><strong>puin</strong></span> <span class='ocrx_word' id='word_1_318' title='bbox 540 2476 598 2515; x_wconf 83' lang='lat' dir='ltr'><strong>non</strong></span> <span class='ocrx_word' id='word_1_319' title='bbox 607 2461 883 2532; x_wconf 81' lang='lat' dir='ltr'><strong>peccutpuiexercet</strong></span> 
     </span>
    </p>
   </div>
   <div class='ocr_carea' id='block_1_6' title="bbox 114 2530 274 2600">
    <p class='ocr_par' dir='ltr' id='par_1_6' title="bbox 114 2530 274 2600">
     <span class='ocr_line' id='line_1_27' title="bbox 114 2530 274 2600; baseline -0.013 -15"><span class='ocrx_word' id='word_1_320' title='bbox 114 2530 274 2600; x_wconf 74' lang='lat' dir='ltr'><strong>justitiam.</strong></span> 
     </span>
    </p>
   </div>
   <div class='ocr_carea' id='block_1_7' title="bbox 79 2645 1734 3072">
    <p class='ocr_par' dir='ltr' id='par_1_7' title="bbox 79 2645 1734 3072">
     <span class='ocr_line' id='line_1_28' title="bbox 117 2645 884 2719; baseline 0.001 -16"><span class='ocrx_word' id='word_1_321' title='bbox 117 2646 172 2703; x_wconf 88' lang='lat' dir='ltr'><strong>Sed</strong></span> <span class='ocrx_word' id='word_1_322' title='bbox 196 2653 300 2712; x_wconf 89' lang='lat' dir='ltr'><strong>tamen,</strong></span> <span class='ocrx_word' id='word_1_323' title='bbox 326 2645 348 2699; x_wconf 91' lang='lat' dir='ltr'><strong>si</strong></span> <span class='ocrx_word' id='word_1_324' title='bbox 368 2662 431 2701; x_wconf 84' lang='lat' dir='ltr'><strong>rere</strong></span> <span class='ocrx_word' id='word_1_325' title='bbox 456 2646 619 2716; x_wconf 74' lang='lat' dir='ltr'><strong>paenituerit,</strong></span> <span class='ocrx_word' id='word_1_326' title='bbox 648 2656 673 2702; x_wconf 91' lang='lat' dir='ltr'><strong>et</strong></span> <span class='ocrx_word' id='word_1_327' title='bbox 702 2648 739 2702; x_wconf 86' lang='lat' dir='ltr'><strong>ita</strong></span> <span class='ocrx_word' id='word_1_328' title='bbox 762 2647 884 2719; x_wconf 82' lang='lat' dir='ltr'><strong>perlecta</strong></span> 
     </span>
     <span class='ocr_line' id='line_1_29' title="bbox 79 2732 881 2806; baseline 0.002 -19"><span class='ocrx_word' id='word_1_329' title='bbox 79 2741 199 2788; x_wconf 89' lang='lat' dir='ltr'><strong>mutatus</strong></span> <span class='ocrx_word' id='word_1_330' title='bbox 221 2732 309 2801; x_wconf 90' lang='lat' dir='ltr'><strong>luerit,</strong></span> <span class='ocrx_word' id='word_1_331' title='bbox 326 2741 353 2787; x_wconf 94' lang='lat' dir='ltr'><strong>ut</strong></span> <span class='ocrx_word' id='word_1_332' title='bbox 376 2734 514 2803; x_wconf 68' lang='lat' dir='ltr'><strong>praedictae</strong></span> <span class='ocrx_word' id='word_1_333' title='bbox 529 2734 705 2789; x_wconf 90' lang='lat' dir='ltr'><strong>ditlicultates</strong></span> <span class='ocrx_word' id='word_1_334' title='bbox 721 2751 774 2790; x_wconf 93' lang='lat' dir='ltr'><strong>non</strong></span> <span class='ocrx_word' id='word_1_335' title='bbox 790 2751 881 2806; x_wconf 84' lang='lat' dir='ltr'><strong>appe-</strong></span> 
     </span>
     <span class='ocr_line' id='line_1_30' title="bbox 80 2822 1723 2920; baseline 0.002 -44"><span class='ocrx_word' id='word_1_336' title='bbox 80 2825 216 2888; x_wconf 89' lang='lat' dir='ltr'><strong>resnt,el</strong></span> <span class='ocrx_word' id='word_1_337' title='bbox 237 2822 325 2892; x_wconf 86' lang='lat' dir='ltr'><strong>aliqua</strong></span> <span class='ocrx_word' id='word_1_338' title='bbox 352 2823 479 2877; x_wconf 90' lang='lat' dir='ltr'><strong>discretio</strong></span> <span class='ocrx_word' id='word_1_339' title='bbox 502 2823 672 2878; x_wconf 87' lang='lat' dir='ltr'><strong>necessitatis</strong></span> <span class='ocrx_word' id='word_1_340' title='bbox 696 2823 739 2880; x_wconf 84' lang='lat' dir='ltr'><strong>rel</strong></span> <span class='ocrx_word' id='word_1_341' title='bbox 761 2823 883 2880; x_wconf 89' lang='lat' dir='ltr'><strong>utilitatis</strong></span> <span class='ocrx_word' id='word_1_342' title='bbox 937 2877 1029 2917; x_wconf 60' lang='lat' dir='ltr'><strong>mom</strong></span> <span class='ocrx_word' id='word_1_343' title='bbox 1068 2862 1138 2918; x_wconf 57' lang='lat' dir='ltr'><strong>sicu,</strong></span> <span class='ocrx_word' id='word_1_344' title='bbox 1164 2863 1261 2918; x_wconf 50' lang='lat' dir='ltr'><strong>petrus</strong></span> <span class='ocrx_word' id='word_1_345' title='bbox 1291 2863 1388 2918; x_wconf 48' lang='lat' dir='ltr'><strong>habuit</strong></span> <span class='ocrx_word' id='word_1_346' title='bbox 1422 2864 1456 2919; x_wconf 67' lang='lat' dir='ltr'><strong>de</strong></span> <span class='ocrx_word' id='word_1_347' title='bbox 1480 2863 1604 2919; x_wconf 53' lang='lat' dir='ltr'><strong>mendaci</strong></span> <span class='ocrx_word' id='word_1_348' title='bbox 1627 2865 1723 2920; x_wconf 49' lang='lat' dir='ltr'><strong>umore</strong></span> 
     </span>
     <span class='ocr_line' id='line_1_31' title="bbox 80 2904 1734 2986; baseline 0.003 -20"><span class='ocrx_word' id='word_1_349' title='bbox 80 2911 253 2976; x_wconf 84' lang='lat' dir='ltr'><strong>interveniat,</strong></span> <span class='ocrx_word' id='word_1_350' title='bbox 278 2911 359 2966; x_wconf 89' lang='lat' dir='ltr'><strong>dehet</strong></span> <span class='ocrx_word' id='word_1_351' title='bbox 395 2911 494 2967; x_wconf 86' lang='lat' dir='ltr'><strong>remitti</strong></span> <span class='ocrx_word' id='word_1_352' title='bbox 526 2911 601 2984; x_wconf 86' lang='lat' dir='ltr'><strong>rigor</strong></span> <span class='ocrx_word' id='word_1_353' title='bbox 628 2912 795 2982; x_wconf 62' lang='lat' dir='ltr'><strong>disciplinam</strong></span> <span class='ocrx_word' id='word_1_354' title='bbox 820 2913 882 2986; x_wconf 87' lang='lat' dir='ltr'><strong>quia</strong></span> <span class='ocrx_word' id='word_1_355' title='bbox 1032 2904 1039 2930; x_wconf 92' lang='lat'>’</span> <span class='ocrx_word' id='word_1_356' title='bbox 1727 2906 1734 2930; x_wconf 89' lang='lat'>&#39;</span> 
     </span>
     <span class='ocr_line' id='line_1_32' title="bbox 81 2999 884 3072; baseline 0.004 -18"><span class='ocrx_word' id='word_1_357' title='bbox 81 2999 138 3055; x_wconf 90' lang='lat' dir='ltr'><strong>suis</strong></span> <span class='ocrx_word' id='word_1_358' title='bbox 165 3001 193 3054; x_wconf 95' lang='lat' dir='ltr'><strong>in</strong></span> <span class='ocrx_word' id='word_1_359' title='bbox 214 3000 280 3055; x_wconf 90' lang='lat' dir='ltr'><strong>locis</strong></span> <span class='ocrx_word' id='word_1_360' title='bbox 305 3017 355 3055; x_wconf 90' lang='lat' dir='ltr'><strong>nec</strong></span> <span class='ocrx_word' id='word_1_361' title='bbox 388 3001 475 3072; x_wconf 86' lang='lat' dir='ltr'><strong>gratia</strong></span> <span class='ocrx_word' id='word_1_362' title='bbox 503 3001 661 3071; x_wconf 73' lang='lat' dir='ltr'><strong>prejudicat</strong></span> <span class='ocrx_word' id='word_1_363' title='bbox 682 3003 807 3071; x_wconf 66' lang='lat' dir='ltr'><strong>justitiae,</strong></span> <span class='ocrx_word' id='word_1_364' title='bbox 831 3018 884 3058; x_wconf 90' lang='lat' dir='ltr'><strong>nee</strong></span> 
     </span>
    </p>
   </div>
   <div class='ocr_carea' id='block_1_8' title="bbox 78 3087 921 3162">
    <p class='ocr_par' dir='ltr' id='par_1_8' title="bbox 78 3087 921 3162">
     <span class='ocr_line' id='line_1_33' title="bbox 78 3087 921 3162; baseline 0.008 -19"><span class='ocrx_word' id='word_1_365' title='bbox 78 3088 183 3159; x_wconf 88' lang='lat' dir='ltr'><strong>justitia</strong></span> <span class='ocrx_word' id='word_1_366' title='bbox 196 3089 299 3159; x_wconf 79' lang='lat' dir='ltr'><strong>gratim.</strong></span> <span class='ocrx_word' id='word_1_367' title='bbox 315 3089 393 3145; x_wconf 92' lang='lat' dir='ltr'><strong>Unde</strong></span> <span class='ocrx_word' id='word_1_368' title='bbox 411 3090 577 3161; x_wconf 74' lang='lat' dir='ltr'><strong>Augustinus</strong></span> <span class='ocrx_word' id='word_1_369' title='bbox 592 3091 625 3144; x_wconf 90' lang='lat' dir='ltr'><strong>ad</strong></span> <span class='ocrx_word' id='word_1_370' title='bbox 647 3091 779 3146; x_wconf 88' lang='lat' dir='ltr'><strong>Donatum</strong></span> <span class='ocrx_word' id='word_1_371' title='bbox 801 3090 880 3162; x_wconf 80' lang='lat' dir='ltr'><strong>judi·</strong></span> <span class='ocrx_word' id='word_1_372' title='bbox 896 3087 921 3150; x_wconf 90' lang='lat' dir='ltr'>C</span> 
     </span>
    </p>
   </div>
   <div class='ocr_carea' id='block_1_9' title="bbox 81 3177 881 3251">
    <p class='ocr_par' dir='ltr' id='par_1_9' title="bbox 81 3177 881 3251">
     <span class='ocr_line' id='line_1_34' title="bbox 81 3177 881 3251; baseline 0 -17"><span class='ocrx_word' id='word_1_373' title='bbox 81 3193 142 3234; x_wconf 88' lang='lat' dir='ltr'><strong>cem</strong></span> <span class='ocrx_word' id='word_1_374' title='bbox 160 3195 167 3233; x_wconf 78' lang='lat' dir='ltr'><strong>t</strong></span> <span class='ocrx_word' id='word_1_375' title='bbox 184 3201 195 3225; x_wconf 92' lang='grc' dir='ltr'><strong>ιι</strong></span> <span class='ocrx_word' id='word_1_376' title='bbox 213 3177 265 3243; x_wconf 91' lang='lat' dir='ltr'><strong>Qui</strong></span> <span class='ocrx_word' id='word_1_377' title='bbox 287 3178 345 3233; x_wconf 87' lang='lat' dir='ltr'><strong>sine</strong></span> <span class='ocrx_word' id='word_1_378' title='bbox 368 3187 479 3247; x_wconf 86' lang='lat' dir='ltr'><strong>peccato</strong></span> <span class='ocrx_word' id='word_1_379' title='bbox 504 3183 544 3233; x_wconf 89' lang='lat' dir='ltr'><strong>est</strong></span> <span class='ocrx_word' id='word_1_380' title='bbox 566 3189 694 3245; x_wconf 83' lang='lat' dir='ltr'><strong>restrum,</strong></span> <span class='ocrx_word' id='word_1_381' title='bbox 712 3180 824 3251; x_wconf 91' lang='lat' dir='ltr'><strong>primus,</strong></span> <span class='ocrx_word' id='word_1_382' title='bbox 841 3197 881 3235; x_wconf 92' lang='lat' dir='ltr'><strong>m-</strong></span> 
     </span>
    </p>
   </div>
   <div class='ocr_carea' id='block_1_10' title="bbox 81 3266 661 3340">
    <p class='ocr_par' dir='ltr' id='par_1_10' title="bbox 81 3266 661 3340">
     <span class='ocr_line' id='line_1_35' title="bbox 81 3266 661 3340; baseline 0 -18"><span class='ocrx_word' id='word_1_383' title='bbox 81 3267 150 3340; x_wconf 88' lang='lat' dir='ltr'><strong>quit,</strong></span> <span class='ocrx_word' id='word_1_384' title='bbox 175 3266 202 3321; x_wconf 93' lang='lat' dir='ltr'><strong>in</strong></span> <span class='ocrx_word' id='word_1_385' title='bbox 227 3283 286 3321; x_wconf 89' lang='lat' dir='ltr'><strong>eam</strong></span> <span class='ocrx_word' id='word_1_386' title='bbox 311 3267 427 3337; x_wconf 83' lang='lat' dir='ltr'><strong>lapidem</strong></span> <span class='ocrx_word' id='word_1_387' title='bbox 456 3268 554 3322; x_wconf 89' lang='lat' dir='ltr'><strong>mittat.</strong></span> <span class='ocrx_word' id='word_1_388' title='bbox 578 3267 661 3336; x_wconf 83' lang='lat' dir='ltr'><strong>Quasi</strong></span> 
     </span>
    </p>
   </div>
   <div class='ocr_carea' id='block_1_11' title="bbox 80 3357 1096 3556">
    <p class='ocr_par' dir='ltr' id='par_1_11' title="bbox 80 3357 1096 3556">
     <span class='ocr_line' id='line_1_36' title="bbox 81 3357 881 3429; baseline 0.005 -19"><span class='ocrx_word' id='word_1_389' title='bbox 81 3357 128 3411; x_wconf 84' lang='lat' dir='ltr'><strong>lex</strong></span> <span class='ocrx_word' id='word_1_390' title='bbox 141 3357 228 3424; x_wconf 85' lang='lat' dir='ltr'><strong>jubet,</strong></span> <span class='ocrx_word' id='word_1_391' title='bbox 243 3357 265 3409; x_wconf 89' lang='lat' dir='ltr'><strong>si</strong></span> <span class='ocrx_word' id='word_1_392' title='bbox 281 3358 387 3426; x_wconf 73' lang='lat' dir='ltr'><strong>htopscs</strong></span> <span class='ocrx_word' id='word_1_393' title='bbox 397 3357 485 3425; x_wconf 89' lang='lat' dir='ltr'><strong>jubet,</strong></span> <span class='ocrx_word' id='word_1_394' title='bbox 502 3364 528 3411; x_wconf 91' lang='lat' dir='ltr'><strong>et</strong></span> <span class='ocrx_word' id='word_1_395' title='bbox 544 3372 613 3429; x_wconf 80' lang='lat' dir='ltr'><strong>cg03</strong></span> <span class='ocrx_word' id='word_1_396' title='bbox 630 3357 678 3412; x_wconf 90' lang='lat' dir='ltr'><strong>sed</strong></span> <span class='ocrx_word' id='word_1_397' title='bbox 693 3365 881 3428; x_wconf 89' lang='lat' dir='ltr'><strong>competentes</strong></span> 
     </span>
     <span class='ocr_line' id='line_1_37' title="bbox 80 3445 1096 3556; baseline 0.001 -57"><span class='ocrx_word' id='word_1_398' title='bbox 80 3445 153 3518; x_wconf 85' lang='lat' dir='ltr'><strong>legis</strong></span> <span class='ocrx_word' id='word_1_399' title='bbox 177 3446 259 3515; x_wconf 84' lang='lat' dir='ltr'><strong>exigo</strong></span> <span class='ocrx_word' id='word_1_400' title='bbox 285 3445 433 3500; x_wconf 88' lang='lat' dir='ltr'><strong>ministros.</strong></span> <span class='ocrx_word' id='word_1_401' title='bbox 459 3446 603 3500; x_wconf 86' lang='lat' dir='ltr'><strong>Attenditis</strong></span> <span class='ocrx_word' id='word_1_402' title='bbox 635 3462 715 3518; x_wconf 86' lang='lat' dir='ltr'><strong>qnam</strong></span> <span class='ocrx_word' id='word_1_403' title='bbox 737 3447 878 3515; x_wconf 87' lang='lat' dir='ltr'><strong>adducitis,</strong></span> <span class='ocrx_word' id='word_1_404' title='bbox 934 3485 1052 3556; x_wconf 42' lang='lat' dir='ltr'><strong>negavit.</strong></span> <span class='ocrx_word' id='word_1_405' title='bbox 1068 3489 1096 3541; x_wconf 60' lang='lat' dir='ltr'><strong>e,</strong></span> 
     </span>
    </p>
   </div>
   <div class='ocr_carea' id='block_1_12' title="bbox 79 3534 761 3605">
    <p class='ocr_par' dir='ltr' id='par_1_12' title="bbox 79 3534 761 3605">
     <span class='ocr_line' id='line_1_38' title="bbox 79 3534 761 3605; baseline 0.003 -17"><span class='ocrx_word' id='word_1_406' title='bbox 79 3534 211 3589; x_wconf 86' lang='lat' dir='ltr'><strong>attendite</strong></span> <span class='ocrx_word' id='word_1_407' title='bbox 227 3542 253 3589; x_wconf 89' lang='lat' dir='ltr'><strong>et</strong></span> <span class='ocrx_word' id='word_1_408' title='bbox 275 3534 335 3605; x_wconf 85' lang='lat' dir='ltr'><strong>quis</strong></span> <span class='ocrx_word' id='word_1_409' title='bbox 359 3534 433 3589; x_wconf 89' lang='lat' dir='ltr'><strong>estis.</strong></span> <span class='ocrx_word' id='word_1_410' title='bbox 461 3534 544 3588; x_wconf 85' lang='lat' dir='ltr'><strong>tussit</strong></span> <span class='ocrx_word' id='word_1_411' title='bbox 565 3551 624 3590; x_wconf 89' lang='lat' dir='ltr'><strong>enm</strong></span> <span class='ocrx_word' id='word_1_412' title='bbox 647 3535 761 3604; x_wconf 87' lang='lat' dir='ltr'><strong>lapidari</strong></span> 
     </span>
    </p>
   </div>
   <div class='ocr_carea' id='block_1_13' title="bbox 73 3978 874 4407">
    <p class='ocr_par' dir='ltr' id='par_1_13' title="bbox 73 3978 874 4407">
     <span class='ocr_line' id='line_1_39' title="bbox 74 3978 874 4051; baseline 0.001 -17"><span class='ocrx_word' id='word_1_413' title='bbox 74 3978 200 4051; x_wconf 84' lang='lat' dir='ltr'><strong>pensari,</strong></span> <span class='ocrx_word' id='word_1_414' title='bbox 224 3980 275 4033; x_wconf 92' lang='lat' dir='ltr'><strong>hoe</strong></span> <span class='ocrx_word' id='word_1_415' title='bbox 301 3987 330 4034; x_wconf 94' lang='lat' dir='ltr'><strong>ut</strong></span> <span class='ocrx_word' id='word_1_416' title='bbox 349 3980 460 4044; x_wconf 88' lang='lat' dir='ltr'><strong>jnstum,</strong></span> <span class='ocrx_word' id='word_1_417' title='bbox 477 3978 542 4033; x_wconf 93' lang='lat' dir='ltr'><strong>illud</strong></span> <span class='ocrx_word' id='word_1_418' title='bbox 567 3986 595 4032; x_wconf 94' lang='lat' dir='ltr'><strong>ut</strong></span> <span class='ocrx_word' id='word_1_419' title='bbox 618 3979 703 4048; x_wconf 90' lang='lat' dir='ltr'><strong>pium.</strong></span> <span class='ocrx_word' id='word_1_420' title='bbox 719 3980 797 4035; x_wconf 89' lang='lat' dir='ltr'><strong>Unde</strong></span> <span class='ocrx_word' id='word_1_421' title='bbox 817 3984 874 4035; x_wconf 81' lang='lat' dir='ltr'><strong>nu-</strong></span> 
     </span>
     <span class='ocr_line' id='line_1_40' title="bbox 73 4068 874 4141; baseline 0.004 -19"><span class='ocrx_word' id='word_1_422' title='bbox 73 4069 201 4141; x_wconf 84' lang='lat' dir='ltr'><strong>gnstinus</strong></span> <span class='ocrx_word' id='word_1_423' title='bbox 216 4069 309 4139; x_wconf 86' lang='lat' dir='ltr'><strong>(epist.</strong></span> <span class='ocrx_word' id='word_1_424' title='bbox 327 4069 389 4131; x_wconf 81' lang='lat'><strong>185,</strong></span> <span class='ocrx_word' id='word_1_425' title='bbox 404 4085 433 4123; x_wconf 93' lang='lat' dir='ltr'><strong>n.</strong></span> <span class='ocrx_word' id='word_1_426' title='bbox 452 4069 494 4137; x_wconf 78' lang='lat' dir='ltr'><strong>stt</strong></span> <span class='ocrx_word' id='word_1_427' title='bbox 510 4069 544 4123; x_wconf 88' lang='lat' dir='ltr'><strong>ad</strong></span> <span class='ocrx_word' id='word_1_428' title='bbox 561 4068 734 4123; x_wconf 86' lang='lat' dir='ltr'><strong>Bonelucium</strong></span> <span class='ocrx_word' id='word_1_429' title='bbox 757 4069 791 4124; x_wconf 92' lang='lat' dir='ltr'><strong>de</strong></span> <span class='ocrx_word' id='word_1_430' title='bbox 816 4070 874 4126; x_wconf 87' lang='lat' dir='ltr'><strong>Do-</strong></span> 
     </span>
     <span class='ocr_line' id='line_1_41' title="bbox 75 4156 872 4228; baseline 0.004 -17"><span class='ocrx_word' id='word_1_431' title='bbox 75 4156 183 4212; x_wconf 86' lang='lat' dir='ltr'><strong>natistis</strong></span> <span class='ocrx_word' id='word_1_432' title='bbox 202 4158 348 4221; x_wconf 83' lang='lat' dir='ltr'><strong>haereticis,</strong></span> <span class='ocrx_word' id='word_1_433' title='bbox 365 4166 426 4228; x_wconf 93' lang='lat' dir='ltr'><strong>post</strong></span> <span class='ocrx_word' id='word_1_434' title='bbox 443 4157 628 4226; x_wconf 73' lang='lat' dir='ltr'><strong>penitentiam</strong></span> <span class='ocrx_word' id='word_1_435' title='bbox 645 4157 726 4212; x_wconf 90' lang='lat' dir='ltr'><strong>ctiam</strong></span> <span class='ocrx_word' id='word_1_436' title='bbox 738 4157 764 4211; x_wconf 95' lang='lat' dir='ltr'><strong>in</strong></span> <span class='ocrx_word' id='word_1_437' title='bbox 781 4158 872 4215; x_wconf 89' lang='lat' dir='ltr'><strong>eccle-</strong></span> 
     </span>
     <span class='ocr_line' id='line_1_42' title="bbox 76 4245 873 4316; baseline 0.008 -17"><span class='ocrx_word' id='word_1_438' title='bbox 76 4246 196 4301; x_wconf 87' lang='lat' dir='ltr'><strong>siasticis</strong></span> <span class='ocrx_word' id='word_1_439' title='bbox 211 4247 358 4301; x_wconf 89' lang='lat' dir='ltr'><strong>honoribus</strong></span> <span class='ocrx_word' id='word_1_440' title='bbox 380 4245 572 4315; x_wconf 83' lang='lat' dir='ltr'><strong>suscipiendis,</strong></span> <span class='ocrx_word' id='word_1_441' title='bbox 586 4262 620 4300; x_wconf 92' lang='lat' dir='ltr'><strong>ne</strong></span> <span class='ocrx_word' id='word_1_442' title='bbox 642 4247 730 4316; x_wconf 86' lang='lat' dir='ltr'><strong>majus</strong></span> <span class='ocrx_word' id='word_1_443' title='bbox 746 4245 873 4305; x_wconf 74' lang='lat' dir='ltr'><strong>Ecclesiae</strong></span> 
     </span>
     <span class='ocr_line' id='line_1_43' title="bbox 75 4334 873 4407; baseline 0.001 -16"><span class='ocrx_word' id='word_1_444' title='bbox 75 4335 233 4391; x_wconf 85' lang='lat' dir='ltr'><strong>scandalum</strong></span> <span class='ocrx_word' id='word_1_445' title='bbox 255 4336 443 4391; x_wconf 89' lang='lat' dir='ltr'><strong>concitarent:</strong></span> <span class='ocrx_word' id='word_1_446' title='bbox 464 4358 474 4380; x_wconf 91' lang='grc' dir='ltr'><strong>ι</strong></span> <span class='ocrx_word' id='word_1_447' title='bbox 490 4335 516 4390; x_wconf 93' lang='lat' dir='ltr'><strong>Si</strong></span> <span class='ocrx_word' id='word_1_448' title='bbox 533 4350 609 4405; x_wconf 88' lang='lat' dir='ltr'><strong>ergo,</strong></span> <span class='ocrx_word' id='word_1_449' title='bbox 625 4334 758 4406; x_wconf 85' lang='lat' dir='ltr'><strong>inquiunt,</strong></span> <span class='ocrx_word' id='word_1_450' title='bbox 768 4345 873 4407; x_wconf 90' lang='lat' dir='ltr'><strong>oportet</strong></span> 
     </span>
    </p>
   </div>
   <div class='ocr_carea' id='block_1_14' title="bbox 72 4422 1437 4536">
    <p class='ocr_par' dir='ltr' id='par_1_14' title="bbox 72 4422 1437 4536">
     <span class='ocr_line' id='line_1_44' title="bbox 72 4422 1437 4536; baseline 0.003 -58"><span class='ocrx_word' id='word_1_451' title='bbox 72 4430 103 4478; x_wconf 91' lang='lat' dir='ltr'><strong>ut</strong></span> <span class='ocrx_word' id='word_1_452' title='bbox 118 4440 171 4480; x_wconf 91' lang='lat' dir='ltr'><strong>nos</strong></span> <span class='ocrx_word' id='word_1_453' title='bbox 187 4432 258 4479; x_wconf 86' lang='lat' dir='ltr'><strong>extra</strong></span> <span class='ocrx_word' id='word_1_454' title='bbox 275 4424 426 4478; x_wconf 81' lang='lat' dir='ltr'><strong>Ecclesiam</strong></span> <span class='ocrx_word' id='word_1_455' title='bbox 443 4430 470 4477; x_wconf 88' lang='lat' dir='ltr'><strong>et</strong></span> <span class='ocrx_word' id='word_1_456' title='bbox 485 4422 569 4477; x_wconf 89' lang='lat' dir='ltr'><strong>luisse</strong></span> <span class='ocrx_word' id='word_1_457' title='bbox 581 4423 710 4479; x_wconf 79' lang='lat' dir='ltr'><strong>adsersus</strong></span> <span class='ocrx_word' id='word_1_458' title='bbox 721 4425 869 4481; x_wconf 89' lang='lat' dir='ltr'><strong>Ecclesiam</strong></span> <span class='ocrx_word' id='word_1_459' title='bbox 886 4451 909 4511; x_wconf 75' lang='lat' dir='ltr'>D</span> <span class='ocrx_word' id='word_1_460' title='bbox 926 4477 1019 4532; x_wconf 54' lang='lat' dir='ltr'><strong>pacem</strong></span> <span class='ocrx_word' id='word_1_461' title='bbox 1043 4479 1098 4518; x_wconf 66' lang='lat' dir='ltr'><strong>non</strong></span> <span class='ocrx_word' id='word_1_462' title='bbox 1126 4481 1187 4520; x_wconf 55' lang='lat' dir='ltr'><strong>esse</strong></span> <span class='ocrx_word' id='word_1_463' title='bbox 1214 4464 1437 4536; x_wconf 31' lang='lat' dir='ltr'><strong>perturbandam*</strong></span> 
     </span>
    </p>
   </div>
   <div class='ocr_carea' id='block_1_15' title="bbox 70 4512 872 5562">
    <p class='ocr_par' dir='ltr' id='par_1_15' title="bbox 70 4512 872 5562">
     <span class='ocr_line' id='line_1_45' title="bbox 73 4512 872 4586; baseline 0.008 -22"><span class='ocrx_word' id='word_1_464' title='bbox 73 4513 203 4585; x_wconf 72' lang='lat' dir='ltr'><strong>praeniteat</strong></span> <span class='ocrx_word' id='word_1_465' title='bbox 231 4521 259 4567; x_wconf 93' lang='lat' dir='ltr'><strong>nt</strong></span> <span class='ocrx_word' id='word_1_466' title='bbox 286 4512 355 4567; x_wconf 90' lang='lat' dir='ltr'><strong>salvi</strong></span> <span class='ocrx_word' id='word_1_467' title='bbox 384 4528 444 4567; x_wconf 92' lang='lat' dir='ltr'><strong>essc</strong></span> <span class='ocrx_word' id='word_1_468' title='bbox 472 4512 617 4582; x_wconf 88' lang='lat' dir='ltr'><strong>possimus,</strong></span> <span class='ocrx_word' id='word_1_469' title='bbox 646 4514 786 4584; x_wconf 84' lang='lat' dir='ltr'><strong>quornodo</strong></span> <span class='ocrx_word' id='word_1_470' title='bbox 812 4525 872 4586; x_wconf 89' lang='lat' dir='ltr'><strong>post</strong></span> 
     </span>
     <span class='ocr_line' id='line_1_46' title="bbox 72 4601 871 4675; baseline 0.003 -19"><span class='ocrx_word' id='word_1_471' title='bbox 72 4601 152 4657; x_wconf 88' lang='lat' dir='ltr'><strong>istam</strong></span> <span class='ocrx_word' id='word_1_472' title='bbox 176 4603 363 4672; x_wconf 70' lang='lat' dir='ltr'><strong>poenitentiam</strong></span> <span class='ocrx_word' id='word_1_473' title='bbox 397 4602 469 4670; x_wconf 82' lang='lat' dir='ltr'><strong>apucl</strong></span> <span class='ocrx_word' id='word_1_474' title='bbox 495 4617 543 4655; x_wconf 89' lang='lat' dir='ltr'><strong>vos</strong></span> <span class='ocrx_word' id='word_1_475' title='bbox 567 4601 659 4657; x_wconf 89' lang='lat' dir='ltr'><strong>clerici</strong></span> <span class='ocrx_word' id='word_1_476' title='bbox 682 4603 723 4658; x_wconf 85' lang='lat' dir='ltr'><strong>rel</strong></span> <span class='ocrx_word' id='word_1_477' title='bbox 750 4604 871 4675; x_wconf 86' lang='lat' dir='ltr'><strong>episcopi</strong></span> 
     </span>
     <span class='ocr_line' id='line_1_47' title="bbox 71 4688 870 4762; baseline 0.003 -17"><span class='ocrx_word' id='word_1_478' title='bbox 71 4691 316 4762; x_wconf 79' lang='lat' dir='ltr'><strong>permanebimus?</strong></span> <span class='ocrx_word' id='word_1_479' title='bbox 341 4691 398 4745; x_wconf 92' lang='lat' dir='ltr'><strong>Hoc</strong></span> <span class='ocrx_word' id='word_1_480' title='bbox 424 4705 477 4743; x_wconf 93' lang='lat' dir='ltr'><strong>non</strong></span> <span class='ocrx_word' id='word_1_481' title='bbox 510 4688 597 4753; x_wconf 88' lang='lat' dir='ltr'><strong>ficret,</strong></span> <span class='ocrx_word' id='word_1_482' title='bbox 622 4691 749 4760; x_wconf 74' lang='lat' dir='ltr'><strong>caroniam</strong></span> <span class='ocrx_word' id='word_1_483' title='bbox 778 4707 870 4747; x_wconf 85' lang='lat' dir='ltr'><strong>revera</strong></span> 
     </span>
     <span class='ocr_line' id='line_1_48' title="bbox 72 4777 870 4852; baseline 0.004 -18"><span class='ocrx_word' id='word_1_484' title='bbox 72 4780 145 4852; x_wconf 90' lang='lat' dir='ltr'><strong>quod</strong></span> <span class='ocrx_word' id='word_1_485' title='bbox 169 4779 320 4836; x_wconf 89' lang='lat' dir='ltr'><strong>laciendum</strong></span> <span class='ocrx_word' id='word_1_486' title='bbox 344 4787 384 4834; x_wconf 90' lang='lat' dir='ltr'><strong>est</strong></span> <span class='ocrx_word' id='word_1_487' title='bbox 405 4779 462 4833; x_wconf 92' lang='lat' dir='ltr'><strong>lieri</strong></span> <span class='ocrx_word' id='word_1_488' title='bbox 494 4795 547 4834; x_wconf 90' lang='lat' dir='ltr'><strong>non</strong></span> <span class='ocrx_word' id='word_1_489' title='bbox 571 4777 694 4843; x_wconf 91' lang='lat' dir='ltr'><strong>deberet,</strong></span> <span class='ocrx_word' id='word_1_490' title='bbox 722 4779 773 4835; x_wconf 87' lang='lat' dir='ltr'><strong>nisi</strong></span> <span class='ocrx_word' id='word_1_491' title='bbox 795 4781 870 4852; x_wconf 88' lang='lat' dir='ltr'><strong>pacis</strong></span> 
     </span>
     <span class='ocr_line' id='line_1_49' title="bbox 72 4869 870 4942; baseline 0.006 -20"><span class='ocrx_word' id='word_1_492' title='bbox 72 4869 160 4938; x_wconf 88' lang='lat' dir='ltr'><strong>ipsius</strong></span> <span class='ocrx_word' id='word_1_493' title='bbox 184 4869 405 4939; x_wconf 88' lang='lat' dir='ltr'><strong>compensatione</strong></span> <span class='ocrx_word' id='word_1_494' title='bbox 430 4875 581 4922; x_wconf 89' lang='lat' dir='ltr'><strong>sanaretur.</strong></span> <span class='ocrx_word' id='word_1_495' title='bbox 608 4890 619 4914; x_wconf 94' lang='grc' dir='ltr'><strong>ι</strong></span> <span class='ocrx_word' id='word_1_496' title='bbox 645 4869 678 4922; x_wconf 89' lang='lat' dir='ltr'><strong>Et</strong></span> <span class='ocrx_word' id='word_1_497' title='bbox 703 4877 870 4942; x_wconf 82' lang='lat' dir='ltr'><strong>postpauca</strong></span> 
     </span>
     <span class='ocr_line' id='line_1_50' title="bbox 72 4956 869 5028; baseline 0.004 -16"><span class='ocrx_word' id='word_1_498' title='bbox 72 4959 163 5028; x_wconf 71' lang='lat' dir='ltr'><strong>item.)</strong></span> <span class='ocrx_word' id='word_1_499' title='bbox 180 4978 186 5014; x_wconf 89' lang='lat'>:</span> <span class='ocrx_word' id='word_1_500' title='bbox 206 4982 216 5006; x_wconf 90' lang='grc' dir='ltr'><strong>ιι</strong></span> <span class='ocrx_word' id='word_1_501' title='bbox 234 4959 280 5012; x_wconf 85' lang='lat' dir='ltr'><strong>Est</strong></span> <span class='ocrx_word' id='word_1_502' title='bbox 295 4959 347 5012; x_wconf 85' lang='lat' dir='ltr'><strong>tale</strong></span> <span class='ocrx_word' id='word_1_503' title='bbox 362 4956 497 5012; x_wconf 88' lang='lat' dir='ltr'><strong>inserendi</strong></span> <span class='ocrx_word' id='word_1_504' title='bbox 512 4972 609 5025; x_wconf 83' lang='lat' dir='ltr'><strong>genus,</strong></span> <span class='ocrx_word' id='word_1_505' title='bbox 627 4963 655 5011; x_wconf 96' lang='lat' dir='ltr'><strong>ut</strong></span> <span class='ocrx_word' id='word_1_506' title='bbox 669 4958 743 5013; x_wconf 90' lang='lat' dir='ltr'><strong>nullo</strong></span> <span class='ocrx_word' id='word_1_507' title='bbox 754 4960 869 5028; x_wconf 73' lang='lat' dir='ltr'><strong>praeciso</strong></span> 
     </span>
     <span class='ocr_line' id='line_1_51' title="bbox 71 5045 869 5119; baseline 0.003 -17"><span class='ocrx_word' id='word_1_508' title='bbox 71 5062 149 5102; x_wconf 81' lang='lat' dir='ltr'><strong>remo</strong></span> <span class='ocrx_word' id='word_1_509' title='bbox 164 5047 208 5119; x_wconf 85' lang='lat' dir='ltr'><strong>qui</strong></span> <span class='ocrx_word' id='word_1_510' title='bbox 226 5048 346 5111; x_wconf 89' lang='lat' dir='ltr'><strong>interest,</strong></span> <span class='ocrx_word' id='word_1_511' title='bbox 363 5046 408 5101; x_wconf 91' lang='lat' dir='ltr'><strong>ille</strong></span> <span class='ocrx_word' id='word_1_512' title='bbox 427 5046 471 5117; x_wconf 83' lang='lat' dir='ltr'><strong>qui</strong></span> <span class='ocrx_word' id='word_1_513' title='bbox 495 5045 560 5100; x_wconf 91' lang='lat' dir='ltr'><strong>loris</strong></span> <span class='ocrx_word' id='word_1_514' title='bbox 579 5054 619 5101; x_wconf 90' lang='lat' dir='ltr'><strong>est</strong></span> <span class='ocrx_word' id='word_1_515' title='bbox 640 5046 787 5104; x_wconf 89' lang='lat' dir='ltr'><strong>inseratur.</strong></span> <span class='ocrx_word' id='word_1_516' title='bbox 808 5049 869 5104; x_wconf 87' lang='lat' dir='ltr'><strong>Non</strong></span> 
     </span>
     <span class='ocr_line' id='line_1_52' title="bbox 72 5133 870 5208; baseline 0.004 -18"><span class='ocrx_word' id='word_1_517' title='bbox 72 5143 163 5190; x_wconf 91' lang='lat' dir='ltr'><strong>tamen</strong></span> <span class='ocrx_word' id='word_1_518' title='bbox 180 5134 263 5197; x_wconf 86' lang='lat' dir='ltr'><strong>nullo,</strong></span> <span class='ocrx_word' id='word_1_519' title='bbox 281 5135 328 5189; x_wconf 89' lang='lat' dir='ltr'><strong>sed</strong></span> <span class='ocrx_word' id='word_1_520' title='bbox 346 5134 486 5189; x_wconf 86' lang='lat' dir='ltr'><strong>levissimo</strong></span> <span class='ocrx_word' id='word_1_521' title='bbox 502 5133 612 5189; x_wconf 81' lang='lat' dir='ltr'><strong>vnlnere</strong></span> <span class='ocrx_word' id='word_1_522' title='bbox 623 5133 739 5192; x_wconf 88' lang='lat' dir='ltr'><strong>arboris.</strong></span> <span class='ocrx_word' id='word_1_523' title='bbox 751 5137 791 5190; x_wconf 86' lang='lat' dir='ltr'><strong>lta</strong></span> <span class='ocrx_word' id='word_1_524' title='bbox 804 5153 870 5208; x_wconf 89' lang='lat' dir='ltr'><strong>ergo</strong></span> 
     </span>
     <span class='ocr_line' id='line_1_53' title="bbox 70 5222 871 5290; baseline 0.002 -11"><span class='ocrx_word' id='word_1_525' title='bbox 70 5225 156 5280; x_wconf 91' lang='lat' dir='ltr'><strong>etiam</strong></span> <span class='ocrx_word' id='word_1_526' title='bbox 173 5225 215 5278; x_wconf 90' lang='lat' dir='ltr'><strong>isti</strong></span> <span class='ocrx_word' id='word_1_527' title='bbox 230 5239 292 5279; x_wconf 93' lang='lat' dir='ltr'><strong>cum</strong></span> <span class='ocrx_word' id='word_1_528' title='bbox 314 5224 348 5279; x_wconf 90' lang='lat' dir='ltr'><strong>ad</strong></span> <span class='ocrx_word' id='word_1_529' title='bbox 374 5223 491 5277; x_wconf 81' lang='lat' dir='ltr'><strong>rarlicem</strong></span> <span class='ocrx_word' id='word_1_530' title='bbox 516 5222 677 5277; x_wconf 90' lang='lat' dir='ltr'><strong>catholicam</strong></span> <span class='ocrx_word' id='word_1_531' title='bbox 699 5224 820 5290; x_wconf 81' lang='lat' dir='ltr'><strong>veniunt,</strong></span> <span class='ocrx_word' id='word_1_532' title='bbox 837 5242 871 5281; x_wconf 92' lang='lat' dir='ltr'><strong>ne</strong></span> 
     </span>
     <span class='ocr_line' id='line_1_54' title="bbox 71 5311 869 5385; baseline 0 -17"><span class='ocrx_word' id='word_1_533' title='bbox 71 5313 113 5368; x_wconf 88' lang='lat' dir='ltr'><strong>eis</strong></span> <span class='ocrx_word' id='word_1_534' title='bbox 136 5313 262 5385; x_wconf 74' lang='lat' dir='ltr'><strong>quamvis</strong></span> <span class='ocrx_word' id='word_1_535' title='bbox 285 5320 347 5382; x_wconf 89' lang='lat' dir='ltr'><strong>post</strong></span> <span class='ocrx_word' id='word_1_536' title='bbox 371 5312 472 5366; x_wconf 89' lang='lat' dir='ltr'><strong>erroris</strong></span> <span class='ocrx_word' id='word_1_537' title='bbox 505 5311 547 5365; x_wconf 91' lang='lat' dir='ltr'><strong>sni</strong></span> <span class='ocrx_word' id='word_1_538' title='bbox 571 5311 757 5381; x_wconf 75' lang='lat' dir='ltr'><strong>poenitentiam</strong></span> <span class='ocrx_word' id='word_1_539' title='bbox 780 5311 869 5368; x_wconf 89' lang='lat' dir='ltr'><strong>honor</strong></span> 
     </span>
     <span class='ocr_line' id='line_1_55' title="bbox 71 5399 869 5472; baseline 0.001 -16"><span class='ocrx_word' id='word_1_540' title='bbox 71 5400 215 5457; x_wconf 84' lang='lat' dir='ltr'><strong>clericatus</strong></span> <span class='ocrx_word' id='word_1_541' title='bbox 239 5411 285 5457; x_wconf 82' lang='lat' dir='ltr'><strong>aiut</strong></span> <span class='ocrx_word' id='word_1_542' title='bbox 308 5403 481 5471; x_wconf 87' lang='lat' dir='ltr'><strong>episcopatus</strong></span> <span class='ocrx_word' id='word_1_543' title='bbox 514 5399 667 5454; x_wconf 78' lang='lat' dir='ltr'><strong>auferatur.</strong></span> <span class='ocrx_word' id='word_1_544' title='bbox 697 5401 736 5455; x_wconf 85' lang='lat' dir='ltr'><strong>Fit</strong></span> <span class='ocrx_word' id='word_1_545' title='bbox 759 5401 869 5472; x_wconf 83' lang='lat' dir='ltr'><strong>quidem</strong></span> 
     </span>
     <span class='ocr_line' id='line_1_56' title="bbox 71 5488 869 5562; baseline 0.001 -17"><span class='ocrx_word' id='word_1_546' title='bbox 71 5490 175 5561; x_wconf 82' lang='lat' dir='ltr'><strong>aliquid</strong></span> <span class='ocrx_word' id='word_1_547' title='bbox 191 5496 316 5562; x_wconf 86' lang='lat' dir='ltr'><strong>tanquam</strong></span> <span class='ocrx_word' id='word_1_548' title='bbox 332 5490 359 5545; x_wconf 92' lang='lat' dir='ltr'><strong>in</strong></span> <span class='ocrx_word' id='word_1_549' title='bbox 374 5491 475 5546; x_wconf 90' lang='lat' dir='ltr'><strong>cortice</strong></span> <span class='ocrx_word' id='word_1_550' title='bbox 490 5488 595 5543; x_wconf 88' lang='lat' dir='ltr'><strong>arboris</strong></span> <span class='ocrx_word' id='word_1_551' title='bbox 618 5497 711 5544; x_wconf 89' lang='lat' dir='ltr'><strong>contra</strong></span> <span class='ocrx_word' id='word_1_552' title='bbox 726 5489 869 5561; x_wconf 87' lang='lat' dir='ltr'><strong>integrita-</strong></span> 
     </span>
    </p>
   </div>
   <div class='ocr_carea' id='block_1_16' title="bbox 76 5578 905 5652">
    <p class='ocr_par' dir='ltr' id='par_1_16' title="bbox 76 5578 905 5652">
     <span class='ocr_line' id='line_1_57' title="bbox 76 5578 905 5652; baseline 0.001 -16"><span class='ocrx_word' id='word_1_553' title='bbox 76 5589 132 5637; x_wconf 88' lang='lat' dir='ltr'><strong>tem</strong></span> <span class='ocrx_word' id='word_1_554' title='bbox 147 5580 334 5641; x_wconf 56' lang='lat' dir='ltr'><strong>seven&#39;tatisa</strong></span> <span class='ocrx_word' id='word_1_555' title='bbox 352 5580 385 5636; x_wconf 87' lang='lat' dir='ltr'><strong>Et</strong></span> <span class='ocrx_word' id='word_1_556' title='bbox 399 5586 460 5652; x_wconf 89' lang='lat' dir='ltr'><strong>post</strong></span> <span class='ocrx_word' id='word_1_557' title='bbox 484 5591 572 5650; x_wconf 88' lang='lat' dir='ltr'><strong>pauca</strong></span> <span class='ocrx_word' id='word_1_558' title='bbox 584 5578 674 5649; x_wconf 71' lang='lat' dir='ltr'><strong>(oret,</strong></span> <span class='ocrx_word' id='word_1_559' title='bbox 691 5595 717 5634; x_wconf 93' lang='lat' dir='ltr'><strong>n.</strong></span> <span class='ocrx_word' id='word_1_560' title='bbox 732 5578 795 5651; x_wconf 68' lang='lat' dir='ltr'><strong>tsi:</strong></span> <span class='ocrx_word' id='word_1_561' title='bbox 810 5599 821 5631; x_wconf 86' lang='grc' dir='ltr'><strong>ι</strong></span> <span class='ocrx_word' id='word_1_562' title='bbox 835 5581 870 5637; x_wconf 87' lang='lat' dir='ltr'><strong>Ut</strong></span> <span class='ocrx_word' id='word_1_563' title='bbox 900 5590 905 5599; x_wconf 83' lang='grc'><strong>’</strong></span> 
     </span>
    </p>
   </div>
   <div class='ocr_carea' id='block_1_17' title="bbox 935 2240 1736 2846">
    <p class='ocr_par' dir='ltr' id='par_1_17' title="bbox 935 2240 1736 2846">
     <span class='ocr_line' id='line_1_58' title="bbox 937 2240 1735 2310; baseline 0.005 -18"><span class='ocrx_word' id='word_1_564' title='bbox 937 2246 1095 2310; x_wconf 88' lang='lat' dir='ltr'><strong>potestates.</strong></span> <span class='ocrx_word' id='word_1_565' title='bbox 1115 2241 1222 2310; x_wconf 83' lang='lat' dir='ltr'><strong>Cogunt</strong></span> <span class='ocrx_word' id='word_1_566' title='bbox 1237 2241 1309 2294; x_wconf 91' lang='lat' dir='ltr'><strong>enim</strong></span> <span class='ocrx_word' id='word_1_567' title='bbox 1330 2240 1455 2295; x_wconf 80' lang='lat' dir='ltr'><strong>invenire</strong></span> <span class='ocrx_word' id='word_1_568' title='bbox 1470 2241 1567 2296; x_wconf 90' lang='lat' dir='ltr'><strong>multas</strong></span> <span class='ocrx_word' id='word_1_569' title='bbox 1582 2240 1735 2296; x_wconf 89' lang='lat' dir='ltr'><strong>medicinas</strong></span> 
     </span>
     <span class='ocr_line' id='line_1_59' title="bbox 936 2327 1734 2400; baseline 0.004 -19"><span class='ocrx_word' id='word_1_570' title='bbox 936 2327 1020 2382; x_wconf 88' lang='lat' dir='ltr'><strong>multa</strong></span> <span class='ocrx_word' id='word_1_571' title='bbox 1035 2327 1224 2398; x_wconf 84' lang='lat' dir='ltr'><strong>experimenta</strong></span> <span class='ocrx_word' id='word_1_572' title='bbox 1239 2328 1409 2385; x_wconf 90' lang='lat' dir='ltr'><strong>morborum.</strong></span> <span class='ocrx_word' id='word_1_573' title='bbox 1430 2329 1567 2385; x_wconf 86' lang='lat' dir='ltr'><strong>Rerumin</strong></span> <span class='ocrx_word' id='word_1_574' title='bbox 1580 2329 1734 2400; x_wconf 81' lang='lat' dir='ltr'><strong>hujusmodi</strong></span> 
     </span>
     <span class='ocr_line' id='line_1_60' title="bbox 937 2415 1735 2488; baseline 0.003 -17"><span class='ocrx_word' id='word_1_575' title='bbox 937 2415 1037 2484; x_wconf 86' lang='lat' dir='ltr'><strong>causis,</strong></span> <span class='ocrx_word' id='word_1_576' title='bbox 1050 2417 1098 2470; x_wconf 93' lang='lat' dir='ltr'><strong>ubi</strong></span> <span class='ocrx_word' id='word_1_577' title='bbox 1122 2433 1279 2488; x_wconf 79' lang='lat' dir='ltr'><strong>praegraves</strong></span> <span class='ocrx_word' id='word_1_578' title='bbox 1302 2417 1501 2474; x_wconf 90' lang='lat' dir='ltr'><strong>dissensionum</strong></span> <span class='ocrx_word' id='word_1_579' title='bbox 1525 2418 1660 2474; x_wconf 84' lang='lat' dir='ltr'><strong>scissuras</strong></span> <span class='ocrx_word' id='word_1_580' title='bbox 1681 2433 1735 2474; x_wconf 91' lang='lat' dir='ltr'><strong>non</strong></span> 
     </span>
     <span class='ocr_line' id='line_1_61' title="bbox 937 2504 1736 2578; baseline 0.006 -20"><span class='ocrx_word' id='word_1_581' title='bbox 937 2504 1016 2573; x_wconf 81' lang='lat' dir='ltr'><strong>hujus</strong></span> <span class='ocrx_word' id='word_1_582' title='bbox 1030 2515 1077 2560; x_wconf 91' lang='lat' dir='ltr'><strong>aut</strong></span> <span class='ocrx_word' id='word_1_583' title='bbox 1091 2505 1164 2561; x_wconf 90' lang='lat' dir='ltr'><strong>illius</strong></span> <span class='ocrx_word' id='word_1_584' title='bbox 1180 2506 1298 2562; x_wconf 88' lang='lat' dir='ltr'><strong>hominis</strong></span> <span class='ocrx_word' id='word_1_585' title='bbox 1317 2507 1478 2578; x_wconf 90' lang='lat' dir='ltr'><strong>perieulum,</strong></span> <span class='ocrx_word' id='word_1_586' title='bbox 1497 2508 1545 2562; x_wconf 89' lang='lat' dir='ltr'><strong>sed</strong></span> <span class='ocrx_word' id='word_1_587' title='bbox 1570 2507 1736 2578; x_wconf 88' lang='lat' dir='ltr'><strong>populorum</strong></span> 
     </span>
     <span class='ocr_line' id='line_1_62' title="bbox 938 2596 1735 2666; baseline 0.006 -19"><span class='ocrx_word' id='word_1_588' title='bbox 938 2603 1046 2666; x_wconf 87' lang='lat' dir='ltr'><strong>strages</strong></span> <span class='ocrx_word' id='word_1_589' title='bbox 1058 2597 1159 2663; x_wconf 82' lang='lat' dir='ltr'><strong>jacent,</strong></span> <span class='ocrx_word' id='word_1_590' title='bbox 1175 2596 1372 2651; x_wconf 85' lang='lat' dir='ltr'><strong>detrahendum</strong></span> <span class='ocrx_word' id='word_1_591' title='bbox 1398 2605 1439 2651; x_wconf 90' lang='lat' dir='ltr'><strong>est</strong></span> <span class='ocrx_word' id='word_1_592' title='bbox 1463 2596 1563 2666; x_wconf 84' lang='lat' dir='ltr'><strong>aliquid</strong></span> <span class='ocrx_word' id='word_1_593' title='bbox 1588 2596 1735 2664; x_wconf 88' lang='lat' dir='ltr'><strong>severitati,</strong></span> 
     </span>
     <span class='ocr_line' id='line_1_63' title="bbox 936 2683 1736 2753; baseline 0.008 -17"><span class='ocrx_word' id='word_1_594' title='bbox 936 2690 965 2736; x_wconf 91' lang='lat' dir='ltr'><strong>ut</strong></span> <span class='ocrx_word' id='word_1_595' title='bbox 979 2683 1128 2753; x_wconf 89' lang='lat' dir='ltr'><strong>majoribus</strong></span> <span class='ocrx_word' id='word_1_596' title='bbox 1141 2683 1219 2738; x_wconf 88' lang='lat' dir='ltr'><strong>malis</strong></span> <span class='ocrx_word' id='word_1_597' title='bbox 1232 2685 1361 2739; x_wconf 89' lang='lat' dir='ltr'><strong>sanandis</strong></span> <span class='ocrx_word' id='word_1_598' title='bbox 1376 2684 1494 2740; x_wconf 88' lang='lat' dir='ltr'><strong>charitas</strong></span> <span class='ocrx_word' id='word_1_599' title='bbox 1510 2684 1619 2742; x_wconf 85' lang='lat' dir='ltr'><strong>sincera</strong></span> <span class='ocrx_word' id='word_1_600' title='bbox 1635 2685 1736 2742; x_wconf 82' lang='lat' dir='ltr'><strong>subve-</strong></span> 
     </span>
     <span class='ocr_line' id='line_1_64' title="bbox 935 2772 1735 2846; baseline 0.009 -21"><span class='ocrx_word' id='word_1_601' title='bbox 935 2772 1002 2826; x_wconf 87' lang='lat' dir='ltr'><strong>niat.</strong></span> <span class='ocrx_word' id='word_1_602' title='bbox 1031 2773 1154 2829; x_wconf 87' lang='lat' dir='ltr'><strong>ltabeant</strong></span> <span class='ocrx_word' id='word_1_603' title='bbox 1179 2789 1249 2846; x_wconf 86' lang='lat' dir='ltr'><strong>ergo</strong></span> <span class='ocrx_word' id='word_1_604' title='bbox 1274 2774 1317 2829; x_wconf 87' lang='lat' dir='ltr'><strong>isti</strong></span> <span class='ocrx_word' id='word_1_605' title='bbox 1349 2775 1383 2830; x_wconf 92' lang='lat' dir='ltr'><strong>de</strong></span> <span class='ocrx_word' id='word_1_606' title='bbox 1417 2778 1553 2846; x_wconf 77' lang='lat' dir='ltr'><strong>praeterito</strong></span> <span class='ocrx_word' id='word_1_607' title='bbox 1582 2775 1735 2832; x_wconf 88' lang='lat' dir='ltr'><strong>detestabili</strong></span> 
     </span>
    </p>
   </div>
   <div class='ocr_carea' id='block_1_18' title="bbox 935 2951 1736 3290">
    <p class='ocr_par' dir='ltr' id='par_1_18' title="bbox 935 2951 1736 3290">
     <span class='ocr_line' id='line_1_65' title="bbox 936 2951 1736 3018; baseline 0.006 -14"><span class='ocrx_word' id='word_1_608' title='bbox 936 2966 1058 3006; x_wconf 89' lang='lat' dir='ltr'><strong>amarum</strong></span> <span class='ocrx_word' id='word_1_609' title='bbox 1074 2951 1195 3008; x_wconf 89' lang='lat' dir='ltr'><strong>dolorem</strong></span> <span class='ocrx_word' id='word_1_610' title='bbox 1210 2971 1217 3018; x_wconf 92' lang='lat'>;</span> <span class='ocrx_word' id='word_1_611' title='bbox 1235 2960 1261 3008; x_wconf 89' lang='lat' dir='ltr'><strong>ct</strong></span> <span class='ocrx_word' id='word_1_612' title='bbox 1276 2953 1388 3008; x_wconf 86' lang='lat' dir='ltr'><strong>veniant</strong></span> <span class='ocrx_word' id='word_1_613' title='bbox 1403 2954 1437 3008; x_wconf 88' lang='lat' dir='ltr'><strong>ad</strong></span> <span class='ocrx_word' id='word_1_614' title='bbox 1462 2954 1612 3009; x_wconf 90' lang='lat' dir='ltr'><strong>Ecclesiam</strong></span> <span class='ocrx_word' id='word_1_615' title='bbox 1637 2954 1736 3010; x_wconf 79' lang='lat' dir='ltr'><strong>Christi</strong></span> 
     </span>
     <span class='ocr_line' id='line_1_66' title="bbox 937 3040 1732 3114; baseline 0.003 -20"><span class='ocrx_word' id='word_1_616' title='bbox 937 3055 1031 3094; x_wconf 88' lang='lat' dir='ltr'><strong>veram</strong></span> <span class='ocrx_word' id='word_1_617' title='bbox 1053 3048 1171 3096; x_wconf 89' lang='lat' dir='ltr'><strong>matrem</strong></span> <span class='ocrx_word' id='word_1_618' title='bbox 1196 3040 1371 3109; x_wconf 88' lang='lat' dir='ltr'><strong>catholicam,</strong></span> <span class='ocrx_word' id='word_1_619' title='bbox 1394 3041 1497 3097; x_wconf 90' lang='lat' dir='ltr'><strong>sintin</strong></span> <span class='ocrx_word' id='word_1_620' title='bbox 1530 3041 1576 3096; x_wconf 92' lang='lat' dir='ltr'><strong>illa</strong></span> <span class='ocrx_word' id='word_1_621' title='bbox 1600 3042 1732 3114; x_wconf 88' lang='lat' dir='ltr'><strong>episcopi,</strong></span> 
     </span>
     <span class='ocr_line' id='line_1_67' title="bbox 936 3128 1733 3202; baseline 0.004 -20"><span class='ocrx_word' id='word_1_622' title='bbox 936 3129 988 3184; x_wconf 90' lang='lat' dir='ltr'><strong>sint</strong></span> <span class='ocrx_word' id='word_1_623' title='bbox 1002 3128 1092 3185; x_wconf 91' lang='lat' dir='ltr'><strong>clerici</strong></span> <span class='ocrx_word' id='word_1_624' title='bbox 1106 3130 1216 3198; x_wconf 89' lang='lat' dir='ltr'><strong>utiliter,</strong></span> <span class='ocrx_word' id='word_1_625' title='bbox 1234 3130 1279 3202; x_wconf 83' lang='lat' dir='ltr'><strong>qui</strong></span> <span class='ocrx_word' id='word_1_626' title='bbox 1293 3137 1389 3187; x_wconf 91' lang='lat' dir='ltr'><strong>contra</strong></span> <span class='ocrx_word' id='word_1_627' title='bbox 1413 3129 1488 3185; x_wconf 90' lang='lat' dir='ltr'><strong>illam</strong></span> <span class='ocrx_word' id='word_1_628' title='bbox 1512 3131 1621 3186; x_wconf 90' lang='lat' dir='ltr'><strong>luerunt</strong></span> <span class='ocrx_word' id='word_1_629' title='bbox 1644 3133 1733 3187; x_wconf 85' lang='lat' dir='ltr'><strong>lrosti-</strong></span> 
     </span>
     <span class='ocr_line' id='line_1_68' title="bbox 935 3216 1729 3290; baseline 0.004 -20"><span class='ocrx_word' id='word_1_630' title='bbox 935 3216 1011 3273; x_wconf 90' lang='lat' dir='ltr'><strong>liter.</strong></span> <span class='ocrx_word' id='word_1_631' title='bbox 1028 3218 1089 3273; x_wconf 86' lang='lat' dir='ltr'><strong>Non</strong></span> <span class='ocrx_word' id='word_1_632' title='bbox 1104 3218 1267 3283; x_wconf 86' lang='lat' dir='ltr'><strong>inridemus,</strong></span> <span class='ocrx_word' id='word_1_633' title='bbox 1291 3219 1347 3274; x_wconf 94' lang='lat' dir='ltr'><strong>imo</strong></span> <span class='ocrx_word' id='word_1_634' title='bbox 1373 3219 1570 3289; x_wconf 88' lang='lat' dir='ltr'><strong>amplectimur,</strong></span> <span class='ocrx_word' id='word_1_635' title='bbox 1593 3228 1729 3290; x_wconf 92' lang='lat' dir='ltr'><strong>optamus,</strong></span> 
     </span>
    </p>
   </div>
   <div class='ocr_carea' id='block_1_19' title="bbox 686 3269 1730 3378">
    <p class='ocr_par' dir='ltr' id='par_1_19' title="bbox 686 3269 1730 3378">
     <span class='ocr_line' id='line_1_69' title="bbox 686 3269 1730 3378; baseline 0.013 -29"><span class='ocrx_word' id='word_1_636' title='bbox 686 3269 809 3324; x_wconf 58' lang='lat' dir='ltr'><strong>⁶¹⁰⁰f⁹¹²</strong></span> <span class='ocrx_word' id='word_1_637' title='bbox 836 3281 881 3325; x_wconf 43' lang='grc' dir='ltr'><strong>δι’</strong></span> <span class='ocrx_word' id='word_1_638' title='bbox 935 3307 1127 3375; x_wconf 86' lang='lat' dir='ltr'><strong>hortamur,ct</strong></span> <span class='ocrx_word' id='word_1_639' title='bbox 1151 3323 1218 3378; x_wconf 90' lang='lat' dir='ltr'><strong>quos</strong></span> <span class='ocrx_word' id='word_1_640' title='bbox 1239 3307 1265 3360; x_wconf 91' lang='lat' dir='ltr'><strong>in</strong></span> <span class='ocrx_word' id='word_1_641' title='bbox 1295 3307 1347 3362; x_wconf 83' lang='lat' dir='ltr'><strong>riis</strong></span> <span class='ocrx_word' id='word_1_642' title='bbox 1376 3315 1402 3361; x_wconf 90' lang='lat' dir='ltr'><strong>et</strong></span> <span class='ocrx_word' id='word_1_643' title='bbox 1435 3307 1544 3378; x_wconf 89' lang='lat' dir='ltr'><strong>sepibus</strong></span> <span class='ocrx_word' id='word_1_644' title='bbox 1576 3308 1730 3363; x_wconf 79' lang='lat' dir='ltr'><strong>invenimus</strong></span> 
     </span>
    </p>
   </div>
   <div class='ocr_carea' id='block_1_20' title="bbox 934 3395 1729 3555">
    <p class='ocr_par' dir='ltr' id='par_1_20' title="bbox 934 3395 1729 3555">
     <span class='ocr_line' id='line_1_70' title="bbox 934 3395 1729 3468; baseline 0.003 -19"><span class='ocrx_word' id='word_1_645' title='bbox 934 3395 1033 3450; x_wconf 86' lang='lat' dir='ltr'><strong>intrare</strong></span> <span class='ocrx_word' id='word_1_646' title='bbox 1057 3396 1192 3467; x_wconf 81' lang='lat' dir='ltr'><strong>cogimus.</strong></span> <span class='ocrx_word' id='word_1_647' title='bbox 1212 3396 1357 3468; x_wconf 76' lang='lat' dir='ltr'><strong>Apostolus</strong></span> <span class='ocrx_word' id='word_1_648' title='bbox 1380 3396 1470 3451; x_wconf 87' lang='lat' dir='ltr'><strong>Petrus</strong></span> <span class='ocrx_word' id='word_1_649' title='bbox 1493 3396 1538 3468; x_wconf 86' lang='lat' dir='ltr'><strong>qui</strong></span> <span class='ocrx_word' id='word_1_650' title='bbox 1558 3395 1729 3452; x_wconf 82' lang='lat' dir='ltr'><strong>Salvatorem</strong></span> 
     </span>
     <span class='ocr_line' id='line_1_71' title="bbox 1110 3485 1727 3555; baseline 0.005 -17"><span class='ocrx_word' id='word_1_651' title='bbox 1110 3485 1192 3549; x_wconf 80' lang='lat' dir='ltr'><strong>llerit,</strong></span> <span class='ocrx_word' id='word_1_652' title='bbox 1212 3492 1239 3540; x_wconf 93' lang='lat' dir='ltr'><strong>et</strong></span> <span class='ocrx_word' id='word_1_653' title='bbox 1252 3485 1391 3555; x_wconf 89' lang='lat' dir='ltr'><strong>apostolus</strong></span> <span class='ocrx_word' id='word_1_654' title='bbox 1406 3485 1516 3550; x_wconf 89' lang='lat' dir='ltr'><strong>mansit,</strong></span> <span class='ocrx_word' id='word_1_655' title='bbox 1532 3485 1652 3540; x_wconf 92' lang='lat' dir='ltr'><strong>nondum</strong></span> <span class='ocrx_word' id='word_1_656' title='bbox 1678 3500 1727 3542; x_wconf 88' lang='lat' dir='ltr'><strong>ao·</strong></span> 
     </span>
    </p>
   </div>
   <div class='ocr_carea' id='block_1_21' title="bbox 80 3537 1727 3695">
    <p class='ocr_par' dir='ltr' id='par_1_21' title="bbox 80 3537 1727 3695">
     <span class='ocr_line' id='line_1_72' title="bbox 195 3537 1727 3645; baseline -0.002 -12"><span class='ocrx_word' id='word_1_657' title='bbox 195 3623 200 3633; x_wconf 95' lang='lat'><strong>.</strong></span> <span class='ocrx_word' id='word_1_658' title='bbox 496 3623 501 3633; x_wconf 93' lang='lat'><strong>.</strong></span> <span class='ocrx_word' id='word_1_659' title='bbox 564 3624 569 3633; x_wconf 92' lang='lat'><strong>.</strong></span> <span class='ocrx_word' id='word_1_660' title='bbox 643 3625 648 3634; x_wconf 87' lang='lat'><strong>.</strong></span> <span class='ocrx_word' id='word_1_661' title='bbox 735 3625 739 3634; x_wconf 84' lang='lat'><strong>.</strong></span> <span class='ocrx_word' id='word_1_662' title='bbox 783 3537 878 3635; x_wconf 53' lang='lat' dir='ltr'><strong>,must</strong></span> <span class='ocrx_word' id='word_1_663' title='bbox 933 3581 1043 3645; x_wconf 87' lang='lat' dir='ltr'><strong>ceperat</strong></span> <span class='ocrx_word' id='word_1_664' title='bbox 1066 3573 1227 3645; x_wconf 90' lang='lat' dir='ltr'><strong>promissum</strong></span> <span class='ocrx_word' id='word_1_665' title='bbox 1256 3572 1372 3644; x_wconf 90' lang='lat' dir='ltr'><strong>Spiritus</strong></span> <span class='ocrx_word' id='word_1_666' title='bbox 1394 3583 1542 3640; x_wconf 87' lang='lat' dir='ltr'><strong>sanctum;</strong></span> <span class='ocrx_word' id='word_1_667' title='bbox 1566 3573 1613 3629; x_wconf 90' lang='lat' dir='ltr'><strong>sed</strong></span> <span class='ocrx_word' id='word_1_668' title='bbox 1643 3575 1727 3630; x_wconf 91' lang='lat' dir='ltr'><strong>multo</strong></span> 
     </span>
     <span class='ocr_line' id='line_1_73' title="bbox 80 3622 877 3695; baseline 0 -16"><span class='ocrx_word' id='word_1_669' title='bbox 80 3639 135 3679; x_wconf 91' lang='lat' dir='ltr'><strong>non</strong></span> <span class='ocrx_word' id='word_1_670' title='bbox 150 3622 212 3678; x_wconf 84' lang='lat' dir='ltr'><strong>lectt</strong></span> <span class='ocrx_word' id='word_1_671' title='bbox 228 3631 324 3678; x_wconf 89' lang='lat' dir='ltr'><strong>contra</strong></span> <span class='ocrx_word' id='word_1_672' title='bbox 340 3623 441 3695; x_wconf 85' lang='lat' dir='ltr'><strong>legem,</strong></span> <span class='ocrx_word' id='word_1_673' title='bbox 458 3639 519 3692; x_wconf 86' lang='lat' dir='ltr'><strong>qum</strong></span> <span class='ocrx_word' id='word_1_674' title='bbox 537 3633 617 3678; x_wconf 87' lang='lat' dir='ltr'><strong>elram</strong></span> <span class='ocrx_word' id='word_1_675' title='bbox 641 3623 750 3678; x_wconf 83' lang='lat' dir='ltr'><strong>indulsit</strong></span> <span class='ocrx_word' id='word_1_676' title='bbox 766 3640 800 3680; x_wconf 88' lang='lat' dir='ltr'><strong>er.</strong></span> <span class='ocrx_word' id='word_1_677' title='bbox 816 3626 877 3679; x_wconf 92' lang='lat' dir='ltr'><strong>Non</strong></span> 
     </span>
    </p>
   </div>
   <div class='ocr_carea' id='block_1_22' title="bbox 75 3711 877 3961">
    <p class='ocr_par' dir='ltr' id='par_1_22' title="bbox 75 3711 877 3961">
     <span class='ocr_line' id='line_1_74' title="bbox 76 3711 877 3783; baseline 0.002 -17"><span class='ocrx_word' id='word_1_678' title='bbox 76 3712 142 3768; x_wconf 86' lang='lat' dir='ltr'><strong>lecit</strong></span> <span class='ocrx_word' id='word_1_679' title='bbox 156 3719 250 3768; x_wconf 91' lang='lat' dir='ltr'><strong>contra</strong></span> <span class='ocrx_word' id='word_1_680' title='bbox 265 3711 368 3783; x_wconf 86' lang='lat' dir='ltr'><strong>legem,</strong></span> <span class='ocrx_word' id='word_1_681' title='bbox 384 3711 521 3782; x_wconf 90' lang='lat' dir='ltr'><strong>quomodo</strong></span> <span class='ocrx_word' id='word_1_682' title='bbox 536 3728 587 3768; x_wconf 91' lang='lat' dir='ltr'><strong>nec</strong></span> <span class='ocrx_word' id='word_1_683' title='bbox 609 3713 757 3783; x_wconf 88' lang='lat' dir='ltr'><strong>imperator</strong></span> <span class='ocrx_word' id='word_1_684' title='bbox 782 3721 877 3770; x_wconf 89' lang='lat' dir='ltr'><strong>contro</strong></span> 
     </span>
     <span class='ocr_line' id='line_1_75' title="bbox 77 3800 877 3873; baseline 0 -16"><span class='ocrx_word' id='word_1_685' title='bbox 77 3802 168 3872; x_wconf 90' lang='lat' dir='ltr'><strong>legem</strong></span> <span class='ocrx_word' id='word_1_686' title='bbox 187 3800 277 3856; x_wconf 88' lang='lat' dir='ltr'><strong>lacere</strong></span> <span class='ocrx_word' id='word_1_687' title='bbox 291 3800 423 3855; x_wconf 85' lang='lat' dir='ltr'><strong>dicendus</strong></span> <span class='ocrx_word' id='word_1_688' title='bbox 439 3807 490 3865; x_wconf 92' lang='lat' dir='ltr'><strong>est,</strong></span> <span class='ocrx_word' id='word_1_689' title='bbox 507 3800 579 3871; x_wconf 90' lang='lat' dir='ltr'><strong>quod</strong></span> <span class='ocrx_word' id='word_1_690' title='bbox 593 3801 730 3856; x_wconf 76' lang='lat' dir='ltr'><strong>confessis</strong></span> <span class='ocrx_word' id='word_1_691' title='bbox 741 3801 877 3873; x_wconf 87' lang='lat' dir='ltr'><strong>aliquibus</strong></span> 
     </span>
     <span class='ocr_line' id='line_1_76' title="bbox 75 3889 876 3961; baseline -0.001 -15"><span class='ocrx_word' id='word_1_692' title='bbox 75 3891 131 3946; x_wconf 89' lang='lat' dir='ltr'><strong>reis</strong></span> <span class='ocrx_word' id='word_1_693' title='bbox 142 3889 291 3961; x_wconf 86' lang='lat' dir='ltr'><strong>indulgeat.</strong></span> <span class='ocrx_word' id='word_1_694' title='bbox 309 3891 460 3961; x_wconf 82' lang='lat' dir='ltr'><strong>Utrumque</strong></span> <span class='ocrx_word' id='word_1_695' title='bbox 477 3889 550 3944; x_wconf 89' lang='lat' dir='ltr'><strong>enim</strong></span> <span class='ocrx_word' id='word_1_696' title='bbox 576 3890 611 3943; x_wconf 86' lang='lat' dir='ltr'><strong>ab</strong></span> <span class='ocrx_word' id='word_1_697' title='bbox 633 3906 666 3944; x_wconf 89' lang='lat' dir='ltr'><strong>eo</strong></span> <span class='ocrx_word' id='word_1_698' title='bbox 689 3897 794 3960; x_wconf 88' lang='lat' dir='ltr'><strong>poterat</strong></span> <span class='ocrx_word' id='word_1_699' title='bbox 817 3890 876 3945; x_wconf 91' lang='lat' dir='ltr'><strong>dis-</strong></span> 
     </span>
    </p>
   </div>
   <div class='ocr_carea' id='block_1_23' title="bbox 923 3661 1726 5161">
    <p class='ocr_par' dir='ltr' id='par_1_23' title="bbox 926 3661 1726 4254">
     <span class='ocr_line' id='line_1_77' title="bbox 932 3661 1726 3734; baseline 0.001 -18"><span class='ocrx_word' id='word_1_700' title='bbox 932 3661 1021 3734; x_wconf 86' lang='lat' dir='ltr'><strong>magis</strong></span> <span class='ocrx_word' id='word_1_701' title='bbox 1037 3662 1080 3716; x_wconf 88' lang='lat' dir='ltr'><strong>isti</strong></span> <span class='ocrx_word' id='word_1_702' title='bbox 1094 3678 1155 3717; x_wconf 92' lang='lat' dir='ltr'><strong>eum</strong></span> <span class='ocrx_word' id='word_1_703' title='bbox 1171 3678 1225 3718; x_wconf 93' lang='lat' dir='ltr'><strong>non</strong></span> <span class='ocrx_word' id='word_1_704' title='bbox 1244 3670 1416 3734; x_wconf 89' lang='lat' dir='ltr'><strong>acceperuut,</strong></span> <span class='ocrx_word' id='word_1_705' title='bbox 1433 3663 1481 3718; x_wconf 91' lang='lat' dir='ltr'><strong>ubi</strong></span> <span class='ocrx_word' id='word_1_706' title='bbox 1504 3679 1520 3719; x_wconf 88' lang='lat' dir='ltr'><strong>a</strong></span> <span class='ocrx_word' id='word_1_707' title='bbox 1539 3678 1654 3734; x_wconf 91' lang='lat' dir='ltr'><strong>corpore</strong></span> <span class='ocrx_word' id='word_1_708' title='bbox 1679 3663 1726 3718; x_wconf 94' lang='lat' dir='ltr'><strong>di-</strong></span> 
     </span>
     <span class='ocr_line' id='line_1_78' title="bbox 932 3750 1726 3822; baseline 0.006 -18"><span class='ocrx_word' id='word_1_709' title='bbox 932 3750 982 3805; x_wconf 84' lang='lat' dir='ltr'><strong>risi</strong></span> <span class='ocrx_word' id='word_1_710' title='bbox 1012 3752 1083 3821; x_wconf 90' lang='lat' dir='ltr'><strong>quod</strong></span> <span class='ocrx_word' id='word_1_711' title='bbox 1112 3750 1199 3807; x_wconf 91' lang='lat' dir='ltr'><strong>solum</strong></span> <span class='ocrx_word' id='word_1_712' title='bbox 1229 3751 1343 3822; x_wconf 89' lang='lat' dir='ltr'><strong>Spiritus</strong></span> <span class='ocrx_word' id='word_1_713' title='bbox 1369 3759 1478 3808; x_wconf 90' lang='lat' dir='ltr'><strong>sanctus</strong></span> <span class='ocrx_word' id='word_1_714' title='bbox 1500 3751 1619 3807; x_wconf 75' lang='lat' dir='ltr'><strong>viviticat</strong></span> <span class='ocrx_word' id='word_1_715' title='bbox 1648 3760 1726 3809; x_wconf 83' lang='lat' dir='ltr'><strong>extra</strong></span> 
     </span>
     <span class='ocr_line' id='line_1_79' title="bbox 931 3839 1726 3906; baseline 0.004 -11"><span class='ocrx_word' id='word_1_716' title='bbox 931 3839 1092 3906; x_wconf 72' lang='lat' dir='ltr'><strong>thelesiam,</strong></span> <span class='ocrx_word' id='word_1_717' title='bbox 1109 3849 1135 3896; x_wconf 92' lang='lat' dir='ltr'><strong>et</strong></span> <span class='ocrx_word' id='word_1_718' title='bbox 1149 3841 1726 3900; x_wconf 83' lang='lat' dir='ltr'><strong>contraEcclesiamEcclesiaesacramenta</strong></span> 
     </span>
     <span class='ocr_line' id='line_1_80' title="bbox 930 3930 1726 4005; baseline 0.005 -23"><span class='ocrx_word' id='word_1_719' title='bbox 930 3935 1087 3998; x_wconf 89' lang='lat' dir='ltr'><strong>tenuerunt,</strong></span> <span class='ocrx_word' id='word_1_720' title='bbox 1111 3938 1136 3985; x_wconf 91' lang='lat' dir='ltr'><strong>ct</strong></span> <span class='ocrx_word' id='word_1_721' title='bbox 1160 3930 1261 3985; x_wconf 89' lang='lat' dir='ltr'><strong>nostris</strong></span> <span class='ocrx_word' id='word_1_722' title='bbox 1283 3939 1376 3987; x_wconf 90' lang='lat' dir='ltr'><strong>contra</strong></span> <span class='ocrx_word' id='word_1_723' title='bbox 1395 3946 1446 3987; x_wconf 91' lang='lat' dir='ltr'><strong>nos</strong></span> <span class='ocrx_word' id='word_1_724' title='bbox 1472 3933 1570 3987; x_wconf 88' lang='lat' dir='ltr'><strong>erectis</strong></span> <span class='ocrx_word' id='word_1_725' title='bbox 1592 3932 1678 4005; x_wconf 88' lang='lat' dir='ltr'><strong>signis</strong></span> <span class='ocrx_word' id='word_1_726' title='bbox 1700 3941 1726 3988; x_wconf 93' lang='lat' dir='ltr'><strong>et</strong></span> 
     </span>
     <span class='ocr_line' id='line_1_81' title="bbox 928 4019 1723 4092; baseline 0.004 -20"><span class='ocrx_word' id='word_1_727' title='bbox 928 4019 1013 4074; x_wconf 83' lang='lat' dir='ltr'><strong>aruris</strong></span> <span class='ocrx_word' id='word_1_728' title='bbox 1026 4029 1226 4091; x_wconf 83' lang='lat' dir='ltr'><strong>pugnaverunt.</strong></span> <span class='ocrx_word' id='word_1_729' title='bbox 1245 4043 1256 4067; x_wconf 89' lang='grc' dir='ltr'><strong>ι</strong></span> <span class='ocrx_word' id='word_1_730' title='bbox 1275 4020 1307 4075; x_wconf 89' lang='lat' dir='ltr'><strong>Et</strong></span> <span class='ocrx_word' id='word_1_731' title='bbox 1319 4029 1381 4091; x_wconf 90' lang='lat' dir='ltr'><strong>post</strong></span> <span class='ocrx_word' id='word_1_732' title='bbox 1404 4035 1490 4092; x_wconf 89' lang='lat' dir='ltr'><strong>pauca</strong></span> <span class='ocrx_word' id='word_1_733' title='bbox 1505 4021 1596 4091; x_wconf 72' lang='lat' dir='ltr'><strong>(itia,</strong></span> <span class='ocrx_word' id='word_1_734' title='bbox 1611 4037 1638 4074; x_wconf 90' lang='lat' dir='ltr'><strong>n.</strong></span> <span class='ocrx_word' id='word_1_735' title='bbox 1655 4022 1723 4091; x_wconf 79' lang='lat' dir='ltr'><strong>tn:</strong></span> 
     </span>
     <span class='ocr_line' id='line_1_82' title="bbox 931 4107 1723 4183; baseline 0.005 -21"><span class='ocrx_word' id='word_1_736' title='bbox 931 4128 942 4154; x_wconf 87' lang='grc' dir='ltr'><strong>ιι</strong></span> <span class='ocrx_word' id='word_1_737' title='bbox 960 4107 1005 4162; x_wconf 85' lang='lat' dir='ltr'><strong>Sic</strong></span> <span class='ocrx_word' id='word_1_738' title='bbox 1020 4108 1237 4164; x_wconf 88' lang='lat' dir='ltr'><strong>multitudinibus</strong></span> <span class='ocrx_word' id='word_1_739' title='bbox 1252 4125 1300 4180; x_wconf 91' lang='lat' dir='ltr'><strong>per</strong></span> <span class='ocrx_word' id='word_1_740' title='bbox 1318 4110 1462 4166; x_wconf 85' lang='lat' dir='ltr'><strong>schismata</strong></span> <span class='ocrx_word' id='word_1_741' title='bbox 1478 4118 1504 4164; x_wconf 92' lang='lat' dir='ltr'><strong>et</strong></span> <span class='ocrx_word' id='word_1_742' title='bbox 1528 4110 1644 4166; x_wconf 76' lang='lat' dir='ltr'><strong>haereses</strong></span> <span class='ocrx_word' id='word_1_743' title='bbox 1659 4127 1723 4183; x_wconf 88' lang='lat' dir='ltr'><strong>per-</strong></span> 
     </span>
     <span class='ocr_line' id='line_1_83' title="bbox 926 4196 1540 4254; baseline 0.005 -4"><span class='ocrx_word' id='word_1_744' title='bbox 926 4196 1051 4251; x_wconf 90' lang='lat' dir='ltr'><strong>euntibus</strong></span> <span class='ocrx_word' id='word_1_745' title='bbox 1065 4197 1212 4253; x_wconf 90' lang='lat' dir='ltr'><strong>subvenire</strong></span> <span class='ocrx_word' id='word_1_746' title='bbox 1226 4197 1365 4254; x_wconf 88' lang='lat' dir='ltr'><strong>consuerit</strong></span> <span class='ocrx_word' id='word_1_747' title='bbox 1379 4197 1511 4254; x_wconf 88' lang='lat' dir='ltr'><strong>Ecclesia.</strong></span> <span class='ocrx_word' id='word_1_748' title='bbox 1529 4222 1540 4245; x_wconf 87' lang='grc' dir='ltr'><strong>ιι</strong></span> 
     </span>
    </p>

    <p class='ocr_par' dir='ltr' id='par_1_24' title="bbox 923 4286 1720 5161">
     <span class='ocr_line' id='line_1_84' title="bbox 963 4286 1720 4358; baseline 0.008 -21"><span class='ocrx_word' id='word_1_749' title='bbox 963 4286 993 4337; x_wconf 90' lang='lat' dir='ltr'><strong>tn</strong></span> <span class='ocrx_word' id='word_1_750' title='bbox 1013 4300 1066 4354; x_wconf 89' lang='lat' dir='ltr'><strong>quo</strong></span> <span class='ocrx_word' id='word_1_751' title='bbox 1092 4286 1239 4341; x_wconf 90' lang='lat' dir='ltr'><strong>notandum</strong></span> <span class='ocrx_word' id='word_1_752' title='bbox 1264 4294 1305 4342; x_wconf 92' lang='lat' dir='ltr'><strong>cst</strong></span> <span class='ocrx_word' id='word_1_753' title='bbox 1331 4286 1511 4358; x_wconf 67' lang='lat' dir='ltr'><strong>augustinum</strong></span> <span class='ocrx_word' id='word_1_754' title='bbox 1541 4287 1585 4342; x_wconf 90' lang='lat' dir='ltr'><strong>hic</strong></span> <span class='ocrx_word' id='word_1_755' title='bbox 1613 4287 1720 4343; x_wconf 85' lang='lat' dir='ltr'><strong>solvere</strong></span> 
     </span>
     <span class='ocr_line' id='line_1_85' title="bbox 926 4373 1719 4445; baseline 0.009 -20"><span class='ocrx_word' id='word_1_756' title='bbox 926 4373 1000 4443; x_wconf 87' lang='lat' dir='ltr'><strong>quod</strong></span> <span class='ocrx_word' id='word_1_757' title='bbox 1037 4375 1163 4444; x_wconf 88' lang='lat' dir='ltr'><strong>superius</strong></span> <span class='ocrx_word' id='word_1_758' title='bbox 1197 4375 1299 4431; x_wconf 94' lang='lat' dir='ltr'><strong>dietum</strong></span> <span class='ocrx_word' id='word_1_759' title='bbox 1331 4382 1381 4445; x_wconf 89' lang='lat' dir='ltr'><strong>est,</strong></span> <span class='ocrx_word' id='word_1_760' title='bbox 1402 4374 1579 4430; x_wconf 81' lang='lat' dir='ltr'><strong>exsecutione</strong></span> <span class='ocrx_word' id='word_1_761' title='bbox 1606 4375 1719 4443; x_wconf 81' lang='lat' dir='ltr'><strong>justitie</strong></span> 
     </span>
     <span class='ocr_line' id='line_1_86' title="bbox 1458 4464 1718 4520; baseline 0.004 -2"><span class='ocrx_word' id='word_1_762' title='bbox 1458 4464 1503 4518; x_wconf 95' lang='lat' dir='ltr'><strong>ubi</strong></span> <span class='ocrx_word' id='word_1_763' title='bbox 1532 4465 1634 4519; x_wconf 85' lang='lat' dir='ltr'><strong>scilicet</strong></span> <span class='ocrx_word' id='word_1_764' title='bbox 1663 4481 1718 4520; x_wconf 93' lang='lat' dir='ltr'><strong>non</strong></span> 
     </span>
     <span class='ocr_line' id='line_1_87' title="bbox 926 4549 1717 4620; baseline 0.009 -17"><span class='ocrx_word' id='word_1_765' title='bbox 926 4549 1005 4620; x_wconf 92' lang='lat' dir='ltr'><strong>hujus</strong></span> <span class='ocrx_word' id='word_1_766' title='bbox 1020 4561 1065 4606; x_wconf 88' lang='lat' dir='ltr'><strong>ant</strong></span> <span class='ocrx_word' id='word_1_767' title='bbox 1078 4553 1162 4620; x_wconf 92' lang='lat' dir='ltr'><strong>illius,</strong></span> <span class='ocrx_word' id='word_1_768' title='bbox 1178 4554 1225 4608; x_wconf 94' lang='lat' dir='ltr'><strong>scd</strong></span> <span class='ocrx_word' id='word_1_769' title='bbox 1241 4554 1321 4609; x_wconf 87' lang='lat' dir='ltr'><strong>totius</strong></span> <span class='ocrx_word' id='word_1_770' title='bbox 1335 4554 1468 4609; x_wconf 72' lang='lat' dir='ltr'><strong>Ecclesiae</strong></span> <span class='ocrx_word' id='word_1_771' title='bbox 1481 4552 1638 4608; x_wconf 86' lang='lat' dir='ltr'><strong>scandalum</strong></span> <span class='ocrx_word' id='word_1_772' title='bbox 1650 4570 1717 4610; x_wconf 89' lang='lat' dir='ltr'><strong>con-</strong></span> 
     </span>
     <span class='ocr_line' id='line_1_88' title="bbox 924 4639 1716 4714; baseline 0.004 -19"><span class='ocrx_word' id='word_1_773' title='bbox 924 4639 1031 4695; x_wconf 89' lang='lat' dir='ltr'><strong>citatur.</strong></span> <span class='ocrx_word' id='word_1_774' title='bbox 1048 4642 1080 4696; x_wconf 89' lang='lat' dir='ltr'><strong>Et</strong></span> <span class='ocrx_word' id='word_1_775' title='bbox 1093 4659 1108 4697; x_wconf 95' lang='lat' dir='ltr'><strong>e</strong></span> <span class='ocrx_word' id='word_1_776' title='bbox 1123 4651 1216 4698; x_wconf 90' lang='lat' dir='ltr'><strong>contra</strong></span> <span class='ocrx_word' id='word_1_777' title='bbox 1236 4650 1392 4698; x_wconf 88' lang='lat' dir='ltr'><strong>constanter</strong></span> <span class='ocrx_word' id='word_1_778' title='bbox 1413 4659 1474 4698; x_wconf 91' lang='lat' dir='ltr'><strong>esse</strong></span> <span class='ocrx_word' id='word_1_779' title='bbox 1496 4643 1716 4714; x_wconf 87' lang='lat' dir='ltr'><strong>perturbandam,</strong></span> 
     </span>
     <span class='ocr_line' id='line_1_89' title="bbox 924 4729 1715 4802; baseline 0.006 -20"><span class='ocrx_word' id='word_1_780' title='bbox 924 4729 971 4782; x_wconf 90' lang='lat' dir='ltr'><strong>ubi</strong></span> <span class='ocrx_word' id='word_1_781' title='bbox 986 4745 1040 4783; x_wconf 93' lang='lat' dir='ltr'><strong>non</strong></span> <span class='ocrx_word' id='word_1_782' title='bbox 1059 4730 1138 4800; x_wconf 83' lang='lat' dir='ltr'><strong>hujus</strong></span> <span class='ocrx_word' id='word_1_783' title='bbox 1162 4739 1205 4786; x_wconf 90' lang='lat' dir='ltr'><strong>aut</strong></span> <span class='ocrx_word' id='word_1_784' title='bbox 1229 4731 1311 4795; x_wconf 91' lang='lat' dir='ltr'><strong>illius,</strong></span> <span class='ocrx_word' id='word_1_785' title='bbox 1327 4731 1376 4787; x_wconf 90' lang='lat' dir='ltr'><strong>sed</strong></span> <span class='ocrx_word' id='word_1_786' title='bbox 1400 4747 1545 4802; x_wconf 91' lang='lat' dir='ltr'><strong>paucorum</strong></span> <span class='ocrx_word' id='word_1_787' title='bbox 1566 4748 1715 4802; x_wconf 86' lang='lat' dir='ltr'><strong>pravorum</strong></span> 
     </span>
     <span class='ocr_line' id='line_1_90' title="bbox 924 4819 1717 4891; baseline 0.008 -19"><span class='ocrx_word' id='word_1_788' title='bbox 924 4819 1086 4887; x_wconf 86' lang='lat' dir='ltr'><strong>peruersitas</strong></span> <span class='ocrx_word' id='word_1_789' title='bbox 1109 4819 1268 4876; x_wconf 88' lang='lat' dir='ltr'><strong>concutitur.</strong></span> <span class='ocrx_word' id='word_1_790' title='bbox 1292 4820 1449 4876; x_wconf 90' lang='lat' dir='ltr'><strong>Secundum</strong></span> <span class='ocrx_word' id='word_1_791' title='bbox 1473 4837 1553 4891; x_wconf 84' lang='lat' dir='ltr'><strong>quam</strong></span> <span class='ocrx_word' id='word_1_792' title='bbox 1578 4821 1717 4878; x_wconf 89' lang='lat' dir='ltr'><strong>discretio·</strong></span> 
     </span>
     <span class='ocr_line' id='line_1_91' title="bbox 923 4908 1716 4980; baseline 0.006 -18"><span class='ocrx_word' id='word_1_793' title='bbox 923 4923 996 4974; x_wconf 90' lang='lat' dir='ltr'><strong>nem,</strong></span> <span class='ocrx_word' id='word_1_794' title='bbox 1014 4908 1176 4979; x_wconf 86' lang='lat' dir='ltr'><strong>reljustitia</strong></span> <span class='ocrx_word' id='word_1_795' title='bbox 1198 4926 1311 4980; x_wconf 90' lang='lat' dir='ltr'><strong>prorsus</strong></span> <span class='ocrx_word' id='word_1_796' title='bbox 1337 4910 1504 4965; x_wconf 87' lang='lat' dir='ltr'><strong>intendenda</strong></span> <span class='ocrx_word' id='word_1_797' title='bbox 1528 4919 1578 4976; x_wconf 85' lang='lat' dir='ltr'><strong>est,</strong></span> <span class='ocrx_word' id='word_1_798' title='bbox 1602 4920 1630 4966; x_wconf 93' lang='lat' dir='ltr'><strong>ut</strong></span> <span class='ocrx_word' id='word_1_799' title='bbox 1652 4911 1716 4967; x_wconf 91' lang='lat' dir='ltr'><strong>mali</strong></span> 
     </span>
     <span class='ocr_line' id='line_1_92' title="bbox 924 4997 1716 5068; baseline 0.008 -18"><span class='ocrx_word' id='word_1_800' title='bbox 924 5012 977 5051; x_wconf 91' lang='lat' dir='ltr'><strong>non</strong></span> <span class='ocrx_word' id='word_1_801' title='bbox 1000 4997 1035 5052; x_wconf 89' lang='lat' dir='ltr'><strong>ad</strong></span> <span class='ocrx_word' id='word_1_802' title='bbox 1057 4999 1298 5068; x_wconf 86' lang='lat' dir='ltr'><strong>perturbationem,</strong></span> <span class='ocrx_word' id='word_1_803' title='bbox 1319 5000 1366 5056; x_wconf 89' lang='lat' dir='ltr'><strong>sed</strong></span> <span class='ocrx_word' id='word_1_804' title='bbox 1390 5017 1407 5054; x_wconf 84' lang='lat' dir='ltr'><strong>a</strong></span> <span class='ocrx_word' id='word_1_805' title='bbox 1429 5000 1625 5056; x_wconf 88' lang='lat' dir='ltr'><strong>correctionem</strong></span> <span class='ocrx_word' id='word_1_806' title='bbox 1645 5000 1716 5056; x_wconf 90' lang='lat' dir='ltr'><strong>ulio·</strong></span> 
     </span>
     <span class='ocr_line' id='line_1_93' title="bbox 924 5088 1716 5161; baseline 0.008 -21"><span class='ocrx_word' id='word_1_807' title='bbox 924 5103 984 5140; x_wconf 91' lang='lat' dir='ltr'><strong>rum</strong></span> <span class='ocrx_word' id='word_1_808' title='bbox 1010 5104 1103 5144; x_wconf 87' lang='lat' dir='ltr'><strong>serere</strong></span> <span class='ocrx_word' id='word_1_809' title='bbox 1127 5088 1270 5158; x_wconf 90' lang='lat' dir='ltr'><strong>puniantur</strong></span> <span class='ocrx_word' id='word_1_810' title='bbox 1299 5089 1341 5145; x_wconf 82' lang='lat' dir='ltr'><strong>rel</strong></span> <span class='ocrx_word' id='word_1_811' title='bbox 1364 5089 1538 5161; x_wconf 86' lang='lat' dir='ltr'><strong>temperando</strong></span> <span class='ocrx_word' id='word_1_812' title='bbox 1562 5107 1612 5160; x_wconf 90' lang='lat' dir='ltr'><strong>per</strong></span> <span class='ocrx_word' id='word_1_813' title='bbox 1635 5092 1716 5146; x_wconf 88' lang='lat' dir='ltr'><strong>chari·</strong></span> 
     </span>
    </p>
   </div>
   <div class='ocr_carea' id='block_1_24' title="bbox 923 5187 1716 5662">
    <p class='ocr_par' dir='ltr' id='par_1_25' title="bbox 923 5187 1716 5662">
     <span class='ocr_line' id='line_1_94' title="bbox 927 5187 1716 5259; baseline 0.011 -20"><span class='ocrx_word' id='word_1_814' title='bbox 927 5191 1008 5240; x_wconf 91' lang='lat' dir='ltr'><strong>tatem</strong></span> <span class='ocrx_word' id='word_1_815' title='bbox 1032 5195 1059 5241; x_wconf 90' lang='lat' dir='ltr'><strong>ct</strong></span> <span class='ocrx_word' id='word_1_816' title='bbox 1081 5187 1206 5259; x_wconf 87' lang='lat' dir='ltr'><strong>gratiam,</strong></span> <span class='ocrx_word' id='word_1_817' title='bbox 1230 5204 1264 5244; x_wconf 91' lang='lat' dir='ltr'><strong>ne</strong></span> <span class='ocrx_word' id='word_1_818' title='bbox 1287 5187 1366 5243; x_wconf 83' lang='lat' dir='ltr'><strong>unius</strong></span> <span class='ocrx_word' id='word_1_819' title='bbox 1385 5189 1448 5243; x_wconf 92' lang='lat' dir='ltr'><strong>mali</strong></span> <span class='ocrx_word' id='word_1_820' title='bbox 1471 5189 1601 5245; x_wconf 88' lang='lat' dir='ltr'><strong>scandalo</strong></span> <span class='ocrx_word' id='word_1_821' title='bbox 1624 5191 1716 5247; x_wconf 79' lang='lat' dir='ltr'><strong>cereri</strong></span> 
     </span>
     <span class='ocr_line' id='line_1_95' title="bbox 925 5284 1715 5359; baseline 0.008 -21"><span class='ocrx_word' id='word_1_822' title='bbox 925 5284 989 5339; x_wconf 91' lang='lat' dir='ltr'><strong>boni</strong></span> <span class='ocrx_word' id='word_1_823' title='bbox 1003 5286 1196 5356; x_wconf 87' lang='lat' dir='ltr'><strong>periclitentur.</strong></span> <span class='ocrx_word' id='word_1_824' title='bbox 1215 5286 1259 5342; x_wconf 94' lang='lat' dir='ltr'><strong>Sic</strong></span> <span class='ocrx_word' id='word_1_825' title='bbox 1284 5296 1374 5341; x_wconf 87' lang='lat' dir='ltr'><strong>tamen</strong></span> <span class='ocrx_word' id='word_1_826' title='bbox 1395 5296 1422 5341; x_wconf 91' lang='lat' dir='ltr'><strong>ut</strong></span> <span class='ocrx_word' id='word_1_827' title='bbox 1443 5286 1505 5340; x_wconf 83' lang='lat' dir='ltr'><strong>tiroli</strong></span> <span class='ocrx_word' id='word_1_828' title='bbox 1530 5304 1579 5359; x_wconf 88' lang='lat' dir='ltr'><strong>per</strong></span> <span class='ocrx_word' id='word_1_829' title='bbox 1603 5289 1715 5359; x_wconf 80' lang='lat' dir='ltr'><strong>gratiam</strong></span> 
     </span>
     <span class='ocr_line' id='line_1_96' title="bbox 923 5384 1716 5456; baseline 0.013 -17"><span class='ocrx_word' id='word_1_830' title='bbox 923 5398 984 5439; x_wconf 90' lang='lat' dir='ltr'><strong>cum</strong></span> <span class='ocrx_word' id='word_1_831' title='bbox 1000 5384 1164 5456; x_wconf 90' lang='lat' dir='ltr'><strong>recipiuntur</strong></span> <span class='ocrx_word' id='word_1_832' title='bbox 1180 5401 1235 5440; x_wconf 91' lang='lat' dir='ltr'><strong>nou</strong></span> <span class='ocrx_word' id='word_1_833' title='bbox 1249 5384 1360 5440; x_wconf 90' lang='lat' dir='ltr'><strong>insidias</strong></span> <span class='ocrx_word' id='word_1_834' title='bbox 1375 5386 1418 5442; x_wconf 83' lang='lat' dir='ltr'><strong>vel</strong></span> <span class='ocrx_word' id='word_1_835' title='bbox 1432 5385 1571 5443; x_wconf 91' lang='lat' dir='ltr'><strong>molestias</strong></span> <span class='ocrx_word' id='word_1_836' title='bbox 1586 5388 1642 5445; x_wconf 91' lang='lat' dir='ltr'><strong>suis</strong></span> <span class='ocrx_word' id='word_1_837' title='bbox 1656 5406 1716 5448; x_wconf 91' lang='lat' dir='ltr'><strong>cor·</strong></span> 
     </span>
     <span class='ocr_line' id='line_1_97' title="bbox 923 5482 1714 5559; baseline 0.013 -23"><span class='ocrx_word' id='word_1_838' title='bbox 923 5483 1075 5537; x_wconf 90' lang='lat' dir='ltr'><strong>rectoribus</strong></span> <span class='ocrx_word' id='word_1_839' title='bbox 1097 5483 1252 5547; x_wconf 90' lang='lat' dir='ltr'><strong>moliantur,</strong></span> <span class='ocrx_word' id='word_1_840' title='bbox 1273 5482 1317 5538; x_wconf 83' lang='lat' dir='ltr'><strong>rel</strong></span> <span class='ocrx_word' id='word_1_841' title='bbox 1343 5483 1459 5555; x_wconf 92' lang='lat' dir='ltr'><strong>superbe</strong></span> <span class='ocrx_word' id='word_1_842' title='bbox 1492 5495 1519 5541; x_wconf 91' lang='lat' dir='ltr'><strong>et</strong></span> <span class='ocrx_word' id='word_1_843' title='bbox 1541 5485 1602 5543; x_wconf 91' lang='lat' dir='ltr'><strong>licte</strong></span> <span class='ocrx_word' id='word_1_844' title='bbox 1622 5492 1714 5559; x_wconf 82' lang='lat' dir='ltr'><strong>pinni-</strong></span> 
     </span>
     <span class='ocr_line' id='line_1_98' title="bbox 923 5581 1715 5662; baseline 0.011 -26"><span class='ocrx_word' id='word_1_845' title='bbox 923 5581 1069 5653; x_wconf 68' lang='lat' dir='ltr'><strong>tenuasse</strong></span> <span class='ocrx_word' id='word_1_846' title='bbox 1085 5598 1157 5640; x_wconf 81' lang='lat' dir='ltr'><strong>verae</strong></span> <span class='ocrx_word' id='word_1_847' title='bbox 1178 5582 1337 5640; x_wconf 87' lang='lat' dir='ltr'><strong>humilitatis</strong></span> <span class='ocrx_word' id='word_1_848' title='bbox 1361 5587 1388 5639; x_wconf 91' lang='lat' dir='ltr'><strong>et</strong></span> <span class='ocrx_word' id='word_1_849' title='bbox 1407 5585 1570 5657; x_wconf 76' lang='lat' dir='ltr'><strong>paenitentiae</strong></span> <span class='ocrx_word' id='word_1_850' title='bbox 1592 5590 1715 5662; x_wconf 84' lang='lat' dir='ltr'><strong>exempla</strong></span> 
     </span>
    </p>
   </div>
   <div class='ocr_carea' id='block_1_25' title="bbox 0 0 1868 6000">
    <p class='ocr_par' dir='ltr' id='par_1_26' title="bbox 0 0 1868 6000">
     <span class='ocr_line' id='line_1_99' title="bbox 0 0 1868 6000; baseline 0 3"><span class='ocrx_word' id='word_1_851' title='bbox 0 0 1868 6000; x_wconf 95' lang='lat' dir='ltr'><strong> </strong></span> 
     </span>
    </p>
   </div>
  </div>
 </body>
</html>
