3728 6000
38 254 89 315 ola
482 236 673 300 EXPOSITlO
692 236 730 290 tn*
749 230 860 289 EPlST.
881 226 925 284 AD
945 228 1029 284 hott.
1051 259 1085 268 —
1105 227 1172 286 httt.
1195 228 1239 282 tv.
1639 222 1691 282 eu

38 401 109 459 ruga
131 391 158 439 et
171 395 245 439 noto
260 381 369 451 sponso
390 370 512 436 adhaesit,
538 365 631 422 relicto
652 366 759 417 mortuo
781 357 839 414 riro
853 355 883 419 Α
897 353 978 407 eliam
989 350 1216 421 praevaricatione
1230 350 1357 406 laeiehal.
1374 351 1468 422 Neque
1482 350 1553 405 enim
1577 350 1630 407 alia
1644 349 1692 406 lex

40 477 142 548 priore,
159 474 219 528 sine
241 470 298 527 ulla
312 472 376 523 note
389 459 523 519 arlulterii.
541 454 594 511 Sed
606 461 635 508 ut
650 459 676 508 et
688 449 798 505 ludaeos
816 453 844 501 et
897 450 939 499 est
954 449 1048 497 sancta
1063 449 1089 496 et
1104 441 1175 497 bona
1189 440 1294 509 etjusta
1312 458 1318 501 ;
1334 448 1361 495 et
1375 440 1427 494 ulia
1441 457 1489 512 per
1502 456 1582 510 quam
1597 455 1694 510 pecea-

40 571 139 638 qeutes
162 560 361 632 complectatur
384 556 443 607 brec
466 543 626 608 similitudo,
649 539 774 595 subtilius
798 534 844 590 alii
898 539 955 586 tum
970 539 1085 587 mortem
1100 537 1241 602 operatur,
1258 529 1302 585 eui
1324 529 1453 585 morinos
1467 535 1584 600 oportet,
1600 536 1630 583 ut
1657 528 1697 582 si-

41 670 102 710 eam
123 647 311 713 discutientes,
326 643 499 700 aduerterunt
523 633 577 689 tria
598 632 626 686 in
646 631 697 685 hae
716 624 845 682 similitu·
898 637 960 675 mus
973 619 1086 675 alterius
1101 619 1147 690 qui
1163 635 1198 675 ex
1212 619 1325 675 mortuis
1352 617 1508 684 resurrexit,
1523 617 1573 673 sed
1598 617 1695 673 eadem

42 743 108 799 dine
122 756 131 808 ;
147 740 199 795 tria
211 738 240 793 in
253 752 285 793 re
299 728 569 796 similitudinisque
579 736 628 791 per
639 715 846 773 similitudinem
899 710 960 781 ipsa
974 717 1023 765 est.
1040 707 1117 764 Unde
1132 715 1159 762 et
1172 707 1293 777 sequitur
1309 727 1314 762 :

44 830 176 903 queritur
188 847 195 893 ;
207 842 270 899 quar
291 823 325 879 ad
343 815 548 892 explanandam
572 811 661 907 ipsam
689 802 847 861 similitudi·
938 817 1025 871 vm,
1044 816 1071 871 4,
1087 844 1122 855 -
1139 837 1149 861 i
1168 814 1271 886 ltaque,
1287 814 1385 868 fraires
1408 812 1470 880 mei,
1492 820 1519 869 eq
1538 828 1589 868 mg
1603 812 1698 869 morit.

45 936 110 976 nem
124 933 180 974 non
201 913 424 972 inconvenienter
445 910 586 981 aptemur·
614 899 678 953 Tm
692 896 765 951 essim
783 898 848 947 ⁶⁰⁰²
901 904 973 961 lieati
988 904 1054 959 estis
1068 903 1123 975 legi
1138 919 1189 972 per
1216 917 1317 973 eorpus
1337 902 1446 969 Christi,
1466 928 1476 950 ι
1491 901 1574 957 idest
1595 901 1700 956 umhroe

45 1010 74 1063 in
99 1004 287 1069 Simililudlsses
309 999 416 1063 mullet,
439 995 494 1059 uir,
518 999 544 1048 0¹
566 990 609 1044 ¹⁰1
634 1002 641 1053 ἰ
666 999 728 1041 cum
751 981 849 1036 mulier
902 1010 952 1065 per
965 1008 1036 1061 rem,
1053 993 1148 1047 lilterae
1172 1008 1222 1064 per
1236 992 1372 1062 spiritum,
1383 989 1437 1063 legi
1453 1007 1502 1060 per
1515 992 1635 1063 gratiam
1671 997 1701 1045 ut

46 1100 106 1154 l'il0
133 1095 294 1165 subjugatur
318 1105 366 1160 per
382 1084 519 1141 Vlflffllum
534 1078 611 1150 ledis·
635 1076 681 1131 5³⁰
708 1089 740 1129 ὅθ
767 1069 861 1124 hflbssl
901 1083 958 1152 jam
973 1098 1028 1136 non
1043 1081 1181 1136 aitisuror
1196 1080 1238 1135 vel
1253 1095 1353 1151 sponsa
1368 1080 1484 1150 ejusqui
1498 1087 1622 1135 mortuus
1639 1032 1685 1133 'est

47 1183 210 1244 similitudo.
242 1183 272 1235 ln
295 1194 326 1234 re
346 1170 531 1231 similitudinis
550 1165 674 1223 similiter
696 1162 749 1216 tria
777 1165 848 1225 sunl,
905 1171 954 1227 sed
969 1171 1027 1239 ejus
1042 1170 1088 1241 qui
1103 1186 1138 1225 ex
1152 1169 1263 1225 mortuis
1272 1167 1430 1233 resurrexit,
1446 1175 1476 1223 ut
1487 1168 1545 1238 jam
1555 1183 1609 1223 non
1624 1121 1701 1224 fruc:

48 1279 143 1343 homo,
173 1277 326 1345 llssssffllllm,
356 1263 462 1330 0²10&
490 1258 556 1331 ‘lull
588 1254 680 1311 ‘mdiu
708 1249 759 1305 Sub
790 1248 875 1320 ¹⁰8⁰·
906 1259 1011 1315 tiheeris
1026 1258 1053 1313 in
1067 1258 1322 1327 operibusmortuis
1336 1265 1444 1312 mortuo
1462 1274 1469 1319 ;
1484 1256 1529 1311 sed
1559 1256 1586 1310 in
1611 1253 1702 1311 tructi-

48 1372 89 1421 ὅ(
115 1364 211 1432 h⁰m⁰s
232 1357 352 1432 quaudiu
381 1351 446 1409 illst
467 1354 591 1421 Ρθθῦὓῑῡ»
621 1336 852 1438 lueffllllmfflssm
907 1350 957 1404 bus
972 1349 1034 1405 vitae
1050 1349 1120 1402 Deo.
1136 1347 1206 1402 Nam
1221 1353 1248 1403 et
1275 1346 1320 1401 lex
1336 1348 1389 1402 tale
1417 1344 1482 1419 quid
1511 1344 1692 1400 adumbrabat

48 1453 149 1509 mulier
173 1447 265 1505 tandiu
290 1452 333 1501 esi
368 1442 419 1497 sub
448 1439 511 1510 1089
544 1435 606 1501 iifl,
631 1429 751 1501 lulfldffl
786 1426 854 1480 Villi
908 1437 1067 1510 praeeipiens
1078 1444 1105 1491 ut
1120 1435 1218 1491 mulier
1241 1435 1329 1507 primo
1356 1435 1412 1490 viro
1440 1441 1558 1499 mortuo,
1587 1432 1622 1488 de
1650 1387 1704 1503 quo

49 1542 103 1599 vir.
134 1541 204 1595 uum
232 1542 323 1592 autem
342 1532 369 1587 in
384 1531 435 1585 huc
457 1522 635 1581 ⁸lmili¹11di¹¹0
655 1518 706 1574 ⁰5⁸
728 1514 854 1588 qnaedam
909 1542 1065 1584 semannon
1082 1524 1231 1596 susceperit
1254 1529 1385 1590 transeat,
1400 1523 1428 1577 in
1454 1529 1543 1577 torum
1558 1521 1618 1590 ejus
1658 1518 1705 1592 qul

50 1629 237 1728 invenietne&
262 1622 418 1723 willemi·
443 1616 543 1715 vistim,
566 1617 594 1667 el
614 1610 705 1681 lehem
734 1624 741 1670 ἰ
770 1603 798 1659 ὶῦ
825 1617 854 1657 ΓΘ
911 1619 997 1673 lrater
1011 1614 1093 1671 luerit
1103 1614 1234 1677 defuncti,
1251 1620 1278 1668 et
1300 1612 1410 1669 suscitet
1424 1627 1518 1666 semen
1545 1560 1627 1665 fratri,
1643 1624 1704 1677 suo,

50 1735 117 1775 vero
142 1714 328 1813 armtlrlutltnts
369 1716 431 1769 lut,
466 1717 594 1802 ammam,
636 1701 788 1768 lllssffllflffls
828 1698 856 1746 0²
869 1713 896 1775 Β
911 1706 982 1780 quod
1002 1705 1047 1761 ille
1062 1703 1193 1759 suscitare
1207 1717 1261 1756 non
1276 1701 1372 1772 potuit.
1397 1700 1493 1755 Frater
1516 1699 1587 1754 enim
1600 1696 1707 1755 ridetur

52 1810 144 1881 legem
159 1811 274 1877 1)θῦθῦῑί
298 1796 457 1855 h⁰⁰⁸0¹⁰ffl
482 1793 527 1847 11¹⁰
541 1790 682 1845 dllelsum
704 1790 754 1852 ²⁵¹2
783 1779 856 1853 quod
910 1798 1006 1852 litteren
1034 1791 1175 1850 fecundior
1202 1789 1351 1860 spiritualis
1365 1788 1527 1844 intellectus.
1553 1786 1705 1858 Sequitur:

52 1897 82 1952 in
110 1891 292 1951 similitudine
319 1888 362 1943 rit
398 1882 522 1946 moritur,
551 1886 580 1933 ut
603 1874 701 1930 mulier
736 1870 858 1928 solvatur
946 1894 1545 1956 mm...“cumnimessemusincame
1565 1893 1709 1963 passiones

1547 1936 1555 1962 t

53 1986 148 2085 ἸΨ
163 1998 213 2039 Vffl
230 1995 237 2049 ἱ
252 1991 337 2051 ΡΟΓΓΟ
364 1992 393 2030 ¹¹¹
419 1989 448 2027 ‘⁰
477 1967 661 2077 ⁵Jm{¹¹¹¹¹d¹⁰¹⁵
688 1976 749 2034 ΨΜ
767 1972 858 2014 amma
912 1997 1087 2064 peecatorum
1108 2004 1168 2058 qum
1186 1984 1342 2057 perlegam
1372 1989 1444 2049 sunt,
1470 1982 1654 2056 operabantur
1679 1980 1708 2034 in

52 2081 172 2131 mfflllff
190 2076 314 2144 P⁰⁰⁰⁸²⁰r
336 2069 366 2120 ¹¹⁸
383 2060 594 2118 mmmmm·
607 2055 675 2110 ⁰⁰⁰¹
688 2060 780 2108 autem
794 2062 858 2103 '⁰⁰'
911 2078 1044 2136 membris
1059 2076 1169 2140 nostris,
1185 2082 1216 2130 ut
1227 2073 1420 2130 lruetillearent
1433 2073 1525 2128 morti.
1543 2070 1711 2126 »Cumesse

55 2165 125 2220 ritur
136 2167 261 2234 peccato,
276 2155 392 2211 meritur
406 2151 488 2208 etiem
504 2148 559 2219 legi
580 2142 692 2217 peceati.
716 2141 857 2194 Peccatum

56 2261 149 2309 autem
169 2250 213 2305 bic
237 2242 447 2317 intelligendum
474 2234 602 2306 estquod
617 2229 730 2287 accessit
758 2242 807 2299 per
816 2225 860 2281 le-

56 2358 133 2417 gem,
148 2338 222 2411 qnod
237 2340 379 2407 peceatum
394 2343 480 2400 supra
497 2327 607 2381 modum
622 2321 689 2377 dicit
701 2333 770 2381 esse,
787 2329 860 2387 qno-

57 2432 133 2487 niam
148 2443 210 2485 cum
221 2426 280 2496 jam
296 2422 423 2493 appareat
452 2432 513 2472 esse
528 2418 680 2485 peecatum,
710 2406 790 2462 etiam
814 2401 861 2457 ad·

55 2520 135 2591 meta
162 2511 390 2589 praerarioatione
418 2505 580 2562 cumulatur.
596 2521 607 2551 ι
625 2498 677 2556 Ubi
705 2493 778 2550 enim
806 2505 862 2546 non

58 2616 103 2665 eat
116 2606 161 2662 lex
172 2620 244 2675 ,nee
257 2597 458 2674 praevaricatio.
471 2614 482 2645 ι
499 2594 533 2648 Ει
545 2590 590 2645 hie
603 2585 700 2657 estqui
714 2583 863 2639 dieitursu·

60 2712 113 2770 pra
124 2694 239 2752 modum
251 2697 386 2764 peccator,
399 2693 447 2742 aet
468 2688 607 2754 peecatum
619 2692 668 2748 per
694 2672 862 2728 mandalum.

59 2790 123 2843 lstoe
138 2789 217 2841 erant
230 2781 384 2854 passiones,
400 2789 455 2829 non
471 2770 613 2844 passiones
637 2773 710 2829 tunc,
737 2760 786 2817 sed
813 2758 864 2814 de·

60 2873 234 2938 testationes,
263 2884 326 2943 quae
343 2863 493 2937 perlegam
508 2866 595 2914 auehe
623 2852 809 2924 operabantur
837 2847 864 2900 in

912 2185 972 2224 mus
987 2168 1014 2222 in
1027 2181 1120 2232 earne,
1136 2164 1162 2218 id
1178 2171 1218 2219 est
1226 2162 1253 2217 in
1263 2160 1494 2233 concupiscentiis
1502 2158 1593 2216 earnis
1607 2172 1709 2214 versa·

913 2272 1017 2325 remur,
1043 2262 1071 2311 et
1099 2253 1134 2307 ibi
1166 2260 1248 2307 totam
1274 2264 1353 2323 spem
1388 2256 1509 2305 nostram
1536 2260 1710 2319 poneremus,

914 2346 1058 2418 passiones
1072 2347 1250 2413 peecatorum
1265 2355 1325 2410 quae
1339 2337 1492 2411 perlegam
1506 2341 1585 2392 erant
1612 2342 1710 2399 auctae,

915 2450 968 2491 nou
984 2433 1112 2501 suhlatae,
1127 2429 1173 2486 lex
1184 2428 1259 2485 enim
1275 2433 1484 2500 presumentem
1506 2425 1541 2481 de
1565 2439 1595 2480 se
1612 2438 1714 2496 pecea-

916 2531 1003 2580 torem
1019 2521 1082 2577 lecit
1095 2518 1339 2592 prevaricatorem,
1356 2515 1420 2588 quia
1437 2515 1524 2571 Deum
1551 2528 1606 2569 non
1620 2510 1715 2568 habuit

917 2613 1079 2683 adiutorem,
1089 2606 1311 2679 operabanturin
1321 2603 1450 2660 membris
1469 2603 1578 2670 nostris,
1593 2608 1622 2657 ut
1636 2600 1713 2658 irue-

917 2695 1232 2758 tiliearentmorti.l'ioit
1245 2694 1318 2750 enim
1332 2700 1367 2763 te,
1380 2694 1501 2759 uhomo,
1517 2689 1716 2762 concupiscen-

918 2792 955 2847 tia
970 2798 1024 2856 tun,
1035 2788 1099 2860 quia
1113 2787 1140 2841 in
1149 2783 1299 2848 maloloeo,
1311 2783 1412 2839 hoeest
1425 2780 1455 2836 in
1470 2797 1552 2837 earne
1562 2786 1588 2836 te
1599 2777 1715 2835 iurauit.

918 2880 1007 2953 hligra
1020 2878 1054 2934 de
1068 2890 1159 2942 earne,
1175 2873 1202 2928 in
1217 2886 1298 2927 earne
1313 2870 1407 2926 vivens
1421 2868 1476 2926 noli
1491 2884 1561 2937 esse,
1577 2868 1605 2923 in
1633 2882 1717 2923 earne

61 2961 203 3031 mssfflbffis
232 2965 262 3014 ¹¹⁸
289 2958 410 3011 ‘fumum
438 2950 542 3006 ferrent
569 2946 663 3013 ‘mm’
692 2941 743 2995 ⁸⁰¹³
765 2936 865 3010 ΨΜ
917 2970 947 3024 in
961 2966 1056 3041 spiritu
1071 2972 1139 3021 esto.
1170 2960 1240 3031 Quid
1269 2959 1360 3017 estin
1388 2957 1484 3030 spiritu
1512 2957 1594 3013 estol
1611 2956 1639 3011 ln
1660 2956 1718 3012 Deo

62 3062 193 3123 tanquam
209 3048 260 3104 aab
275 3046 334 3101 rire
349 3042 506 3099 dominante
527 3034 668 3092 tenebatur
682 3030 789 3093 anima,
813 3041 864 3079 an·
881 3062 907 3127 c
923 3073 1002 3131 spem
1016 3070 1097 3128 pone·
1112 3053 1183 3108 Nam
1198 3050 1220 3105 si
1235 3062 1310 3121 spem
1320 3045 1484 3120 posuerisin
1493 3061 1526 3102 eo
1541 3044 1646 3118 spiritu!
1664 3058 1718 3118 quo

63 3142 293 3240 *ffqu‘mv‘niret
306 3141 395 3231 gram
409 3145 461 3229 Per
474 3126 566 3224 fidem?
583 3125 632 3178 ¹¹¹⁸
657 3128 745 3175 autem
757 3129 866 3217 2⁸⁵⁸&
920 3148 1005 3203 homo
1017 3151 1069 3214 est,
1085 3143 1180 3199 itemm
1195 3137 1304 3213 spiritus
1326 3147 1386 3192 tuus
1409 3136 1437 3191 in
1453 3143 1552 3190 terram
1577 3133 1707 3193 relabitur

65 3231 149 3286 nibus
177 3233 304 3294 moritur,
332 3239 377 3294 qut
407 3234 466 3288 Jam
494 3220 578 3270 servit
613 3220 704 3266 menta
726 3206 781 3277 legi
806 3204 867 3268 Der,
1709 3173 1718 3201 ¹

66 3316 190 3391 quamvis
232 3313 299 3384 ipsae
325 3309 468 3383 passiones
501 3301 624 3358 nondum
664 3304 778 3352 morture
803 3291 868 3356 sint,

66 3404 195 3480 quandiu
223 3416 305 3457 earne
328 3397 447 3453 servitur
461 3391 516 3465 legi
535 3388 651 3461 peceati.
681 3386 773 3439 Restat
796 3380 870 3435 enim

68 3496 158 3552 adhue
171 3490 274 3562 aliquid
288 3489 313 3545 ei
339 3486 386 3559 qui
402 3492 442 3540 est
456 3482 508 3538 sub
523 3477 620 3551 gratie,
637 3473 711 3547 quod
725 3485 787 3526 eum
815 3482 871 3522 non

69 3585 174 3650 uincet,
190 3581 240 3637 sed
254 3576 369 3642 erudiat,
386 3588 441 3629 non
464 3569 599 3641 captivum
621 3563 711 3625 ducat,
727 3559 776 3615 sed
791 3572 872 3614 exer-

71 3680 144 3737 ceat,
160 3671 249 3727 donec
276 3663 454 3722 mortificetur
475 3666 561 3714 totum
590 3652 662 3725 quod
676 3645 873 3707 cousuetudine

72 3774 162 3836 prora
176 3759 334 3816 roboratum
349 3759 400 3809 est.
427 3751 497 3805 l'era
512 3747 622 3817 Sponsa
635 3738 734 3798 Christi
749 3733 876 3806 intelligit

75 3850 144 3924 quid
155 3849 238 3903 distet
248 3845 318 3901 iuter
333 3843 454 3897 litteram
482 3851 515 3892 ae
525 3834 658 3906 spiritum,
674 3844 733 3900 quer
748 3825 802 3881 duo
829 3822 875 3877 di·

77 3947 181 3997 euntur
196 3936 251 3992 alio
264 3932 346 3989 modo
358 3931 402 3986 lex
418 3937 444 3983 et
458 3924 564 3998 gratia:
576 3930 604 3977 et
616 3935 672 3975 non
682 3917 741 3986 jam
753 3914 781 3969 in
789 3919 877 3969 vetus·

77 4028 253 4089 tatelitteroe,
269 4021 357 4078 sedin
370 4018 489 4073 nouitate
508 4011 630 4084 spiritius
659 4009 717 4062 Deo
742 4002 877 4067 serviens,

76 4132 131 4174 non
161 4111 355 4182 estsublege,
371 4107 419 4162 sed
439 4103 490 4160 suh
504 4100 603 4175 gratia.
634 4100 673 4152 lta
698 4095 787 4149 littera
816 4104 877 4146 oum

77 4206 183 4279 spiritu,
198 4210 225 4259 et
238 4201 285 4257 lea
301 4212 364 4255 eum
379 4196 481 4268 gratie,
494 4190 551 4265 jam
576 4203 630 4243 non
659 4200 692 4240 eo
720 4179 803 4237 modo
829 4177 877 4232 lit·

77 4304 131 4351 tera
160 4300 188 4350 et
216 4291 260 4346 lex
292 4285 452 4359 appellatur,
491 4280 560 4334 sicut
584 4291 634 4348 per
662 4271 790 4344 seipsam,
816 4281 878 4323 oum

79 4383 181 4441 oceidit
187 4378 343 4436 abundante
351 4374 460 4430 delicto.
480 4366 599 4426 ltaenim
611 4365 656 4420 lex
671 4365 698 4417 et
712 4361 796 4416 virtus
810 4371 879 4428 pee-

80 4473 133 4531 eati
147 4471 224 4528 dieta
237 4475 287 4536 est,
319 4481 378 4522 eum
402 4467 486 4534 auget
500 4458 561 4528 ejus
584 4452 696 4510 noxiam
721 4445 882 4505 delectatio-

81 4578 141 4620 nem
155 4574 210 4634 per
236 4569 358 4613 severam
372 4548 591 4625 prohibitionem,
605 4558 656 4598 neo
682 4548 774 4595 tamen
799 4534 880 4592 etiam

83 4650 205 4709 siemala
219 4654 269 4718 est,
293 4643 342 4701 sed
369 4646 521 4715 peecatum,
538 4642 567 4689 ut
581 4637 710 4704 appareat
733 4632 883 4698 peecatum,

84 4756 131 4814 per
155 4740 262 4795 bonum
290 4739 432 4805 operatum
457 4735 498 4782 est
517 4729 646 4780 mortem.
673 4719 713 4773 lta
728 4715 812 4770 multa
827 4712 887 4783 qui-

86 4828 202 4885 busdam
216 4830 281 4881 aunt
293 4820 379 4877 noxia
395 4836 402 4882 ;
419 4813 542 4888 quamuis
557 4826 612 4866 noa
633 4808 688 4862 sint
711 4802 796 4859 mala.
820 4801 888 4856 llaec

88 4918 171 4991 igitur
180 4926 285 4988 sponsa
298 4908 397 4967 Christi
409 4906 468 4976 jam
481 4909 588 4958 medua
597 4897 665 4970 legi,
674 4894 702 4949 id
712 4901 750 4949 ost
764 4897 887 4963 peceato,

89 5007 161 5079 quod
185 5003 256 5076 legis
283 4995 470 5071 prohibitione
487 4991 516 5045 tit
533 4984 725 5048 abundantius,
754 4996 817 5036 oum
845 4978 889 5034 lex

89 5095 145 5151 sine
158 5093 249 5167 gratia
262 5088 350 5158 jubet,
362 5101 416 5140 non
428 5083 516 5151 juvat.
536 5076 594 5134 Tali
609 5089 675 5147 orgo
697 5072 759 5143 lege
773 5074 889 5134 mortua,

89 5188 118 5239 ul
145 5183 180 5239 sit
202 5177 318 5237 alterius
329 5173 420 5245 quiex
448 5168 562 5226 mortuis
584 5161 743 5225 resurrexit,
760 5153 892 5213 discernit

91 5275 142 5329 ista
153 5272 213 5328 sine
228 5266 299 5341 legis
315 5261 426 5335 injurie,
444 5276 478 5316 ne
502 5254 673 5327 saerilegium
688 5246 839 5306 committat
864 5241 893 5298 in

92 5363 150 5434 eius
163 5367 317 5417 auctorem.
344 5351 448 5408 Eatlem
458 5348 557 5420 quippe
567 5348 612 5401 lex
620 5357 680 5414 quae
693 5360 704 5391 ι
721 5353 772 5410 per
780 5337 893 5406 hloysen

93 5452 155 5508 data
168 5456 219 5520 est,
229 5445 320 5520 gratia
335 5450 362 5499 et
375 5439 474 5499 veritas
502 5436 652 5508 perlesum
674 5426 811 5483 Christum
825 5422 894 5479 lecta

95 5547 241 5620 salwode.
258 5546 289 5615 ι),
304 5534 490 5599 eumaeeessil
512 5534 607 5589 litterae
621 5527 742 5599 spiritus,
770 5530 800 5578 ut
822 5517 894 5576 inci-

96 5637 412 5730 peretimplorijastitia
424 5633 506 5706 leals,
522 5644 583 5704 qua
610 5641 667 5689 uon
694 5621 818 5695 impleta,
832 5630 895 5677 reos

923 3236 987 3309 quia
1009 3250 1065 3289 non
1094 3246 1154 3286 eum
1169 3228 1267 3285 dedisti
1292 3225 1342 3291 illi,
1358 3239 1440 3296 aquo
1455 3223 1644 3295 suspendatur,
1673 3220 1722 3293 qui

925 3340 979 3380 non
994 3339 1025 3378 se
1039 3320 1159 3377 eontinet
1173 3317 1224 3372 nisi
1240 3315 1419 3371 contineatur.
1437 3311 1499 3367 Noli
1513 3327 1589 3381 spem
1615 3323 1721 3383 ponere

925 3415 953 3470 in
969 3420 1003 3478 te,
1020 3410 1069 3465 sed
1084 3410 1112 3461 in
1128 3423 1161 3463 eo
1176 3405 1222 3476 qui
1236 3402 1301 3460 lecit
1315 3410 1351 3457 te.
1373 3403 1437 3474 lpse
1451 3400 1507 3455 vita
1521 3407 1566 3455 tuo
1580 3405 1631 3469 est,
1659 3396 1722 3453 vitae

926 3510 979 3558 tuae
1003 3496 1153 3554 iruetilieas
1176 3491 1308 3569 quidquid
1333 3489 1372 3545 illi
1399 3488 1553 3546 fructifices.
1577 3486 1723 3560 Sequitur:

963 3610 1050 3664 Vnus.
1067 3609 1093 3662 tt.
1109 3632 1143 3644 -
1160 3625 1171 3651 ι
1187 3601 1267 3657 Nune
1295 3606 1385 3655 antem
1413 3595 1495 3653 soluti
1514 3609 1639 3651 sumusa
1660 3593 1727 3665 lege

928 3697 1034 3764 mortis,
1061 3693 1088 3749 iu
1104 3707 1159 3764 qua
1178 3686 1376 3755 detinebamur,
1406 3684 1444 3740 ita
1457 3691 1487 3739 ut
1513 3684 1668 3741 serviamus
1695 3683 1726 3737 in

928 3786 1048 3843 novitate
1068 3779 1190 3855 spiritus,
1206 3786 1233 3833 et
1246 3792 1300 3833 non
1315 3777 1345 3830 in
1360 3776 1496 3831 velustate
1525 3772 1655 3831 littere.»
1672 3772 1728 3827 Lex

929 3875 1025 3932 mortis
1051 3879 1093 3929 est
1115 3868 1206 3925 littera
1220 3864 1361 3926 occidens,
1386 3879 1403 3919 a
1430 3877 1484 3935 que
1502 3861 1661 3929 liberantur,
1682 3860 1729 3932 qni

931 3970 1042 4038 peceato
1056 3960 1222 4017 moriuntur.
1242 3955 1300 4015 Lex
1315 3954 1405 4008 littera
1426 3959 1530 4009 tanturn
1545 3958 1587 4007 est
1615 3947 1730 4023 legenti·

932 4056 992 4120 bus,
1004 4051 1077 4125 quod
1092 4045 1257 4105 Testamenti
1271 4042 1377 4101 l-'ateris
1392 4048 1434 4097 est
1449 4059 1455 4107 ;
1472 4055 1526 4097 non
1542 4055 1592 4111 per
1606 4038 1729 4096 ebarita-

932 4152 987 4200 tom
1000 4138 1189 4213 implentibus,
1214 4133 1287 4207 quod
1310 4129 1477 4187 Testamenti
1504 4128 1577 4184 Novi
1605 4134 1656 4184 est.
1672 4128 1731 4183 Neo

933 4239 976 4292 eal
990 4229 1108 4301 adjutrix
1128 4224 1287 4300 legentium,
1304 4220 1434 4278 sedtostis
1449 4217 1631 4292 peccantium,
1647 4232 1664 4272 a
1678 4231 1730 4273 eu-

932 4325 978 4395 jus
1005 4316 1181 4376 damnatione
1208 4312 1357 4369 liberantur
1383 4309 1428 4382 qni
1456 4305 1639 4379 perspiritum
1655 4304 1734 4359 iuno·

896 4416 923 4479 D
938 4419 1043 4476 rantur,
1058 4408 1122 4479 quia
1133 4405 1222 4460 littera
1235 4400 1343 4466 oceidit,
1367 4397 1478 4470 spiritus
1491 4402 1582 4451 autem
1596 4390 1731 4451 rivilieat.

933 4505 965 4558 ln
978 4505 1111 4558 uetustate
1126 4494 1219 4550 litterar
1234 4489 1415 4562 pertimerem
1429 4484 1556 4548 servitur,
1573 4482 1600 4538 in
1614 4481 1735 4538 novitate

939 4590 1108 4664 spiritusper
1122 4596 1255 4645 amorem,
1280 4578 1326 4633 ubi
1340 4575 1414 4632 servi
1438 4572 1487 4629 titii
1508 4569 1671 4628 efficiuntur.
1701 4569 1735 4627 Ul

940 4687 1028 4737 autem
1053 4675 1120 4731 tales
1144 4669 1218 4727 servi
1240 4669 1299 4738 jam
1325 4664 1397 4720 servi
1420 4678 1477 4719 non
1499 4661 1596 4729 simus,
1619 4657 1666 4729 qui
1687 4656 1736 4713 filii

941 4783 1033 4825 samus
1048 4763 1154 4837 gratiae,
1167 4757 1315 4814 Dominum
1328 4753 1381 4808 hoo
1407 4750 1497 4807 lacere
1522 4748 1632 4804 seimus.
1657 4744 1736 4815 Quod

942 4872 1037 4913 serres
1059 4854 1105 4908 ille
1132 4846 1228 4914 nescit,
1251 4842 1296 4916 qui
1318 4839 1404 4897 nescit
1427 4838 1492 4909 quid
1515 4836 1597 4893 faeiat
1611 4834 1739 4891 dominus

943 4947 1014 5018 eius,
1030 4942 1075 5015 qui
1090 4942 1117 4996 in
1128 4937 1228 5009 seipso,
1243 4948 1298 4990 non
1314 4930 1341 4985 in
1355 4929 1473 4984 Domino
1487 4925 1629 5001 gloriatur.

980 5051 1168 5110 tense-t
1182 5041 1253 5114 Quid
1268 5054 1335 5111 ergo
1362 5036 1485 5092 dicemus
1495 5036 1509 5087 ‘l
1525 5034 1579 5088 Lex
1599 5038 1740 5102 peecatum

945 5151 987 5202 est
1000 5144 1015 5196 ‘l
1030 5142 1107 5196 Absit
1122 5141 1128 5193 l
1145 5135 1198 5191 Sed
1207 5135 1351 5204 peceatum
1364 5141 1419 5181 nun
1434 5122 1561 5197 cognovi,
1572 5120 1626 5176 nisi
1640 5136 1690 5191 per
1700 5119 1741 5175 le·

946 5249 1019 5307 gem.
1047 5232 1117 5285 Nam
1141 5215 1390 5293 concupiscentiam
1418 5212 1587 5278 nesciebam,
1616 5207 1669 5264 nisi
1697 5206 1743 5264 lex

947 5324 1049 5380 diceret
1058 5339 1064 5375 z
1074 5319 1135 5374 Non
1141 5309 1331 5381 concupisces.
1344 5328 1354 5352 u
1368 5304 1396 5360 Si
1410 5303 1452 5359 lex
1467 5318 1522 5358 non
1532 5306 1574 5356 est
1587 5304 1741 5371 peceatum,

948 5408 995 5468 sed
1007 5405 1165 5465 insinuatrix
1193 5407 1298 5455 tontum
1313 5393 1427 5467 peceati,
1441 5390 1620 5446 nihilominus
1645 5388 1673 5442 in
1700 5387 1744 5442 his

949 5509 1042 5571 uerbis
1065 5498 1285 5577 reprehendilur.
1319 5492 1444 5549 Animam
1472 5490 1574 5563 quippe
1597 5490 1744 5542 humanam

949 5605 1027 5682 quasi
1040 5603 1074 5660 de
1088 5596 1243 5671 ignorantia
1268 5602 1402 5660 aerumna,
1429 5586 1489 5658 ipsa
1515 5580 1746 5643 demonstratione
