3728 6000
93 256 156 312 'le

684 254 732 312 DF}
750 251 1002 311 SAcaAbvao.
1019 283 1053 296 -
1067 254 1134 310 bre.
1154 255 1178 313 l.

1699 261 1755 318 770

100 380 272 439 distribuerit
298 378 446 452 discipulis,
477 386 590 436 testatur
608 379 779 451 Augustinus
807 379 833 434 iu
855 378 896 433 tit.
913 376 1080 450 Accrporis
1096 386 1123 434 el
1139 378 1248 450 pretiosi
1264 378 1404 451 sauguinis
1427 381 1536 448 Christi,
1564 384 1687 440 emnium
1702 402 1755 443 no·

101 470 201 541 psalmi
215 485 302 526 xxxin
318 470 410 539 (enar.
430 486 460 535 u,
475 486 504 524 n.
521 470 594 536 10,1.
621 471 667 536 IV,
681 469 734 533 col,
751 469 825 538 111),
841 484 902 524 cum

99 558 209 632 fugeret
222 559 308 614 David
322 558 386 615 Saul
402 563 619 629 persecutorem,
635 558 765 630 inquiens
780 557 853 613 itan«
870 557 904 611 bt

99 648 248 718 saciatur
262 649 293 703 in
307 647 441 703 ornatibus
454 649 525 702 anis.
542 648 601 702 lloc
615 662 681 704 vero
694 646 833 717 quomodo
847 644 904 701 lieri

99 736 190 807 possit
204 736 230 791 in
244 736 356 791 homine
372 754 380 802 3
397 735 459 804 quis
474 734 637 805 intelligat?
659 733 727 804 Quis
755 735 830 791 enim
846 750 904 805 por·

100 832 175 879 tatur
188 824 311 879 manibus
325 823 381 880 suis
395 824 410 877 1
424 822 567 891 Quomodo
609 824 779 895 intelligatur
803 824 829 878 in
844 823 904 892 ipso

100 912 190 969 David
204 911 352 968 secuudum
366 912 486 968 litteram
502 928 557 968 nou
569 912 726 969 invenimus
737 928 744 983 ;
756 914 783 968 in
798 912 905 968 Christo

101 1009 193 1057 eutem
210 1001 376 1057 invenimus.
395 1002 542 1057 Ferebatur
564 1001 637 1057 enim
667 1002 791 1058 Christus
808 1002 835 1056 iu
849 1017 903 1055 ma-

103 1091 185 1145 nihus
199 1089 267 1157 suis,
283 1091 393 1163 quando
408 1091 603 1148 commendans
619 1106 719 1161 corpus
748 1107 827 1146 suum
842 1092 881 1145 eit
896 1110 902 1146 :

101 1180 158 1236 lloc
172 1183 215 1236 sel
230 1196 330 1248 corpas
344 1196 450 1236 mcum
467 1180 583 1236 Ferehat
596 1179 669 1236 enim
684 1179 750 1235 illud
766 1195 864 1252 corpus
877 1181 903 1234 iu

103 1267 233 1324 manibus
249 1268 315 1324 suis.
334 1291 345 1317 a

139 1356 211 1412 Cum
226 1371 295 1429 ergo
310 1363 423 1423 constet,
449 1356 513 1429 quio
538 1357 658 1429 seipsum
687 1357 834 1414 moriturus
848 1359 899 1411 im·

100 1445 260 1510 mortalem,
275 1445 391 1500 visibilis
406 1445 575 1502 invisibilem
589 1447 616 1500 in
632 1455 805 1502 sacramento
819 1445 905 1502 dede-

100 1535 144 1602 rit,
162 1541 267 1591 constat
282 1533 426 1605 quiaillud
441 1550 542 1606 corpus
558 1551 648 1603 suum,
666 1535 745 1605 quale
759 1551 809 1591 nos
823 1524 904 1591 modo

103 1624 249 1689 sumimus,
266 1623 320 1677 tale
335 1621 395 1692 luit,
408 1639 489 1678 unum
505 1623 632 1693 idemque
656 1624 767 1679 omnino
782 1625 904 1679 substau-

100 1714 176 1768 tiaet
191 1720 253 1766 tuuc
269 1718 296 1767 et
312 1726 384 1767 nuuc
400 1725 407 1767 :
424 1711 471 1765 sed
486 1720 549 1768 tunc
577 1721 667 1768 tamen
683 1711 811 1768 disserens
826 1728 903 1769 mor·
918 1735 945 1794 Β

957 474 1043 520 strum
1059 467 1251 539 Redemptoris
1271 466 1370 531 effecti,
1388 483 1443 523 uon
1464 478 1493 524 ut
1513 486 1685 528 communem
1700 490 1757 531 car-

959 571 1021 609 nem
1036 554 1227 626 percipientes
1248 557 1322 627 quod
1337 557 1408 612 ahsil
1425 559 1431 612 l
1446 574 1496 614 uec
1522 564 1554 614 ut
1568 560 1619 615 viri
1633 563 1756 618 structili-

957 645 1050 701 satiet
1067 645 1157 701 Verbo
1176 646 1313 714 conjuncti
1343 647 1490 703 secundum
1506 648 1650 721 dignitatis
1664 652 1756 708 unita-

960 738 1026 802 tem,
1042 743 1087 790 aut
1101 735 1170 789 sicut
1192 735 1313 790 divinam
1342 737 1508 807 possidentis
1538 739 1755 812 habitationem

959 821 1008 877 sed
1024 821 1315 890 verevivilrcatricem,
1345 834 1371 879 et
1398 825 1482 896 ipsius
1510 827 1592 882 Verbi
1620 830 1757 901 propriam

960 911 1070 966 iactam.
1093 912 1153 966 Vile
1169 911 1240 968 enim
1255 913 1416 968 nattrraliter
1438 924 1466 969 ut
1479 916 1551 971 Deus
1568 917 1694 986 existens,
1712 919 1757 989 qui

958 1001 1047 1055 eidem
1063 1000 1180 1072 propriae
1194 1003 1271 1056 cerni
1293 1002 1384 1057 unitus
1411 1013 1462 1066 est.
1479 1004 1682 1062 vivificatricem
1696 1023 1758 1064 eam

959 1106 1017 1145 esse
1039 1089 1177 1160 protessus
1197 1097 1248 1145 est.
1277 1091 1312 1145 Et
1339 1090 1401 1146 ideo
1425 1093 1550 1163 quamvis
1574 1094 1668 1151 dicat:
1698 1097 1758 1153 Niar‘

957 1174 1200 1230 manducaveritis
1213 1191 1330 1231 earnem
1350 1176 1416 1231 Filii
1432 1176 1568 1247 hernicis,
1584 1195 1636 1233 uon
1666 1187 1756 1237 tamen

958 1279 1019 1320 eam
1035 1273 1062 1318 ut
1078 1263 1196 1319 hominis
1209 1263 1289 1318 unius
1300 1280 1334 1319 ex
1349 1265 1428 1320 nobis
1443 1265 1599 1322 existimare
1614 1268 1756 1327 debemus.

958 1351 1102 1419 Quomodo
1128 1352 1200 1406 euim
1226 1351 1306 1420 juxta
1341 1361 1463 1407 naturam
1491 1370 1568 1410 suam
1591 1355 1757 1413 vivificatrix

958 1456 1018 1496 csse
1037 1440 1137 1511 poterit
1166 1455 1228 1496 caro
1257 1440 1400 1496 hominis?
1428 1441 1481 1497 Sed
1509 1442 1667 1513 profitemur
1694 1463 1757 1504 vere

959 1529 1094 1600 propriam
1111 1529 1173 1599 ejus
1187 1529 1298 1595 luctam,
1314 1530 1360 1600 qui
1375 1534 1490 1601 propter
1503 1547 1553 1587 nos
1568 1533 1652 1590 Filius
1667 1535 1759 1592 bomi-

958 1616 1002 1671 nis
1017 1624 1044 1671 et
1057 1616 1144 1672 lactus
1159 1624 1201 1671 est
1215 1626 1241 1670 et
1256 1625 1377 1673 vocatus.
1397 1641 1408 1666 s

996 1704 1061 1761 Cum
1075 1721 1142 1778 ergo
1157 1706 1208 1761 bac
1223 1708 1332 1775 synodo
1361 1707 1426 1761 salis
1454 1716 1603 1765 astructum
1629 1712 1673 1777 sit,
1704 1729 1759 1771 nnn

101 1800 205 1857 ruinae
219 1808 247 1855 et
260 1799 478 1867 immortalitate,
496 1801 522 1854 in
552 1801 670 1856 bominis
700 1801 903 1857 etsacrnmenti
959 1793 1075 1863 alicujus
1088 1794 1122 1850 de
1141 1794 1225 1866 vulgo
1239 1794 1357 1849 hominis
1376 1811 1485 1851 carnem
1501 1805 1528 1852 et
1556 1800 1758 1873 sanguinemiu

101 1889 200 1957 forma,
215 1904 287 1943 nunc
301 1888 418 1944 bominis
441 1895 545 1945 tantum
573 1896 600 1944 et
615 1889 781 1946 sacramenti
799 1889 899 1945 loreia.
958 1882 1086 1954 mlslt'liO
1103 1885 1184 1948 sumi·
1201 1883 1251 1938 ⁸⁰11
1266 1898 1374 1939 ⁰²lsse¹¹¹
1399 1885 1612 1960 Vilififflllilemt
1628 1895 1655 1945 el
1670 1891 1757 1963 5D³i¹¹⁸

101 1976 192 2047 Quem
234 1976 404 2032 identitatem
440 1977 619 2045 substantiae,
666 1977 905 2049 diversitatemque
962 1972 1044 2028 Verbi
1058 1976 1197 2043 propriam
1213 1972 1323 2041 laetam,
1344 1989 1379 2030 ne
1407 1983 1498 2031 tamen
1514 1978 1604 2034 verbis
1619 1979 1649 2036 D.
1668 1983 1758 2054 Augu-

86 2067 200 2126 lormer
223 2066 388 2136 Augustinus
417 2065 576 2121 discernens
593 2084 600 2127 ;
627 2066 662 2120 de
690 2066 828 2123 identitate
842 2067 906 2121 sub·
960 2061 1035 2126 silli·
1050 2060 1153 2132 (1υἰῂῃῦ
1168 2061 1235 2116 dixu
1251 2065 1540 2134 0¹F0l⁸⁰⁰lD⁰¹¹¹i¹¹b
1556 2082 1608 2122 ¹¹⁰⁰
1625 2070 1757 2126 1100001·

104 2154 221 2224 stantiae,
257 2163 285 2210 ut
319 2169 427 2210 omnem
467 2155 613 2209 novitatem
648 2156 692 2210 rel
720 2155 905 2213 diversitatem
960 2167 1010 2220 pus
1024 2149 1100 2221 quod
1115 2151 1213 2206 videtis
1228 2151 1414 2207 manducaturi
1431 2154 1505 2220 estis,
1534 2157 1610 2227 quasi
1636 2157 1758 2217 illudne-

105 2241 334 2312 mmmm„
358 2257 439 2298 serm,
468 2243 503 2298 ad
531 2243 906 2314 Neopby1032alleeacci-
960 2240 1180 2307 movendoase,
1211 2247 1238 2295 el
1267 2240 1363 2295 iterum
1391 2244 1551 2313 mysterium
1580 2255 1699 2302 vestrum
1727 2249 1756 2305 in

104 2332 163 2404 pite
177 2334 206 2386 in
221 2346 303 2400 pane·
316 2331 389 2402 quod
405 2331 532 2401 pependjp
546 2333 575 2384 qn
590 2347 669 2387 cruce
686 2350 693 2397 ;
724 2332 776 2388 1100
791 2334 907 2403 accipite
960 2343 1055 2383 mensa
1071 2327 1181 2382 Domini
1196 2328 1314 2399 positum
1336 2336 1385 2394 est,
1402 2336 1488 2386 estote
1516 2334 1590 2404 quod
1618 2335 1717 2392 videtis
1731 2346 1758 2396 et

103 2422 132 2477 in
147 2420 246 2487 calice,
262 2420 336 2491 quod
349 2417 465 2474 effusum
483 2425 526 2475 est
548 2419 582 2474 de
598 2420 698 2476 Christi
726 2421 820 2476 latera.
848 2421 907 2476 Erit
959 2416 1073 2486 accipite
1089 2416 1161 2488 quod
1177 2417 1254 2484 estis,
1270 2433 1304 2472 ne
1317 2434 1352 2473 ex
1368 2419 1417 2474 hae
1442 2421 1519 2490 quasi
1547 2423 1658 2479 unitatis
1681 2426 1759 2483 iami-

104 2511 179 2567 m
198 2510 223 2566 ei
239 2524 321 2575 mors,
337 2524 391 2564 non
406 2509 471 2577 vila,
489 2509 536 2580 qui
552 2510 714 2565 mendacem
729 2510 904 2567 exprimam.
958 2504 1073 2560 liar-itate
1088 2506 1225 2576 subrepat,
1254 2515 1282 2560 ut
1305 2506 1340 2561 od
1364 2509 1435 2564 banc
1453 2509 1614 2582 dignitatem
1636 2514 1759 2586 aspirare

104 2599 139 2655 m
150 2599 249 2655 viam·
268 2620 280 2647 ‚
959 2602 1104 2666 praesumat
1119 2594 1226 2665 aliquis,
1243 2603 1270 2650 ut
1286 2611 1366 2650 suum
1393 2597 1436 2653 vel
1465 2599 1579 2669 alicujus
1605 2617 1707 2674 corpus
1723 2604 1759 2662 dc
1821 2598 1831 2607 ”

136 2685 192 2757 Qui
208 2687 325 2759 engada
354 2687 508 2744 substantia
536 2695 588 2742 tarn
610 2686 748 2744 veraciter
775 2689 903 2755 astruxit,
958 2684 1042 2754 vulgo
1057 2683 1128 2738 sumi
1143 2683 1257 2739 aestimer
1271 2684 1299 2739 in
1323 2696 1517 2743 sacramento:
1547 2692 1757 2759 quodvereso·

103 2774 396 2831 illudidemhicesse
423 2774 494 2844 quod
523 2773 563 2828 ihi
589 2775 660 2830 luit:
689 2774 723 2829 de
748 2774 906 2829 diversitate
957 2772 1011 2827 lius
1033 2772 1130 2828 Christi
1154 2787 1253 2842 corpus
1278 2772 1315 2827 ihi
1339 2773 1383 2840 sit,
1408 2784 1572 2832 astruamus.
1593 2781 1758 2852 Augustinus

102 2862 202 2919 lormae
216 2862 243 2917 in
259 2862 372 2934 epistole
386 2863 421 2918 ad
441 2864 574 2918 irenaeum
600 2862 635 2916 ita
663 2862 723 2918 ait:
751 2885 761 2911 a
778 2864 839 2918 Nou
854 2864 906 2919 hcc
957 2861 984 2915 in
996 2861 1083 2916 libros
1098 2877 1124 2915 rr
1139 2861 1179 2915 De
1195 2860 1326 2917 Trinitate
1348 2863 1427 2933 (cap.
1445 2867 1488 2932 tl,
1505 2873 1528 2919 t.
1549 2867 1605 2931 vlt,
1622 2883 1650 2923 c.
1670 2869 1732 2941 8113)
1751 2884 1758 2925 :

100 2967 202 3024 corpus
216 2952 289 3022 quod
306 2951 403 3007 videtis
420 2950 608 3006 manducaturi
637 2951 712 3017 estis,
728 2967 779 3007 nec
793 2951 904 3006 bibituri
960 2947 1060 3019 «Quis
1080 2949 1760 3027 tamsauctusetjustussercerdos,quamunicus
1850 2982 1857 2995 ·

99 3041 179 3098 illum
195 3040 367 3112 sanguinem,
385 3055 464 3112 quem
480 3038 564 3094 lusuri
579 3048 641 3095 sunt
655 3040 701 3110 qui
729 3055 773 3095 me
797 3037 905 3096 crucili-
919 3039 1041 3152 CFilius
1055 3038 1105 3093 Dei
1122 3039 1136 3092 ‘l
1156 3038 1191 3092 Et
1210 3039 1277 3108 quid
1307 3045 1361 3093 lam
1390 3050 1466 3113 prate
1493 3043 1583 3099 offerri
1606 3055 1632 3101 et
1658 3048 1761 3121 suscipi

101 3133 180 3202 gent.
198 3130 288 3200 ipsum
302 3128 412 3201 quidem
435 3137 461 3183 et
481 3143 537 3183 non
552 3127 651 3199 ipsum.
668 3129 759 3197 lpsum
775 3128 902 3183 inrisihi·
958 3135 1062 3199 posset,
1079 3142 1159 3197 quam
1175 3142 1239 3182 earo
1260 3127 1385 3184 sacrificii
1400 3128 1494 3196 nostri,
1523 3149 1620 3204 eorpus
1635 3135 1759 3194 effectum

102 3219 176 3285 liter,
189 3233 245 3273 ucu
258 3217 348 3289 ipsum
367 3215 522 3272 visibiliter.
544 3239 555 3265 a
572 3216 658 3282 Quasi
672 3216 773 3272 diceret
790 3233 797 3270 ι
814 3219 904 3288 ipsum
960 3216 1114 3273 Sacerdotis
1129 3215 1236 3271 nostrii
1253 3223 1284 3271 ut
1312 3217 1439 3287 quoniam
1452 3226 1567 3290 quatuor
1581 3223 1757 3282 consideran-

102 3306 216 3381 quidem
245 3305 399 3361 secundum
414 3305 579 3360 invisibilem
589 3305 778 3372 substantiam,
805 3312 832 3361 et
850 3321 904 3362 non
960 3313 1003 3360 tur
1016 3304 1043 3358 iu
1059 3303 1135 3359 omni
1149 3303 1294 3370 sacrificio,
1311 3304 1532 3374 cuioileratur,a
1547 3325 1601 3380 quo
1617 3310 1756 3381 offeratur,

101 3396 194 3469 ipsum
209 3394 360 3452 secundum
375 3394 510 3451 visibilem
526 3394 653 3450 formam.
960 3392 1026 3465 quid
1054 3391 1188 3460 offeratur,
1214 3407 1263 3463 pro
1287 3391 1386 3462 quibus
1411 3393 1562 3451 offeratur:
1590 3399 1662 3454 idem
1690 3418 1761 3458 unua

427 3515 541 3573 CAPUT
556 3517 592 3572 X.

103 3626 183 3694 Quod
206 3640 263 3680 non
278 3623 311 3680 de
337 3621 458 3749 quolibet
489 3621 560 3680 Filio
582 3623 713 3690 hominis,
730 3624 779 3678 aad
793 3622 827 3679 de
843 3624 905 3696 lpac

139 3696 250 3752 Ghrlalo
263 3695 337 3751 intel
353 3695 486 3764 ipendum
501 3698 544 3773 cal
560 3715 568 3750 :
587 3718 598 3744 a
617 3695 677 3751 lltsl
691 3694 908 3750 arandarancrl·

141 3770 311 3895 mmm:
336 3767 402 3822 Filii
419 3765 556 3833 homines,
578 3783 636 3823 non
659 3763 794 3821 habebitis
818 3766 907 3820 vilem

146 3933 202 3991 Sed
216 3949 250 3989 ex
263 3932 396 3989 bacbeati
425 3932 569 4003 Augustini
597 3932 732 3989 sententia
750 3949 801 4004 qua
815 3933 882 3990 dicit
899 3952 905 3987 ε

961 3481 1014 3554 ipsi
1030 3495 1165 3552 verusque
1194 3481 1329 3536 mediator
1356 3498 1407 3553 per
1435 3485 1598 3542 sacrificium
1625 3489 1700 3559 pacis
1712 3506 1762 3549 re-

960 3570 1108 3626 conciliaus
1122 3585 1172 3624 uos
1186 3569 1253 3638 Deo,
1269 3586 1352 3624 unum
1367 3586 1429 3626 eum
1458 3573 1504 3629 illo
1520 3586 1642 3633 maneret
1656 3579 1700 3634 cui
1713 3580 1759 3636 ol·

962 3657 1074 3725 ierebsl,
1104 3673 1187 3713 unum
1202 3658 1229 3712 in
1251 3674 1281 3714 se
1308 3658 1408 3716 laceret
1426 3676 1475 3732 pro
1503 3663 1601 3735 quihus
1619 3665 1760 3738 offerebat,

962 3761 1033 3802 uuus
1063 3747 1123 3817 ipse
1151 3753 1225 3801 esset
1259 3745 1305 3816 qui
1333 3745 1473 3818 ollerehat,
1498 3758 1526 3806 et
1551 3751 1624 3822 quod
1658 3752 1761 3813 ollare-

962 3835 1048 3891 bet.»

998 3927 1066 3980 ltem
1086 3923 1140 3980 Leo
1167 3938 1240 3995 papa
1266 3923 1294 3978 in
1322 3924 1439 3998 epistola
1461 3929 1605 3987 Anatholio
1634 3932 1762 4008 episcopa

80 4082 83 4087 ,
107 4047 119 4072 ι
141 4023 204 4079 Nou
219 4024 271 4079 hoc
285 4037 383 4093 corpus
397 4022 469 4093 quod
485 4022 582 4077 videtis
594 4021 779 4077 manducaturi
795 4023 874 4078 estis.
893 4046 905 4071 a
963 4013 1046 4069 missa
1061 4016 1116 4084 (⁸⁰,
1133 4029 1161 4068 n.
1175 4014 1202 4080 2,
1219 4021 1239 4068 t.
1257 4014 1318 4082 1,ο.
1343 4016 1422 4083 1010,
1438 4015 1484 4072 ed.
1504 4017 1620 4091 Deliam:
1652 4045 1663 4072 n
1677 4024 1763 4080 Aliter

105 4113 140 4168 Et
154 4110 289 4182 exipsius
302 4110 411 4166 Domini
432 4110 521 4165 verhis
548 4118 612 4165 nato
644 4117 687 4166 est
715 4110 828 4168 haeresis
842 4118 910 4166 tem·
963 4104 991 4158 in
1007 4102 1127 4159 Ecclesia
1142 4102 1201 4168 Dei·
1218 4119 1281 4174 ί1001
1305 4117 1407 4175 001003
1421 4112 1467 4161 θθῑ
1494 4105 1602 4177 Chlislb
1630 4127 1680 4168 nec
1707 4120 1765 4169 0110

106 4215 173 4275 pore
188 4199 325 4255 Coelesrini
341 4215 428 4270 papae,
445 4198 576 4271 ercprilli
598 4198 776 4254 Alexandrini
805 4199 908 4272 episco.
963 4190 1204 4258 suutsacerdotia,
1220 4205 1349 4248 necvera
1373 4190 1517 4263 sacrificia,
1546 4197 1600 4252 nisi
1620 4198 1648 4253 in
1663 4210 1764 4259 nostrae

106 4289 145 4362 pi,
162 4288 261 4361 quibus
275 4287 459 4343 adnitentibus
475 4288 613 4343 celebrata
629 4296 668 4343 est
678 4288 798 4358 synodus
814 4289 908 4360 Ephe.
963 4279 1131 4353 proprietate
1148 4286 1248 4335 naturae
1268 4296 1349 4336 verus
1377 4297 1426 4336 nos
1445 4282 1567 4353 pontifex
1594 4291 1763 4359 reconciliet,

107 4378 179 4445 sina,
194 4376 367 4432 etdestrueta
381 4384 421 4432 est
439 4377 563 4446 haeresis,
583 4393 645 4450 quae
673 4377 780 4432 dicebat
807 4393 905 4448 panem
964 4386 1044 4426 verus
1058 4368 1227 4425 immaculati
1242 4369 1314 4440 Aqui
1328 4369 1441 4442 sanguis
1456 4373 1606 4428 emundet:
1635 4377 1681 4447 qui
1702 4376 1765 4435 lieet

107 4476 135 4524 el
151 4465 247 4522 „inum
262 4465 361 4534 atrapis,
377 4480 434 4520 „011
456 4466 486 4520 jn
515 4467 652 4537 propriam
675 4479 784 4522 carnem
810 4475 835 4522 91
850 4446 950 4522 ΜΛ)
966 4457 993 4513 in
1011 4457 1095 4513 Patris
1110 4458 1144 4513 sit
1163 4459 1276 4513 dextera
1297 4458 1466 4527 constitutus,
1497 4461 1525 4516 in
1549 4462 1648 4518 eadem
1676 4474 1765 4523 tamen

108 4555 221 4630 guinem
239 4554 348 4622 Christi,
365 4570 426 4627 quaa
452 4554 509 4623 jam
540 4554 567 4608 iu
591 4553 660 4610 coelo
688 4563 757 4623 erat,
786 4555 908 4626 possein

107 4643 212 4700 mundo
226 4642 334 4711 mutari,
351 4641 400 4696 sed
416 4643 443 4696 in
459 4656 565 4698 carnem
582 4649 609 4697 et
636 4642 797 4714 sauguinem
811 4643 907 4712 cujus-

107 4734 177 4790 libet
191 4732 239 4787 lilii
254 4731 372 4787 hominis
383 4730 453 4800 justi
469 4739 497 4786 et
519 4730 616 4801 sancti,
641 4733 688 4802 qui
704 4731 835 4803 templum
848 4733 908 4804 Dei,

83 4882 86 4887 ,
108 4832 137 4881 et
149 4821 248 4878 meritc
263 4837 312 4876 suo
326 4835 424 4890 corpus
438 4819 539 4874 Christi
559 4827 631 4875 esset
645 4820 679 4876 dc
708 4836 761 4892 quo
790 4821 910 4877 Christus

106 4912 168 4983 ipse
182 4909 302 4966 dixerat:
320 4909 380 4965 Nial
395 4907 639 4965 mandacaveritis
654 4925 772 4965 carnem
782 4911 849 4966 Filii
864 4909 910 4967 ho·

106 4999 206 5068 menta,
221 5013 279 5054 non
296 4994 435 5053 hahebitis
448 4997 536 5051 vllem
552 4998 582 5051 ln
599 4995 674 5053 nobie
688 4998 780 5066 (loen.
797 5013 835 5068 vr,
851 4998 909 5068 51).

108 5087 196 5159 igitur
209 5102 242 5141 cr.
256 5084 378 5157 episcopi
399 5084 427 5138 in
451 5084 561 5154 Epheso
585 5086 748 5158 congregati
761 5088 827 5157 (31),
843 5100 910 5142 οοο-

110 5185 152 5232 tre
164 5177 233 5231 hanc
247 5173 384 5241 baeresim,
400 5172 436 5227 ila
447 5173 613 5243 scripserunt
626 5175 752 5230 Nestorio
780 5175 912 5247 episcopo

111 5265 321 5323 boerab'ccrum:
363 5285 374 5313 ι
405 5261 608 5319 sanctificamur
639 5263 791 5337 participes
828 5263 913 5320 sancti

150 5445 208 5514 (31)
223 5443 316 5500 Labhe
332 5442 440 5501 Coneil.
469 5451 488 5498 t.
507 5445 552 5512 lll,
576 5446 631 5500 eol.
652 5445 712 5511 115,
730 5443 757 5498 iu
772 5442 862 5517 Fplal.
883 5444 912 5502 5.

114 5515 209 5588 cyrill.
224 5518 308 5572 Alex.
326 5530 397 5570 anno
412 5514 461 5569 131
483 5515 551 5572 lecta
565 5516 593 5572 iu
614 5531 692 5574 conc.
708 5515 855 5586 Ephesiae,
871 5515 914 5573 cui

113 5588 300 5645 iuterfuerunt
311 5584 434 5660 episcopi
446 5585 566 5646 dccccli
575 5591 639 5660 sara
653 5602 783 5658 nummo,
797 5595 828 5645 ut
840 5586 922 5647 acri.

963 4563 1046 4604 corne
1062 4563 1142 4619 quam
1159 4545 1274 4618 sumpsit
1288 4562 1322 4601 ex
1336 4546 1451 4620 virgine,
1480 4560 1679 4608 sacramentum
1694 4571 1762 4627 pro-

963 4635 1111 4708 pitiationis
1125 4634 1279 4705 exequitur.
1301 4635 1399 4690 altem
1423 4637 1476 4692 beo
1507 4638 1563 4710 (32)
1584 4655 1602 4719 τ.
1622 4643 1765 4703 «Dicente

964 4725 1096 4780 Domino:
1115 4721 1177 4780 lliri
1186 4722 1427 4780 rncndaeancrilis
1437 4742 1553 4782 carerem
1562 4728 1630 4784 Filii
1639 4731 1765 4790 hominis

964 4817 992 4869 el
1004 4814 1130 4869 biberitis
1139 4814 1199 4884 ejus
1209 4810 1389 4882 sanquinem,
1401 4828 1458 4869 non
1474 4812 1614 4873 habebitis
1630 4821 1718 4878 vitem
1731 4824 1765 4880 in

965 4901 1050 4970 vebia,
1067 4901 1107 4956 sic
1134 4916 1219 4956 sacrm
1243 4916 1346 4956 mensre
1374 4903 1574 4960 communicare
1601 4907 1718 4980 debetis,
1735 4919 1766 4969 ut

966 4991 1031 5045 nibil
1047 5005 1157 5062 prorsus
1170 4989 1204 5046 de
1223 4989 1339 5045 veritate
1366 4990 1490 5062 eorporis
1518 4991 1616 5050 Christi
1644 5004 1671 5053 et
1697 5016 1764 5056 san-

965 5079 1059 5153 guinis
1072 5079 1226 5150 ambigatis.
1242 5079 1299 5134 Hoc
1311 5078 1382 5133 enim
1398 5095 1444 5134 ore
1473 5080 1597 5150 sumitur,
1621 5088 1693 5156 quod
1708 5088 1764 5146 lida

966 5169 1085 5225 creditur
1101 5182 1107 5237 ;
1124 5176 1152 5224 et
1166 5168 1269 5222 frustra
1296 5169 1385 5223 Arnen
1412 5166 1445 5221 ab
1473 5167 1526 5223 illis
1541 5174 1732 5249 respondetur,
1747 5195 1763 5237 u

967 5257 1064 5331 quibus
1078 5265 1175 5313 contra
1188 5256 1216 5311 id
1230 5255 1303 5328 quod
1317 5255 1450 5328 accipitur
1460 5255 1629 5330 disputetur.
1647 5287 1658 5311 l

967 5436 1144 5494 hitViueent.
1161 5434 1250 5491 Lerin.
1265 5433 1291 5488 iu
1307 5436 1488 5506 dammartin,
1511 5451 1539 5494 c.
1558 5442 1602 5499 29.

1003 5510 1060 5593 (33)
1073 5508 1204 5565 Sermone
1222 5514 1302 5563 sexto
1327 5508 1367 5564 Da
1375 5509 1490 5590 jejunio
1510 5514 1625 5584 septimi
1646 5520 1764 5593 mensis,

967 5599 1014 5654 qm
1028 5588 1071 5654 est
1082 5595 1137 5648 xci,
1152 5578 1207 5637 col.
1221 5581 1286 5647 380,
1298 5578 1347 5635 ed.
1361 5589 1411 5638 cit.
