3728 6000
94 237 144 293 lli
482 232 607 291 mutet
625 231 831 291 ansouldus
852 230 1153 290 lldlileleENSE.
1170 230 1285 287 altu.
1304 232 1341 289 11.
1693 231 1750 287 lid

96 360 158 416 dem
187 360 260 432 quod
300 359 456 430 postulabat
485 359 598 416 firmiter
634 358 799 429 impetravit.
825 356 896 427 Quid
910 357 939 418 A
953 356 1174 413 rumamicitiam
1188 358 1274 415 abbas
1299 356 1416 414 retinere
1433 356 1577 419 voluisset,
1602 354 1655 426 ipsi
1687 354 1748 426 pri-

99 451 205 522 plorat
240 451 368 520 gandium
394 450 582 506 irraesrtmrbite
610 448 710 504 nostris
735 457 761 504 et
776 447 896 504 omnium
951 446 1082 519 vilegium
1097 447 1169 517 qnod
1184 448 1301 504 babebat
1313 447 1486 503 discinderet.
1510 449 1560 503 Ast
1590 452 1749 517 paupertate

98 541 247 595 anticorum
270 550 424 595 nosti-orum
447 541 601 608 pectoribus
616 537 777 593 infunditur.
803 537 900 592 Exsur·
951 551 1000 591 sua
1018 534 1115 591 fortior
1134 552 1311 610 securiorque
1338 536 1428 593 fastris
1446 537 1545 602 abbas,
1575 534 1670 607 paucis
1697 548 1748 606 pro

98 629 168 683 rexit
178 629 249 683 enim
265 629 348 695 Deus,
364 638 391 682 et
405 628 529 698 dissipati
544 634 604 682 sunt
619 626 722 683 inimici
746 626 815 696 ejus.
832 626 898 682 Stu-
952 632 1074 695 tempore
1088 626 1227 694 peroratis,
1243 624 1351 682 tandem
1366 643 1395 682 se
1410 623 1576 698 magismori
1595 623 1653 680 foro
1667 639 1749 695 para-

98 717 332 789 pebatdlgrinus.
348 725 375 772 et
395 733 494 772 omnes
523 717 607 772 invidi
636 725 663 772 et
685 715 790 772 inimici
814 714 899 771 nostri
953 713 1049 769 tiorem
1074 729 1155 786 quam
1183 713 1275 771 facere
1301 717 1436 785 postulata
1461 712 1613 784 respondit.
1638 714 1749 782 Papam,

99 805 165 861 sicut
183 805 273 860 fumrrs
292 805 420 861 deficiunt
434 806 528 862 afaeir
545 808 604 861 Dei.
747 798 751 806 ’
953 802 1185 874 arcliiepiscopnm
1196 820 1284 870 suum,
1300 804 1459 877 curiamque
1477 803 1625 859 Romanam
1653 802 1751 871 inprae-

135 895 219 949 Anno
230 894 311 966 igitur
321 895 451 950 incarnati
465 896 543 951 Verbi
562 895 629 951 1120
648 893 773 952 dedicata
788 902 830 950 est
853 909 900 950 eo·
953 894 1101 947 scribarum
1118 908 1188 957 esse,
1198 893 1330 964 judicium
1359 909 1389 948 se
1417 907 1589 963 nequaquam
1613 891 1752 948 subterfu-

100 983 181 1039 clesia
196 984 416 1040 llanriniacensis
430 984 547 1039 coenobii
571 1000 587 1040 a
610 983 720 1039 domino
748 999 821 1056 papa
847 984 901 1038 Ca·
953 997 1029 1053 pere.
1047 981 1165 1037 Veritate
1192 981 1295 1055 quippe
1321 981 1451 1037 subnixus
1478 979 1628 1037 cardinales
1655 979 1752 1036 notitia

100 1071 166 1128 lixto
181 1074 313 1135 secundo,
329 1074 427 1128 vNon.
444 1072 578 1139 Octobris,
595 1087 659 1129 cunr
675 1073 794 1128 maximo
810 1071 901 1127 hono·
953 1070 1123 1141 servitiisque
1137 1078 1291 1140 paraverat,
1306 1079 1436 1127 eteontra
1458 1073 1528 1127 banc
1555 1069 1751 1142 importunita-

101 1170 169 1216 reet
199 1163 360 1226 reuerentia,
393 1163 420 1215 in
448 1163 554 1217 honore
582 1170 682 1219 saneta
708 1161 847 1216 Trinitatis
875 1169 903 1216 et
953 1165 1007 1216 tern
1021 1159 1131 1229 justitiae
1151 1176 1265 1231 suasque
1291 1161 1374 1232 partis
1401 1160 1559 1216 defensores
1584 1163 1748 1214 armaverat.

16 1296 19 1303 .
102 1258 203 1305 sanctae
218 1252 317 1320 crucis,
333 1267 365 1306 ac
379 1251 467 1307 bertas
482 1266 645 1322 semperque
669 1250 783 1323 virginis
799 1250 898 1319 Marias,
955 1247 995 1304 dd
1012 1248 1085 1303 illum
1101 1264 1165 1305 vero
1179 1249 1268 1305 locum
1286 1264 1336 1305 rex
1351 1258 1378 1305 et
1392 1250 1516 1322 reginae
1542 1248 1654 1304 domins
1681 1262 1753 1318 papa

102 1347 129 1394 et
143 1339 479 1410 beatorumapostolorum
497 1340 570 1395 Petri
581 1348 609 1395 et
625 1341 710 1404 Pauli,
732 1348 759 1396 et
779 1340 901 1395 omnium
955 1336 1108 1402 discessuri,
1124 1337 1238 1409 valeque
1254 1337 1358 1403 facturi,
1375 1353 1505 1409 proceres
1530 1346 1611 1410 etque
1638 1335 1751 1406 pontili-

103 1439 256 1485 sanctorum
274 1430 332 1485 Dei.
355 1429 676 1485 luterensvenerabiles
696 1443 827 1501 personas
842 1444 903 1498 quas
955 1442 1011 1490 cas,
1043 1428 1188 1499 multasque
1209 1444 1330 1499 personas
1353 1426 1549 1485 confluxerant.
1579 1425 1753 1483 Pertractntis

102 1517 167 1574 huie
190 1527 292 1575 sancte
313 1518 476 1574 dedicationi
502 1518 658 1587 adfuerunt,
688 1517 903 1573 venerabiliores
955 1515 1089 1585 siquidem
1103 1515 1205 1573 ibidem
1220 1517 1344 1588 piurimis
1367 1517 1496 1585 negotiis,
1510 1524 1538 1571 et
1559 1515 1658 1570 abbate
1677 1529 1752 1584 prra-

105 1606 499 1664 fueruntConoPraenestinus
514 1606 901 1678 episcopus,totiusFranciae,
955 1613 1039 1671 sente,
1055 1621 1087 1660 ac
1114 1607 1137 1659 si
1165 1605 1307 1677 qnisquam
1332 1605 1358 1662 ei
1384 1605 1682 1676 obviusessetparato
1709 1618 1753 1659 re·

103 1710 136 1750 ac
168 1697 319 1764 Teutoniae,
350 1697 527 1761 Alamanniae,
554 1711 586 1751 ac
614 1695 739 1751 Saxouiae
771 1695 897 1766 legatus:
912 1693 1101 1775 Bspondere,
1119 1693 1153 1749 de
1164 1694 1267 1764 justitia
1282 1693 1362 1750 diffisi
1377 1695 1498 1750 canonici
1508 1701 1656 1758 tacuerunt,
1671 1691 1752 1761 etju-

103 1784 172 1839 Beso
187 1784 221 1838 de
236 1785 354 1841 tituloS.
371 1785 609 1841 Anastasiaetotius
633 1785 768 1856 Hispaniae
785 1785 898 1857 lagatus,
954 1782 1056 1837 dicium
1093 1783 1199 1852 penitus
1230 1783 1336 1855 ingredi
1359 1782 1594 1854 subterfugerunt.
1634 1785 1752 1851 decepta

104 1872 182 1942 cujrrs
195 1890 247 1945 cpe
263 1883 287 1928 et
304 1874 434 1929 industria
449 1874 574 1943 llajorica
593 1873 682 1929 irrsula
703 1882 731 1929 et
758 1873 902 1929 Caesarau·
954 1872 1064 1942 igitura
1090 1871 1201 1927 domino
1229 1888 1300 1943 papa
1319 1880 1345 1927 et
1373 1873 1408 1927 ab
1426 1871 1552 1927 omuibus
1571 1870 1753 1928 cardinalibus

103 1971 198 2034 gusta.
215 1962 383 2017 nobilissima
397 1964 579 2033 Hispanorum
599 1963 704 2026 ciuitas,
720 1963 830 2017 suborta
846 1969 900 2031 cst,
955 1978 1016 2019 cum
1031 1962 1224 2018 benevolentia
1235 1963 1352 2023 lieentia.
1368 1961 1484 2017 domnus
1498 1962 1583 2017 abbas
1590 1977 1639 2032 per
1648 1978 1751 2034 repom,

104 2052 237 2106 Tostanus
276 2052 455 2107 Eboineensis
493 2052 723 2123 archiepiscopus,
753 2052 903 2108 Gaufridus
955 2053 1001 2124 qui
1025 2052 1290 2107 Castello·Nuutonis
1310 2062 1379 2118 erat,
1391 2052 1510 2122 indeque
1537 2051 1610 2106 domi
1639 2067 1752 2106 securus

105 2140 278 2196 Carnoteusis
289 2141 441 2211 episcopus,
453 2141 523 2196 Galo
542 2142 570 2197 S.
591 2141 666 2196 Pauli
694 2142 840 2212 episcopus
867 2141 902 2196 de
956 2141 1120 2210 ingreditur.
1140 2141 1332 2197 Verumtamen
1348 2141 1475 2212 tigrinus
1485 2141 1591 2211 Juratus
1605 2149 1686 2210 utque
1701 2156 1752 2208 pu·

104 2229 400 2289 Britarrrna,Bernerius
410 2231 495 2286 abbas
504 2231 533 2286 S.
549 2230 736 2285 Florentinide
745 2228 900 2295 Borravalle,
956 2231 1070 2285 blicatus
1084 2230 1168 2286 hostis
1179 2232 1383 2298 monachorum,
1399 2229 1519 2285 fervidus
1531 2239 1612 2300 atque
1626 2228 1753 2302 infringi·

105 2317 261 2386 Stephanus
272 2318 403 2374 abbasS.
435 2320 548 2374 loannis
571 2319 607 2375 de
637 2319 738 2387 Veleia,
769 2319 903 2391 multique
955 2319 1019 2374 bilis
1034 2320 1061 2374 iu
1076 2320 1295 2375 exsecutionibus
1310 2321 1376 2387 suis,
1391 2322 1538 2390 assumptis
1549 2335 1641 2375 sectum
1665 2333 1753 2375 ceno·

105 2406 151 2462 alii
166 2408 309 2477 sopientes
324 2407 385 2472 viri,
401 2415 547 2478 etoptimae
574 2424 709 2479 personas.
739 2409 796 2463 llax
821 2409 902 2464 etium
956 2409 1026 2464 uicis
1040 2408 1154 2470 duobus,
1169 2408 1280 2464 Simone
1293 2415 1415 2479 cantore,
1437 2419 1518 2480 atque
1542 2408 1676 2480 Plrilippo,
1696 2422 1754 2464 sne

106 2496 273 2552 Francorum
301 2496 466 2564 Lndoricus,
495 2506 523 2552 et
550 2498 660 2553 ddelais
688 2513 758 2552 uxor
780 2497 847 2567 ejus,
876 2504 903 2552 et
957 2497 1058 2553 fraudis
1102 2499 1283 2569 nequitiaque
1319 2499 1470 2561 comitibus,
1499 2513 1561 2555 cum
1585 2497 1751 2568 quibusdam

105 2584 256 2640 Wilermus
269 2584 384 2656 dapifer,
401 2586 446 2656 qui
456 2586 623 2642 senescallus
651 2583 813 2658 appellatur.
834 2585 902 2642 Ste-
955 2586 1045 2657 regiis
1058 2586 1192 2642 mandatis
1206 2586 1334 2641 domnum
1350 2601 1448 2657 papam
1462 2586 1583 2642 Senem
1591 2584 1751 2656 insequitur.

105 2673 213 2745 pbanus
229 2675 527 2745 quoquecaneellarius
542 2675 626 2731 frater
639 2675 707 2746 ejus.
720 2675 800 2745 cujus
814 2674 904 2731 consi·
956 2676 1062 2732 Exhinc
1075 2676 1148 2747 quod
1162 2676 1359 2733 inaestimabilis
1371 2675 1509 2730 inanitatis
1531 2684 1611 2745 atqua
1626 2674 1752 2730 falsitatis

107 2763 143 2818 lio
155 2771 210 2819 tota
225 2763 340 2819 Francia
353 2765 509 2835 regebatur.
538 2766 727 2820 Emmaun‘cus
743 2765 777 2819 de
803 2765 904 2820 Monte
958 2765 1127 2832 tuttconna
1147 2774 1269 2821 nostrum
1298 2766 1472 2839 privilegium
1498 2765 1663 2821 contrariam
1688 2778 1752 2818 sen·

106 2851 180 2916 forti,
196 2850 286 2907 Gnido
300 2852 522 2923 deGualanlonc,
535 2854 667 2926 multique
680 2853 726 2909 alii
741 2853 903 2910 Francorum
957 2855 1067 2911 tentiam
1083 2854 1407 2928 privileginmcootinens
1421 2863 1620 2927 asportassese
1645 2853 1751 2926 garrie-

108 2955 242 3011 proceres
257 2948 284 2996 et
300 2942 406 2998 nobiles
421 2943 484 2997 viri.
957 2952 1029 2999 runt.
1043 2944 1221 2999 crediderunt
1235 2951 1324 2999 umen
1339 2952 1366 2999 et
1387 2944 1580 3014 obstupuerunt
1607 2943 1753 3016 quamplu-

143 3030 244 3084 Annua
257 3046 364 3100 quoque
383 3040 556 3103 pcccatorum
577 3031 776 3088 remissfoneiu
789 3031 903 3088 dedica·
919 3076 944 3141 C
958 3033 1036 3101 rimi;
1052 3033 1101 3088 sed
1121 3032 1222 3087 divinas
1250 3033 1437 3104 dispositionis
1462 3031 1632 3088 ordinatione
1660 3032 1753 3088 odium

107 3118 187 3174 tionis
201 3119 385 3176 anniversario
409 3122 554 3176 constituta
582 3125 658 3193 regio
680 3122 861 3191 Stampensis.
878 3129 905 3177 et
959 3121 1040 3176 totius
1054 3122 1149 3193 populi
1174 3136 1374 3194 procerumque
1405 3121 1603 3192 Stampens·um
1632 3120 1754 3176 omnium

107 3207 285 3264 sublimataet
300 3208 433 3265 laetificata
447 3215 496 3265 est.
517 3209 633 3281 Spiritus
652 3225 718 3266 vero
746 3211 904 3275 vehemens,
958 3209 1140 3281 importabile,
1161 3210 1184 3264 si
1212 3211 1285 3283 regis
1302 3210 1425 3266 defensio
1453 3226 1509 3265 non
1537 3209 1682 3277 obviasset,
1702 3209 1756 3264 sibi

108 3298 153 3367 qui
168 3297 241 3352 veuit
255 3297 290 3353 ab
313 3301 455 3369 equifero,
484 3298 710 3369 frequentissimis
728 3299 906 3356 exhalationi·
958 3307 1157 3372 generaverunt
1172 3299 1250 3368 lmpii
1266 3306 1293 3354 et
1311 3298 1513 3355 sceleratissimi
1537 3298 1694 3369 judicentur
1720 3297 1754 3351 ab

106 3385 158 3441 bus
175 3386 202 3440 in
219 3388 414 3444 hancdomum
429 3387 586 3456 instillavit,
614 3388 664 3444 sed
696 3388 753 3445 Deo
783 3389 906 3460 propitio
959 3389 1094 3453 omnibus,
1120 3388 1383 3445 anathematizantur
1410 3388 1446 3444 ab
1473 3388 1609 3444 omnibus.
1632 3387 1755 3460 igitura

109 3475 184 3531 illam
196 3492 249 3531 non
268 3476 427 3533 exsufflavit.
443 3478 589 3535 celebrato
602 3493 719 3550 namque
729 3479 820 3534 Remis
845 3493 906 3534 ma·
960 3477 1120 3550 quibusdam
1155 3477 1326 3550 stamparum
1354 3476 1518 3548 primoribus
1543 3477 1579 3532 ad
1614 3476 1756 3532 dominum

110 3559 183 3615 ximo
199 3562 460 3633 generalissimoquc
475 3561 609 3626 Concilio,
625 3563 742 3619 domnus
757 3579 828 3635 papa
846 3578 907 3619 cum
960 3583 1062 3639 papam
1076 3582 1125 3637 pro
1140 3566 1237 3622 talibus
1251 3566 1447 3640 investigandis
1476 3567 1581 3640 legatus
1608 3564 1752 3622 emittitur.

110 3648 184 3705 omni
198 3649 326 3704 concitatu
353 3666 403 3705 suo
431 3651 618 3723 burgundiam
645 3651 833 3724 ingressurus,
850 3651 907 3707 lto-
961 3656 1003 3712 sb
1023 3655 1204 3712 abbatevero
1229 3657 1262 3711 nd
1287 3655 1417 3712 domnum
1446 3657 1629 3729 Grisngonum
1652 3653 1759 3711 domini

110 3752 238 3806 mamque
252 3738 430 3808 profecturus,
445 3739 480 3794 de
495 3739 612 3794 Perisius
639 3739 797 3796 corbolium
820 3739 907 3796 adve·
961 3761 1041 3817 papae
1054 3744 1244 3801 cancellarium
1259 3761 1311 3816 pro
1335 3747 1385 3803 hac
1412 3746 1509 3802 eadem
1536 3761 1618 3802 causa
1644 3744 1672 3800 in
1700 3746 1758 3803 baec

111 3833 202 3881 uerat.
221 3825 261 3881 lbi
271 3826 395 3882 carronici
408 3827 592 3898 stampenses,
612 3830 741 3901 quoniam
761 3829 790 3884 in
812 3844 909 3900 procu·
962 3835 1151 3891 eademverba
1165 3834 1279 3906 epistole
1294 3835 1506 3891 transmittitur:

112 3915 305 3971 rationeillius
327 3925 432 3988 purtem
457 3916 608 3982 mittebant,
636 3918 746 3974 inventa
766 3918 908 3974 occasione
997 3951 1137 4017 mom„
1170 3953 1262 4002 ,mm
1291 3950 1338 4002 M
1361 3952 1481 4003 flamm
1500 3950 1621 4004 mm
1649 3950 1757 4003 &mm

112 4002 254 4076 loquendi,
273 4015 299 4058 0¹
312 4006 390 4060 ¹¹⁰¹)ss
403 4005 636 4076 ustoqueusttpsi
651 4022 729 4079 βψω
742 4006 777 4062 ‘¹⁹
799 4007 907 4075 annac,
962 4037 1095 4087 carensac
1107 4052 1139 4086 aa
1154 4034 1359 4097 sustentasse,
1382 4037 1491 4088 nmmo
1508 4037 1757 4089 reomaenses

112 4092 147 4149 de
159 4093 299 4149 monachi<
311 4093 459 4150 clamorem
470 4094 582 4162 faciunt,
599 4110 709 4150 suornm
725 4096 907 4166 parochiano·
961 4119 1039 4173 appa,
1056 4123 1172 4171 usuum,
1198 4119 1262 4172 pum
1279 4120 1408 4172 mmm
1428 4123 1540 4185 pum„
1572 4121 1758 4189 summe„

112 4198 173 4237 rnen
197 4198 312 4253 corpora
332 4182 384 4237 sibi
409 4182 543 4238 violenter
566 4182 676 4245 auferri,
699 4192 726 4240 et
750 4186 803 4240 alia
824 4185 909 4241 multa
960 4220 1098 4272 mmmm,
1112 4218 1220 4271 ΜΨ,
1243 4207 1277 4257 Μ
1296 4207 1429 4257 dominum
1440 4220 1542 4272 pam,
1567 4208 1685 4258 ,mm-,5
1705 4205 1759 4258 „qe

113 4287 174 4343 (lule
189 4287 242 4327 ⁰⁰¹¹
262 4280 368 4342 ΟΡΟΓῑθῖ
384 4270 456 4366 (Μ’.
474 4272 509 4328 de
532 4286 603 4328 ⁰⁰i'0
624 4274 741 4329 ¹¹¹⁸¹l¹¹¹0
765 4273 908 4346 ΡΓῙἿῙΙΕΚῙΟ
963 4294 1075 4346 litterae,
1087 4294 1115 4344 in
1127 4291 1220 4360 quidus
1232 4299 1315 4346 etvoe
1337 4292 1488 4356 solutorem,
1511 4301 1610 4344 tenram
1634 4291 1758 4344 hactenns

111 4363 318 4427 conquerentes.
344 4357 407 4427 lpse
423 4365 503 4410 etrum
528 4371 600 4428 papa
623 4356 713 4412 abbati
733 4356 784 4412 sibi
799 4356 836 4414 ob
851 4361 909 4423 eius
962 4378 1135 4430 qnam-pm„
1152 4380 1287 4443 mamm,
1310 4396 1367 4448 Μ
1379 4383 1446 4432 ,pm
1462 4394 1507 4432 Μ,
1524 4389 1649 4444 (ΨΜ,
1674 4392 1758 4447 m„

111 4445 290 4501 reuerentiam
314 4444 384 4514 apud
400 4445 559 4500 bfilidunum
580 4445 703 4501 obvianti
727 4444 910 4519 querimonias
922 4445 949 4507 D
963 4464 1199 4516 mmmmm
1235 4466 1352 4529 comm,
1368 4468 1535 4532 mmm„
1555 4466 1621 4516 mm,-
1640 4466 1758 4518 mom,

112 4549 204 4590 eorum
221 4533 347 4600 narrarit,
363 4542 390 4589 et
404 4541 433 4589 ut
447 4550 475 4590 se
491 4542 667 4607 prepararet,
678 4541 811 4606 quatenus
820 4533 854 4590 de
868 4541 909 4588 ta·
962 4559 1055 4614 mm,
1071 4551 1158 4602 cmm
1170 4564 1199 4603 ω
1213 4550 1350 4616 cmm,
1362 4565 1417 4618 Μ
1435 4565 1482 4603 „03
1495 4551 1539 4601 ...a
1560 4551 1645 4617 cupite
1663 4565 1717 4601 ..Μ
1729 4553 1760 4603 a„

112 4622 184 4679 libus
196 4632 258 4678 ante
272 4623 361 4694 ipsum
377 4622 529 4694 placitando
552 4622 620 4680 ratio
634 4623 816 4689 ventilaretur,
833 4622 906 4678 invi·
960 4650 1130 4706 corpoream,
1142 4636 1207 4703 [aar
1217 4650 1302 4698 sanum,
1312 4638 1378 4702 qued
1398 4643 1424 4688 et
1439 4638 1511 4700 juste
1523 4639 1550 4686 et
1569 4636 1697 4687 cononice
1715 4635 1759 4687 di·

17 4720 21 4729 '
112 4711 186 4767 Ulli·
220 4712 321 4767 Rufius
341 4727 439 4779 lloessaer
464 4727 556 4767 fursus
579 4726 661 4782 ΝΜ,
684 4728 776 4768 misus
803 4710 907 4767 llm⁰fl⁸
960 4732 1059 4795 tetrarte.
1071 4736 1097 4782 et
1111 4733 1144 4779 ed
1162 4743 1192 4782 ea
1219 4731 1385 4797 corripendn,
1406 4743 1461 4793 quae
1480 4731 1639 4797 dipnitotent
1659 4735 1758 4782 sunere

111 4801 268 4872 laborisque
283 4801 416 4857 tumultus
425 4802 557 4858 oriuntur.
579 4801 674 4859 Clerici
699 4802 841 4868 latrabant,
859 4817 906 4858 rex
959 4824 1083 4879 pamm
1119 4823 1239 4877 mma.
1272 4825 1397 4886 mim,
1441 4824 1577 4875 ,mmm
1611 4820 1757 4882 mmm,

112 4913 205 4954 eorum
222 4910 313 4970 cartes
337 4900 456 4966 fovebat
483 4900 600 4956 domnus
622 4901 774 4972 stephanus
797 4917 813 4956 0
840 4916 906 4974 rege
958 4920 1082 4972 recrees
1101 4919 1266 4970 uertentes
1287 4931 1334 4985 per
1355 4933 1409 4980 me,
1428 4918 1473 4970 cu
1496 4916 1586 4968 nistre
1607 4928 1642 4968 se
1672 4916 1756 4967 ens·

111 4996 245 5055 secundus
258 4997 386 5064 lutabat,
402 4999 533 5070 algrinus
547 4997 661 5054 furebat.
677 5001 709 5055 ln
723 4999 819 5055 iuuere
834 5014 904 5071 quo·
957 5000 1070 5067 suenrus
1079 5024 1261 5077 ,stampense
1272 5022 1298 5059 er
1310 5011 1443 5076 scapum
1460 5012 1487 5062 tn
1505 5024 1535 5061 ee
1555 5011 1660 5078 minen
1683 5007 1760 5061 dees·

111 5112 174 5167 que,
188 5111 242 5167 quo
256 5094 300 5149 die
313 5102 441 5168 sequente
449 5094 604 5165 Ferrarias,
620 5110 682 5167 quae
697 5096 797 5165 regalis
814 5097 904 5152 abba·
958 5107 994 5158 rlr
1003 5110 1220 5170 mercatoriam,
1231 5123 1278 5159 coe
1290 5108 1320 5160 in
1331 5115 1419 5159 centro
1442 5108 1620 5176 prosperitate
1637 5104 1758 5160 deuotione

108 5194 147 5252 tia
160 5200 212 5261 est,
228 5192 385 5260 tendebant,
399 5192 680 5267 domnusStephanus
693 5194 865 5265 apertissime
877 5195 905 5250 in
958 5202 1128 5270 stupetactus
1148 5203 1283 5266 nicaense
1305 5214 1343 5252 me
1363 5201 1486 5253 murum.
1509 5198 1628 5253 memrot
1648 5202 1758 5267 quidese

109 5291 309 5350 contentionem
325 5297 407 5361 atque
416 5298 553 5348 certamen
570 5298 661 5349 contm
671 5291 798 5348 abbatem
806 5290 903 5359 exivit;
957 5298 1241 5362 inveterascens
1264 5302 1345 5348 tumes
1370 5296 1605 5350 nomicidium·
1625 5304 1698 5357 suet,
1710 5299 1757 5366 qui

110 5396 237 5453 terrores,
253 5391 354 5459 minas,
369 5390 482 5446 verbera
492 5390 583 5463 potins
598 5404 679 5461 quarn
703 5387 788 5446 verba
809 5389 906 5445 multi·
956 5396 1135 5460 inspuetur
1146 5403 1172 5449 et
1182 5397 1295 5464 turpiter
1305 5398 1409 5460 nicene,
1423 5396 1468 5464 pst
1484 5395 1515 5446 ts
1535 5396 1631 5462 tempto
1643 5394 1690 5446 bet
1711 5408 1757 5448 ee·

108 5484 229 5558 plicavit.
245 5486 286 5542 nd
299 5487 358 5544 bec
375 5484 450 5543 illius
463 5486 682 5561 complicemque
711 5500 820 5545 sumum
848 5492 906 5544 tote
957 5491 1218 5546 sumnonem
1240 5497 1267 5544 et
1286 5497 1381 5555 enuit,
1405 5491 1452 5561 pit
1475 5490 1508 5544 de
1531 5489 1679 5559 prebendis
1698 5491 1756 5543 sete

108 5581 458 5657 aiebaturinteutiomtsi
479 5585 604 5661 replent
630 5583 905 5646 dommodo
957 5586 1619 5659 maremmffllvffl
1634 5587 1756 5655 W
