3728 6000
81 211 133 271 dil
528 212 718 273 axrostrto
737 214 774 272 IN
793 211 904 273 EPIST.
925 212 972 271 tb
991 210 1077 275 ROll.
1096 240 1133 259 υ-
1152 212 1216 272 tta.
1237 214 1285 272 tv.
1677 220 1732 280 022

85 342 204 392 curatur.
221 336 309 391 Nemo
324 335 397 391 onim
413 351 531 408 uuquam
546 353 653 392 carnem
663 354 740 393 suam
751 336 815 394 odio
830 339 879 392 tra·
893 340 922 400 Α
936 337 1050 408 metipso
1064 338 1182 407 invenio,
1199 337 1327 408 quoniam
1348 337 1451 394 malum
1469 340 1588 409 adjacet,
1604 342 1671 399 mibi
1687 344 1732 400 nbi

84 423 264 497 hactaples.
281 427 320 496 v).
340 448 351 472 ι
367 425 437 479 Nam
454 425 523 481 velle
531 425 638 495 adjacet
653 426 718 481 milri
731 445 737 480 :
748 424 881 498 perlicere
935 425 1023 481 addit.

83 522 177 568 autem
190 513 292 568 bonurn
307 509 361 568 nou
373 513 490 569 invenio.
502 538 512 563 ι
524 514 636 584 Utrique
645 514 715 569 velle
726 514 844 584 adjacet,
857 522 883 570 et
973 515 1058 570 Vsus.
1075 516 1119 571 22.
1132 540 1186 563 -ιι
1205 516 1383 572 Conilclector
1397 516 1467 571 enim
1495 517 1549 589 legi
1564 518 1613 572 Dei
1637 536 1731 576 secun·

84 618 101 656 a
115 618 207 670 carne,
222 610 249 657 ct
263 619 279 657 a
296 611 386 658 mente
402 622 410 672 3
426 603 475 658 sed
490 611 615 659 neutrum
625 603 753 674 perlicere
768 602 881 672 invenit,
936 603 1001 657 dnm
1011 604 1168 658 interiorem
1185 603 1333 659 hominem.
1350 604 1435 661 Video
1451 612 1541 661 autern
1553 607 1634 661 aliam
1645 609 1735 681 legern

83 689 380 762 qnandiuvolnutatem
395 693 493 747 mentis
508 692 544 746 ad
560 709 722 748 consensum
746 691 808 747 mali
825 702 882 747 tra·
937 691 1103 746 inmembris
1127 692 1197 747 meis
1211 701 1410 766 repugnantem
1425 694 1479 767 legi
1495 697 1595 751 montis
1612 713 1691 764 mcae,
1709 706 1736 755 et

83 779 150 836 bere
165 796 219 835 non
247 787 336 852 potest
359 779 452 837 carnis
476 781 772 852 concupiscentia,nec
794 788 885 852 potest
937 783 1119 851 captivantem
1134 781 1219 836 mein
1236 781 1324 854 legem
1340 784 1735 856 peccati,qnaeestinmem-

82 867 193 924 efficere
208 869 332 924 voluntas
348 870 455 938 mentis,
472 876 502 924 ut
530 869 641 927 omnino
662 870 884 942 concupiscentia
936 870 995 924 bris
1004 870 1081 926 meis.
1096 871 1245 942 ·Nunquiu
1260 871 1331 927 enim
1342 873 1404 941 qnia
1414 872 1503 927 deleta
1511 882 1552 928 est
1563 874 1589 927 in
1598 873 1736 945 baptismo
1823 912 1828 919 -

82 973 139 1012 uon
154 957 196 1012 sit.
216 958 291 1014 Unde
302 960 447 1030 sequitur:
937 966 994 1014 tota
1022 958 1160 1028 iniqnitas,
1178 960 1250 1014 nulla
1277 961 1407 1016 remansit
1435 960 1599 1017 infirmitas?
1615 964 1643 1019 Si
1659 964 1735 1020 nulla

120 1046 206 1101 Vens.
224 1046 266 1101 19.
276 1078 312 1087 -
328 1072 337 1093 ιι
357 1049 418 1101 Non
429 1047 578 1119 enimquod
590 1046 830 1114 vulobonunr,hoc
841 1046 883 1102 la·
938 1049 1124 1115 remansisset,
1135 1048 1194 1103 siue
1209 1057 1320 1119 peccato
1335 1050 1378 1105 bic
1393 1050 1553 1108 viveremus.
1571 1053 1628 1108 Sed
1639 1070 1672 1108 ex
1683 1069 1736 1124 qua
1813 1048 1815 1052 ’

82 1136 144 1203 cio,
157 1135 206 1190 sed
218 1136 289 1205 quud
299 1136 360 1191 nolo
384 1137 497 1201 malum,
514 1137 565 1191 hoc
579 1152 641 1209 ago.
654 1137 683 1193 Si
698 1144 787 1193 autent
811 1135 884 1207 quod
938 1144 1014 1205 parte
1022 1135 1127 1190 liberati
1138 1153 1241 1205 sumus,
1252 1136 1332 1192 liberi
1339 1140 1680 1207 sumusetlleoservimus,
1699 1156 1734 1197 ex

86 1224 163 1291 nolo,
174 1223 240 1278 illud
254 1223 398 1290 lacio,non
408 1240 462 1297 ego
482 1241 580 1296 operor
591 1226 668 1292 illud,
679 1226 726 1280 sed
746 1224 817 1296 quod
832 1227 885 1280 lia·
939 1240 995 1296 qna
1010 1233 1086 1295 parte
1097 1225 1185 1281 adhuc
1200 1227 1271 1282 servi
1286 1243 1390 1295 snmus,
1399 1229 1534 1284 servimus
1545 1230 1597 1302 legi
1614 1230 1731 1299 peccati.

83 1312 152 1368 bitat
167 1313 194 1368 iu
209 1329 252 1368 me
267 1322 419 1385 peccatum.
443 1338 453 1362 ι
470 1314 540 1383 Quia
554 1314 624 1369 euim
641 1331 701 1369 curn
725 1314 795 1369 bene
811 1313 883 1377 volo,
941 1338 952 1361 ιι
970 1314 1159 1376 Condelector,
1170 1314 1266 1386 inquit,
1283 1314 1337 1387 legi
1346 1315 1395 1370 Ilei
1421 1319 1571 1373 secuudum
1580 1319 1737 1375 interiorem

84 1402 160 1474 qnod
176 1402 233 1458 vult
247 1402 290 1457 lex
306 1410 332 1457 et
347 1419 399 1474 rgo
411 1403 472 1458 volo
489 1403 616 1459 :invenio
631 1403 712 1476 igitur
734 1403 799 1457 milri
814 1403 884 1458 hene
938 1402 1088 1457 bominem.
1101 1428 1111 1450 ιι
1128 1404 1200 1459 Ecce
1214 1404 1286 1458 unde
1309 1405 1397 1472 liberi,
1412 1405 1474 1461 inde
1489 1406 1656 1463 delectamur
1674 1407 1737 1481 lege

85 1491 189 1548 volenti
204 1489 294 1546 lacere
312 1492 400 1564 legem
418 1508 478 1547 esse
494 1492 604 1562 bonam,
621 1493 684 1564 quia
699 1491 884 1563 praecipiendo
939 1490 1543 1565 Dei.Libertasenimdelectut.Namquandiu
1555 1496 1652 1552 timore
1669 1497 1737 1554 lacis

84 1580 165 1635 mittit
195 1596 240 1635 me
267 1581 301 1634 ad
331 1581 442 1646 bonum,
459 1580 508 1636 sed
536 1580 736 1652 perficerenon
764 1581 882 1646 invenio,
938 1577 1125 1649 quodjustum
1144 1587 1195 1649 est,
1212 1588 1307 1636 nonte
1332 1582 1405 1637 Deus
1427 1583 1738 1653 delectatQuandiute

85 1669 150 1742 quia
165 1669 235 1725 velle
250 1669 315 1723 milri
330 1670 445 1739 adiacet,
462 1686 547 1743 prope
562 1669 628 1724 milri
646 1678 697 1736 cst,
714 1670 740 1724 in
766 1685 881 1740 corpore
895 1697 923 1757 B
938 1683 992 1722 non
1003 1667 1132 1732 delectat,
1145 1669 1237 1723 adhuc
1250 1685 1345 1725 servus
1362 1670 1444 1733 lacis;
1455 1672 1568 1728 delectet
1579 1682 1604 1729 et
1612 1674 1682 1730 liber
1691 1692 1733 1730 es.

84 1774 147 1814 tneo
160 1758 264 1814 habitat
280 1767 432 1829 peccatam,
442 1758 607 1815 domesticus
634 1759 769 1814 inimicus.
787 1757 882 1813 Omnis
939 1756 1001 1810 Noli
1017 1756 1113 1812 timere
1127 1758 1304 1828 poenam,sed
1315 1760 1526 1829 amajnstitiam.
1544 1763 1670 1818 Nondum
1686 1780 1738 1835 pu-

85 1851 133 1922 qui
159 1851 268 1921 prolicit
294 1861 368 1910 recta
397 1853 555 1917 intentione,
572 1852 714 1925 proficiens
734 1853 835 1909 recedit
850 1852 884 1907 ab
940 1852 979 1898 les
992 1861 1084 1900 amate
1098 1845 1254 1914 justitiam?
1270 1847 1312 1902 vel
1328 1846 1391 1903 time
1408 1867 1529 1920 poenam,
1546 1860 1573 1906 ut
1594 1853 1739 1924 pervenias

85 1940 161 1995 omni
174 1950 298 2012 peccato,
314 1949 340 1996 et
354 1948 427 1997 tanto
443 1942 469 1996 lit
498 1942 560 1997 inde
583 1943 767 2014 longinquior,
784 1949 885 2012 quanto
939 1931 1127 1988 adamandam
1139 1934 1281 2002 iusliliffln·
1294 1936 1367 2008 Erro
1384 1936 1429 1992 ille
1442 1938 1502 2006 J'am
1516 1956 1550 1995 ex
1569 1949 1645 2011 parte
1659 1958 1739 2013 supe·

82 2029 198 2100 Justitiae
211 2035 241 2086 et
256 2030 416 2101 perfectioni
429 2029 459 2085 lit
488 2031 679 2102 propinquior,
696 2032 760 2103 quia
775 2038 802 2087 et
826 2031 885 2101 ipsa
940 2021 1013 2076 riore
1034 2021 1149 2077 liberum
1175 2039 1205 2078 se
1228 2023 1372 2089 sentiebat,
1390 2026 1461 2082 undo
1483 2028 1589 2084 dicebat
1606 2046 1612 2082 ε
1631 2053 1642 2077 ιι
1662 2031 1736 2086 Con-

84 2120 304 2191 concupiscentia
319 2128 437 2188 quaeest
452 2127 594 2191 peccatum
624 2120 885 2176 habitansincnrne
939 2110 1058 2166 delector
1072 2111 1127 2184 legi
1138 2110 1186 2166 Dei
1209 2113 1357 2167 secundnm
1385 2113 1543 2171 interiorem
1559 2118 1735 2173 hominem.»

84 2207 252 2274 nostra,etsi
278 2215 370 2262 manet
398 2208 486 2263 adhuc
515 2208 686 2263 inmembris
714 2208 885 2275 mortalibus,
940 2198 1059 2253 Dsslsssslfll
1070 2199 1171 2264 melei,
1182 2198 1302 2255 (11116131
1322 2200 1479 2270 (1⁰0djubvl
1501 2203 1560 2274 ipsa
1578 2205 1631 2270 lex,
1642 2206 1739 2264 delea-

85 2294 277 2351 minuitamen
304 2313 358 2351 nun
387 2296 487 2351 desinit
514 2298 541 2351 in
564 2297 779 2368 proficientibus.
806 2296 884 2351 Aliud
940 2293 980 2342 lat
1009 2289 1068 2360 ipsa
1093 2289 1209 2358 justitia·
1232 2291 1345 2347 ivtueo
1373 2301 1464 2348 autom
1495 2296 1576 2350 aliam
1605 2298 1695 2371 legem
1711 2297 1739 2352 in
1838 2318 1842 2325 ¹

86 2385 411 2442 estenimrecedereab
439 2385 512 2439 omni
538 2393 659 2456 peccaro,
677 2386 749 2457 quod
771 2386 887 2441 nuncin
942 2377 1073 2433 membris
1091 2378 1159 2433 meis
1179 2389 1374 2452 repugnantem
1402 2382 1456 2454 legi
1486 2385 1584 2440 mentis
1604 2402 1672 2442 meae
1689 2405 1696 2441 :
1713 2395 1740 2443 et

88 2480 238 2543 operaest,
254 2474 328 2528 uliud
343 2476 499 2540 recessisse,
516 2475 587 2546 quod
611 2475 638 2528 in
653 2475 698 2528 illa
721 2474 886 2544 perfectione

85 2569 137 2616 est.
152 2562 358 2633 Reatusquippe
375 2563 515 2635 originalis
526 2563 759 2633 concupiscentiae
772 2564 799 2617 in
815 2563 885 2633 bap-

87 2650 169 2706 tismo
179 2649 332 2718 dimittitur,
342 2652 390 2706 sed
412 2668 498 2721 usque
519 2652 553 2706 ad
571 2652 687 2707 laturam
708 2653 791 2708 vitam
805 2650 885 2705 iulir-

88 2738 172 2794 milas
186 2745 339 2810 permanet,
351 2741 386 2794 ibi
414 2757 480 2795 vcro
495 2741 564 2794 bene
579 2749 730 2811 pugnantes
745 2756 797 2812 pax
821 2756 884 2810 per-

84 2834 171 2899 petua
180 2836 282 2895 manet,
293 2830 557 2895 cuidouecsanetur,
567 2830 656 2884 omnis
674 2829 718 2900 qui
734 2829 803 2884 berre
819 2844 885 2897 pro-

87 2915 153 2983 licit,
169 2917 370 2972 studiosissime
387 2917 546 2973 reluctatur.
558 2919 616 2974 lloc
632 2927 671 2972 est
695 2918 768 2972 enim
782 2931 885 2988 pecca-

85 3009 144 3058 tum
159 3002 258 3069 lateus,
276 3013 301 3058 et
326 3004 426 3059 mulum
450 3005 587 3073 adjacens,
600 3006 633 3060 dc
658 3020 712 3076 quo
732 3020 815 3074 supra
829 3004 886 3061 dio·

84 3099 143 3146 tum
159 3101 222 3148 est:
244 3119 254 3140 ι
272 3095 332 3148 Non
348 3094 421 3148 enim
451 3111 505 3166 ego
532 3111 631 3166 operor
654 3094 730 3161 illud,
747 3094 797 3150 scd
812 3094 885 3165 qnod

83 3180 192 3235 habitat
210 3181 296 3237 inme
312 3189 465 3253 peccatum,
483 3208 494 3231 ιι
512 3191 538 3238 et
553 3200 658 3238 rursum
682 3183 736 3249 hic,
754 3182 884 3254 quoniam

83 3269 153 3324 milri
166 3271 266 3325 malum
294 3272 409 3339 arljacct,
421 3273 495 3343 quasi
512 3273 640 3328 calcanco
656 3272 786 3326 insidians
805 3270 883 3326 colu·

82 3357 146 3413 ber.
163 3359 221 3415 lloc
250 3359 317 3414 sient
346 3359 410 3415 dicit
437 3384 447 3407 ιι
466 3377 518 3415 non
535 3377 597 3432 ego,
613 3375 712 3429 operor
736 3360 812 3425 illud,
835 3359 884 3415 sed

84 3446 198 3517 quadiu
213 3464 256 3502 me
271 3448 371 3504 habitat
384 3458 539 3518 peccatum,
555 3471 566 3500 ι
580 3458 643 3505 tunc
658 3449 685 3504 in
695 3450 883 3519 uobisopera·

82 3542 141 3604 tur,
155 3543 181 3591 et
203 3551 253 3593 nos
281 3552 334 3592 non
364 3552 518 3608 operamur,
531 3538 639 3610 quando
664 3552 839 3609 nequaquam
859 3536 885 3592 ei

82 3624 210 3680 voluntas
225 3628 319 3681 nostra
342 3627 476 3682 consentit
492 3642 499 3680 :
517 3634 543 3682 et
568 3634 639 3682 tenet
655 3626 736 3682 etiam
752 3625 883 3693 membra,

82 3728 121 3767 nc
136 3712 264 3768 obediant
278 3714 424 3770 desideriis
434 3716 499 3784 ejus.
513 3715 583 3784 Quid
599 3716 671 3770 enim
682 3722 810 3784 operatur
823 3731 885 3785 pec·

82 3802 215 3857 octumiu
238 3803 395 3858 nolentibus
421 3803 510 3869 uobis,
527 3804 579 3858 nisi
604 3804 698 3859 illicita
721 3802 884 3858 desideria?

81 3886 190 3958 Quibus
203 3890 226 3944 si
242 3892 385 3947 voluntatis
398 3909 451 3948 non
467 3893 596 3947 tribuitur
621 3908 748 3948 assensus
764 3911 770 3947 :
787 3907 883 3946 move·

81 3984 129 4032 tur
144 3976 264 4050 quidem,
280 3979 329 4033 soil
340 3980 429 4035 nullus
445 3981 469 4035 ci
485 3982 618 4036 relaxatur
633 3980 757 4037 ellectus.
775 3981 882 4050 Opere·

81 4073 130 4121 tur
143 4066 227 4138 igitur
241 4078 381 4138 peceatum
411 4069 556 4139 desideria,
572 4070 670 4141 quibus
685 4069 708 4124 si
727 4069 881 4137 obedimus,

81 4162 173 4211 etnos
186 4171 344 4227 operamur,
361 4158 382 4211 si
398 4164 490 4213 autem
518 4174 572 4213 non
586 4159 740 4224 obedimus,
755 4174 810 4213 non
834 4172 883 4213 nos

80 4259 231 4315 operamur
253 4245 328 4312 illud,
344 4245 394 4300 sed
417 4246 489 4317 quod
514 4247 620 4301 habitat
643 4247 670 4301 in
685 4246 764 4301 nobis
779 4261 880 4317 peeca-

80 4337 152 4388 tum.
168 4332 198 4389 si
227 4341 316 4389 autern
344 4334 416 4388 nulla
441 4335 577 4390 desideria
604 4335 696 4390 illicita
708 4335 880 4400 haberemus,

940 2467 1120 2538 captivantem
1142 2484 1186 2521 me
1203 2467 1230 2521 in
1245 2468 1334 2539 legem
1349 2472 1464 2540 peccati,
1477 2489 1538 2542 quae
1553 2482 1594 2529 cst
1608 2475 1635 2528 in
1651 2491 1742 2533 mem-

941 2554 997 2608 bris
1009 2554 1087 2608 ineis.
1099 2578 1109 2602 ιι
1118 2555 1182 2609 llaec
1193 2563 1233 2610 est
1244 2572 1304 2626 quae
1323 2559 1453 2613 remansit
1463 2559 1615 2616 infirmitas.
1632 2564 1672 2618 1111
1686 2565 1738 2621 hac

940 2649 1016 2712 parte
1027 2641 1107 2696 sentit
1122 2643 1316 2714 captivitatem,
1332 2644 1379 2700 nbi
1402 2661 1456 2701 raon
1471 2655 1511 2703 est
1534 2649 1646 2721 impleta
1657 2651 1740 2720 justi·

940 2731 988 2785 tia.
1001 2730 1070 2784 Num
1087 2731 1132 2785 nbi
1162 2730 1364 2787 condelectatur
1388 2735 1440 2807 legi
1452 2737 1512 2804 llei,
1525 2753 1579 2793 non
1604 2740 1740 2818 captivus,

939 2819 1065 2891 sedlegis
1076 2819 1181 2875 anricus
1193 2828 1242 2887 est,
1259 2821 1361 2876 ntideo
1376 2821 1455 2886 liber,
1472 2826 1534 2896 quia
1549 2827 1660 2897 amicus,
1678 2830 1744 2901 quid

940 2924 1008 2979 ergo
1024 2924 1100 2963 exeo
1115 2910 1185 2978 quod
1201 2911 1308 2964 restat?
1325 2934 1336 2960 ι
1354 2912 1383 2966 Si
1398 2928 1446 2968 ros
1463 2915 1548 2969 Filius
1564 2916 1740 2984 liberaverit;

942 3006 1076 3053 tuncvere
1099 2998 1176 3053 liberi
1196 2999 1372 3067 critisQoeu.
1389 3004 1457 3073 vin).
1476 3027 1486 3051 ιι
1504 3005 1569 3061 llaec
1587 3016 1677 3063 autern
1694 3008 1742 3065 lex

942 3095 982 3141 est
995 3102 1153 3159 repugnans
1167 3087 1222 3159 legi
1252 3091 1362 3154 mentis,
1376 3107 1458 3162 quam
1472 3094 1554 3164 primi
1579 3097 1701 3153 homiues
1712 3099 1740 3154 in

938 3173 1071 3229 membris
1087 3181 1228 3246 conceptae
1243 3178 1341 3232 mortis
1358 3179 1456 3234 trabere
1485 3193 1648 3253 meruerunt,
1664 3195 1742 3255 post-

938 3279 1018 3334 quam
1048 3273 1214 3332 praeceptum
1240 3267 1405 3337 transgressi
1434 3277 1505 3337 sunt,
1536 3288 1616 3340 quern
1644 3287 1742 3345 usquo,

937 3366 1008 3405 nunc
1024 3351 1052 3405 in
1067 3350 1130 3406 filiis
1144 3353 1230 3407 Adam
1246 3354 1346 3424 nuptiae
1361 3355 1495 3423 ordinant,
1513 3360 1679 3416 continentia
1694 3378 1743 3419 co-

938 3439 1013 3494 nibet
1027 3447 1053 3494 et
1068 3440 1196 3506 retrenat,
1212 3449 1240 3494 ut
1254 3443 1482 3512 quemadmodum
1502 3447 1537 3502 dc
1551 3456 1663 3517 peccato
1682 3450 1742 3508 lac·
1831 3496 1839 3503 .

939 3530 996 3581 lunt
1012 3535 1052 3582 est
1077 3529 1251 3598 supplicium,
1265 3530 1304 3584 sic
1319 3529 1352 3585 de
1381 3533 1515 3602 supplicio
1531 3534 1576 3590 stat
1603 3538 1740 3595 meritum.

939 3616 1062 3671 llaeclox
1090 3625 1141 3682 est,
1158 3633 1221 3690 quae
1247 3619 1385 3687 captivum
1404 3637 1446 3675 rna
1475 3623 1571 3679 ducit:
1593 3627 1740 3697 captivum,

939 3705 987 3759 scd
1002 3720 1036 3758 ax
1065 3713 1161 3775 parte;
1177 3706 1325 3775 captivam,
1342 3710 1389 3763 sed
1404 3725 1441 3764 ott
1466 3727 1556 3767 carue.
1571 3714 1639 3768 Nam
1661 3732 1739 3773 mans

939 3802 1083 3864 repugnat,
1099 3802 1127 3848 et
1153 3794 1357 3851 condelectatur
1384 3797 1439 3870 legi
1453 3799 1515 3864 Dei,
1527 3817 1578 3857 neo
1605 3806 1752 3860 consentit,

938 3890 1048 3952 peccato
1078 3880 1206 3947 titillanti,
1236 3886 1406 3957 suggerenti,
1430 3887 1581 3944 blandienti
1609 3894 1738 3962 qnoniam

937 3969 1020 4025 habet
1034 3969 1100 4025 alias
1115 3970 1230 4027 interius
1259 3973 1455 4031 delectationes
1472 3993 1536 4033 suas
1549 3980 1739 4038 delectationi-

937 4058 989 4113 bus
1004 4060 1094 4114 carnis
1109 4060 1184 4115 nulla
1199 4078 1233 4116 ex
1248 4071 1328 4132 parte
1352 4063 1541 4123 conferendas.
1559 4068 1609 4123 Est
1630 4087 1697 4144 orgo
1707 4071 1737 4128 in

937 4164 981 4202 mc
1009 4149 1138 4220 quiddam
1167 4158 1317 4206 mortuum.
1337 4154 1413 4209 lllcns
1437 4170 1491 4210 non
1515 4159 1661 4228 consentit,
1687 4161 1736 4217 aed

936 4251 1010 4292 mors
1025 4238 1171 4293 contendit.
1197 4239 1251 4294 Sed
1265 4242 1335 4295 sicut
1351 4243 1423 4313 quod
1439 4244 1504 4300 vivit
1525 4245 1554 4299 in
1570 4263 1613 4304 me
1628 4256 1677 4317 est,
1693 4248 1735 4306 sic

937 4330 979 4379 est
993 4325 1020 4379 iu
1036 4342 1079 4381 me
1094 4326 1176 4382 ctiam
1191 4327 1263 4396 quod
1278 4338 1416 4385 mortuum
1432 4339 1485 4387 cst.

79 4436 137 4477 nee
151 4436 211 4488 nos,
227 4437 278 4478 neo
301 4431 441 4493 peceatum
465 4423 569 4494 aliquid
588 4423 652 4479 mali
680 4431 836 4493 operaretur
849 4403 920 4477 inD
971 4415 1059 4470 Vtilis·
1075 4416 1165 4470 111.-
1182 4439 1192 4463 a
1212 4416 1309 4471 lasalix
1325 4434 1378 4490 ego
1393 4421 1554 4491 homo,quia
1569 4440 1612 4478 me
1624 4425 1730 4481 libera-
1816 4414 1824 4425 ”

79 4509 172 4564 nobis.
189 4510 288 4565 llotum
318 4527 383 4566 vero
410 4511 495 4568 illiciti
510 4512 645 4578 desiderii,
662 4513 705 4569 cui
734 4529 788 4568 nou
810 4512 879 4568 obe·

77 4597 182 4654 diendo
201 4614 257 4653 non
270 4598 296 4654 id
307 4616 356 4655 nos
372 4615 526 4671 operamur,
537 4601 599 4656 ideo
613 4608 640 4656 et
653 4616 701 4656 nos
710 4616 793 4674 agere
808 4600 879 4656 dici·

77 4702 153 4752 mur,
165 4686 293 4756 quoniam
304 4703 358 4742 nou
372 4693 412 4743 cst
425 4693 528 4744 naturae
543 4689 622 4761 vigor
631 4688 737 4759 alicam,
754 4689 803 4744 sed
817 4689 879 4744 lac·

76 4789 153 4848 guor
168 4783 279 4832 nostrae.
300 4779 389 4846 Aque
405 4777 537 4849 languore
561 4778 627 4833 salvi
643 4779 755 4844 erimus,
772 4794 836 4832 cum
850 4785 879 4833 et

76 4863 174 4919 anima
188 4872 215 4919 ct
229 4880 344 4936 corpore
358 4866 527 4921 immortales
542 4867 605 4922 laeti
627 4867 766 4922 fuerimus.
783 4867 877 4936 Cujus,

76 4961 110 5009 nt
121 4952 181 5022 jam
195 4950 361 5022 dictumest,
377 4955 504 5010 reatusiu
529 4955 664 5026 baptismo
679 4957 807 5012 dimissus
828 4962 878 5024 est,

77 5057 143 5098 cum
157 5041 282 5098 omnibus
296 5060 355 5114 quae
371 5044 525 5099 obediendo
539 5043 579 5099 illi
594 5045 717 5113 lecimus,
735 5060 785 5101 nec
807 5045 878 5100 ulte·

77 5139 139 5194 rius
152 5138 232 5195 nobis
242 5139 361 5206 obesset,
377 5140 399 5194 si
415 5141 495 5196 nullis
509 5140 569 5210 ejas
589 5143 729 5199 desideriis
743 5142 877 5200 obedien-

78 5236 146 5291 tiam
159 5234 270 5292 ulterius
286 5237 481 5308 preberemus.

119 5333 260 5391 11111121.
277 5357 335 5381 -ι
359 5334 471 5390 Invenio
485 5333 567 5407 igitar
580 5335 669 5409 legem
685 5337 788 5393 volenti
812 5335 878 5393 mini

80 5430 172 5489 lacere
185 5430 298 5500 bonurn,
313 5453 324 5482 ιι
342 5434 394 5488 ime
410 5441 449 5489 est
459 5433 563 5489 bouum
573 5434 685 5507 aliquod
695 5434 804 5492 invenio
817 5451 878 5493 essa

79 5544 172 5605 egem.
183 5528 239 5588 Sed
249 5544 311 5585 cum
326 5528 489 5589 lacersvala
504 5531 616 5602 bouum,
632 5548 753 5606 pugnam
776 5533 804 5589 la
818 5549 878 5592 me·

934 4503 972 4558 bit
987 4503 1021 4558 dc
1035 4519 1148 4574 corpore
1163 4505 1258 4560 mortis
1289 4508 1366 4574 hujus
1380 4509 1415 4561 r»
1433 4508 1505 4578 Quid
1518 4519 1558 4566 est
1576 4511 1648 4583 quod
1662 4529 1729 4583 pos-

934 4600 1023 4656 tulat?
1034 4601 1063 4656 Si
1078 4601 1268 4656 resolutionem
1276 4604 1410 4674 corporis,
1423 4621 1478 4661 non
1489 4605 1571 4675 longe
1581 4617 1631 4663 est.
1640 4611 1729 4682 Prop-

933 4694 977 4745 tor
992 4691 1043 4745 boc
1057 4698 1111 4744 tam
1127 4691 1277 4760 profundus
1290 4693 1410 4764 gemitus
1430 4697 1569 4765 Apostoli?
1579 4698 1657 4753 Absit
1668 4703 1676 4751 t
1689 4701 1728 4756 De

932 4800 1047 4854 corpore
1057 4785 1129 4840 enim
1144 4785 1237 4840 mortis
1251 4786 1333 4857 hujus
1345 4803 1399 4843 non
1412 4789 1500 4843 omnis
1522 4791 1664 4859 liberatur,
1682 4796 1728 4866 qni

933 4874 993 4928 flnit
1003 4875 1071 4929 hanc
1095 4874 1188 4938 vitam,
1203 4874 1252 4930 sod
1275 4876 1320 4946 qni
1336 4876 1436 4948 dignus
1451 4886 1491 4933 est
1511 4880 1638 4952 accipere
1652 4883 1729 4940 illam

933 4962 1025 5016 vitam.
1042 4961 1103 5016 Non
1115 4963 1233 5032 postulat
1248 4963 1361 5020 liberari
1381 4964 1414 5019 do
1429 4965 1579 5022 substantia
1594 4973 1728 5044 corporis,

932 5067 993 5122 quae
1008 5050 1081 5106 bona
1091 5058 1142 5118 cst,
1157 5052 1206 5106 sed
1221 5051 1254 5108 da
1269 5053 1341 5108 vitiis
1355 5054 1523 5122 carnalibus,
1535 5057 1607 5115 unde
1621 5076 1676 5115 non
1691 5061 1726 5117 li·
1816 5050 1820 5067 ¹

931 5147 1040 5203 beratur
1056 5147 1137 5203 horno
1152 5148 1234 5204 etiam
1249 5151 1381 5219 moriens,
1397 5150 1449 5205 uisi
1463 5154 1645 5224 pergratiam
1662 5155 1727 5211 Sal-

932 5245 1043 5301 vatoris.
1055 5245 1124 5300 Nam
1149 5262 1294 5317 acorpore
1308 5263 1380 5303 mors
1394 5257 1512 5320 separat,
1528 5251 1576 5306 sad
1589 5260 1728 5310 contracta

932 5358 965 5397 ex
980 5342 1028 5397 illo
1042 5342 1107 5398 vitia
1121 5344 1271 5409 coicerent,
1289 5345 1388 5415 quibus
1412 5346 1485 5416 justa
1496 5364 1580 5419 prena
1601 5351 1727 5419 debatur,

933 5455 1017 5510 qaam
1032 5440 1114 5496 etiam
1124 5440 1152 5495 in
1165 5439 1271 5498 inferno
1294 5443 1372 5500 dives
1387 5444 1433 5502 ille
1451 5446 1562 5506 invenit.
1579 5451 1641 5506 Noa
1655 5453 1729 5509 cuim

932 5538 1001 5608 petit
1015 5545 1162 5607 tautum,ut
1180 5555 1235 5610 per
1253 5540 1461 5615 indulgentiam,
1478 5546 1513 5602 sit
1526 5546 1562 5604 de
1582 5549 1729 5620 preteriti·
