3728 6000
104 260 157 317 aar
608 249 1241 311 summmsvsrmss.rns0ooavcr
1696 221 1750 315 sas

101 392 252 457 utrumqne
266 379 368 439 donum
380 377 432 436 Dei
446 378 491 434 sit.
504 376 622 436 hlamma
649 383 737 434 autern
752 376 898 450 spiritualis
910 385 939 446 Α
953 385 997 434 tar
1010 378 1151 436 medicine
1160 380 1189 453 (1
1205 379 1277 438 Tim.
1293 379 1322 451 v)
1339 362 1539 455 :Trophimum
1552 380 1634 440 etiarn
1640 381 1750 455 reliquit

100 473 278 547 gratiasunt,
293 466 561 536 siveinrnoralibus,
576 465 677 523 sivein
696 465 897 539 mysticis,spi-
950 465 1087 524 infirmum
1114 468 1198 525 lliieti
1226 469 1266 542 (il
1281 469 1399 542 Τίρων)
1420 477 1545 543 :patrem
1570 485 1637 529 vero
1661 469 1750 527 Publii

98 560 204 618 ritualia
231 558 418 631 intelligentiae
439 555 604 614 charismata
619 574 626 611 :
642 571 703 628 qnae
718 553 899 627 spiritualiter
949 554 1103 627 dysenteria
1117 562 1143 613 et
1157 557 1279 615 febribus
1292 557 1461 616 laborantem
1472 559 1532 617 sole
1546 561 1631 617 verbo
1643 570 1669 617 et
1682 575 1749 617 ora-

101 648 289 722 spiritnslibns
303 645 486 720 comparanda
500 651 572 701 sunt.
582 642 658 713 Quos
672 658 739 717 ergo
758 642 898 716 apostolus
948 643 1023 701 tione
1037 645 1142 703 curavit
1156 648 1228 716 (vict.
1244 647 1342 719 nuru)
1358 665 1365 704 ε
1385 656 1413 704 et
1425 647 1530 721 lapsum
1544 649 1579 706 de
1606 647 1747 705 omnacnlo

102 736 137 795 ad
152 736 327 811 perfectiouis
350 735 435 791 robur
448 733 551 803 incitat,
563 732 603 788 eis
624 747 685 803 quae
699 731 810 804 spiritus
822 737 894 800 sunt,
949 724 1112 806 Eutychiani
1128 735 1190 791 vitre
1203 742 1230 792 et
1243 735 1352 793 sanitati
1366 737 1482 794 restitnit
1494 737 1566 810 (Act.
1583 737 1643 810 xx).
1661 735 1748 812 Signa

99 825 233 898 impertiri
260 831 405 897 praeoptat.
426 821 506 893 Quod
530 837 594 879 eum
608 821 650 891 fit,
665 828 692 876 et
716 820 774 891 ipse
798 818 896 892 accipit
948 822 1049 895 quippe
1063 837 1118 879 non
1146 821 1344 893 fidelibus,sed
1372 823 1536 894 infidelibus,
1545 841 1600 882 uon
1613 825 1746 898 sapienti-

97 914 324 982 consolstionem,
341 928 411 984 opus
426 927 504 967 sunm
519 911 547 966 in
568 909 761 982 discipulorum
772 907 895 980 proiectu
947 910 1009 980 bus,
1029 910 1079 969 sed
1106 912 1297 984 insipientibus
1316 913 1461 970 debentur.
1488 912 1651 972 Gratissime
1679 930 1747 971 uero

97 1003 207 1060 firmum
220 1003 319 1058 videns
334 1009 361 1058 et
374 999 483 1069 stabile,
499 998 574 1056 atilli
588 999 763 1055 consolantur
774 997 820 1070 qui
834 1013 894 1069 par·
947 999 1052 1055 subdit.

97 1089 437 1165 ticipcsliuntapostolicoe
450 1089 559 1162 gratiae.
577 1088 635 1144 Nec
649 1086 720 1143 enirn
734 1086 829 1143 deesse
841 1100 894 1157 po·
983 1088 1069 1144 Vsas.
1086 1091 1130 1147 lb.
1145 1111 1204 1142 -v
1221 1091 1271 1162 lta,
1287 1092 1360 1163 qnod
1374 1090 1401 1146 in
1421 1107 1465 1148 mc
1488 1098 1640 1165 promptum
1663 1101 1706 1150 est
1719 1101 1744 1151 et

96 1190 148 1239 test
162 1189 255 1237 mutus
283 1178 319 1235 sd
346 1179 503 1236 altemtrnm
531 1176 597 1233 iidei
624 1175 775 1242 edificatio,
791 1190 854 1231 cum
869 1180 896 1230 et
948 1176 1025 1234 vobis
1038 1176 1084 1248 qui
1094 1178 1186 1236 Romae
1200 1179 1264 1235 estis
1278 1180 1500 1254 evangelizare·
1518 1181 1576 1238 Hoc
1590 1189 1641 1251 est,
1651 1182 1745 1254 vohis,

96 1269 227 1342 discipuli
254 1267 348 1324 vident
379 1265 407 1323 iu
430 1265 562 1339 magistro
594 1264 667 1336 qnod
697 1263 845 1330 imitentur,
868 1266 896 1318 et
948 1266 994 1336 qui
1009 1265 1102 1323 llomoe
1117 1267 1190 1337 estis,
1206 1267 1314 1325 debitor
1336 1269 1615 1343 sumssevangelizare,
1630 1269 1745 1344 qnodin

96 1359 230 1433 magister
242 1373 275 1414 ex
291 1356 485 1428 discipulorum
498 1353 625 1427 proiectu
652 1352 686 1408 sd
710 1351 827 1421 maJ‘ores
845 1366 895 1425 pro
947 1369 992 1410 me
1006 1363 1161 1427 promptum
1184 1363 1237 1425 est,
1251 1357 1311 1414 sive
1323 1357 1441 1427 quodid
1456 1366 1497 1414 est
1511 1368 1639 1430 qnantum
1657 1359 1686 1414 in
1699 1375 1745 1414 me

96 1447 239 1522 evangelio
253 1446 361 1502 labores
386 1444 529 1501 animatur.
544 1443 602 1499 Nec
616 1457 692 1498 suam
707 1441 778 1498 circa
799 1441 895 1496 iratres
947 1450 998 1500 est.
1015 1446 1052 1500 Ac
1065 1444 1088 1499 si
1102 1443 1191 1501 dicat:
1208 1445 1264 1501 Vos
1278 1445 1324 1516 qui
1352 1446 1446 1501 Romae
1461 1447 1538 1514 estis,
1553 1447 1588 1504 de
1611 1447 1745 1521 insipien·

98 1535 308 1594 sollicitudinem
323 1535 380 1591 vult
393 1549 441 1590 eos
468 1533 607 1606 ignorare,
622 1530 692 1587 utin
706 1528 894 1586 cordibuseo·
946 1531 1077 1588 tibusnon
1085 1534 1159 1589 estis.
1171 1534 1328 1606 Promptum
1349 1535 1421 1590 enim
1430 1543 1490 1593 erat
1506 1534 1620 1607 sapienti
1633 1536 1746 1608 sapien-

95 1642 157 1682 rum
171 1625 254 1682 rebus
267 1621 398 1680 docendis
412 1622 503 1680 locum
522 1626 660 1692 praeparet
681 1618 793 1692 cognita
807 1619 894 1674 bene·
946 1621 1019 1677 tibus
1028 1620 1113 1694 loqui,
1123 1637 1185 1679 curn
1208 1629 1235 1678 et
1252 1623 1286 1678 de
1299 1623 1491 1696 insipientibus
1505 1627 1557 1681 hoc
1576 1625 1745 1681 sentiendum

93 1714 213 1772 volentia
227 1712 359 1769 doctoris.
906 1709 984 1798 Bait
998 1711 1070 1782 quod
1085 1710 1150 1766 alibi
1176 1710 1240 1768 dicit
1256 1728 1288 1766 :a
1307 1712 1336 1769 si
1358 1713 1441 1781 enim,
1459 1736 1471 1763 ι
1487 1713 1584 1784 inquit,
1615 1737 1626 1763 ι
1643 1713 1747 1770 invitus

131 1804 218 1860 Vasa.
232 1805 275 1856 13.
291 1831 327 1841 -
342 1824 353 1850 ι
370 1800 405 1855 lit
421 1798 574 1872 prohibitus
591 1813 652 1855 snm
666 1812 753 1869 usqne
766 1796 890 1853 adhuc.»
946 1799 1000 1855 hoc
1009 1813 1102 1870 egem,
1111 1799 1276 1872 dispensatio
1290 1800 1356 1855 mihi
1371 1801 1478 1857 credita
1498 1809 1593 1867 est;et
1607 1818 1649 1859 vae
1669 1802 1746 1871 mihi,

95 1895 183 1963 aquo
197 1890 372 1963 prohibitus?
387 1889 416 1946 si
439 1888 580 1945 dicimusa
601 1888 670 1957 Deo,
685 1903 741 1943 non
756 1893 797 1942 est
820 1891 895 1942 certe
948 1887 971 1942 si
985 1903 1040 1943 non
1067 1887 1293 1961 evangelizavero
1308 1890 1332 1959 (l
1346 1890 1406 1947 Cor.
1418 1892 1470 1961 rr).
1492 1914 1503 1940 ι
1528 1888 1660 1946 Omnibus
1673 1891 1747 1947 enim

95 1981 239 2053 indignum
253 1979 322 2049 ileo,
337 1978 485 2049 disponere
510 1985 585 2033 actus
612 1991 752 2033 servorum
774 1989 893 2041 suorum,
949 1976 1117 2048 sapientibus
1132 1985 1159 2032 et
1168 1976 1356 2048 insipientibus
1377 1977 1464 2051 loqui,
1477 1994 1593 2035 necesse
1607 1987 1649 2036 est
1661 1995 1748 2035 evan-

98 2069 234 2142 quinovit
248 2083 330 2141 super
349 2082 430 2139 quam
446 2065 583 2123 ciuitatem
612 2064 705 2136 pluere
719 2063 817 2118 debeat
832 2062 897 2133 plu·
950 2065 1099 2138 gelizanti:
1115 2065 1164 2120 sed
1190 2065 1245 2120 illis
1266 2065 1455 2140 evangelizare
1486 2073 1626 2138 promptus
1645 2075 1697 2136 est,
1713 2066 1748 2125 de

98 2160 142 2218 ris
157 2157 234 2215 verbi
246 2157 307 2224 Dei,
323 2163 350 2211 et
376 2170 459 2227 super
487 2169 568 2225 quam
589 2168 659 2211 nou.
676 2151 756 2209 Unde
770 2157 811 2206 est
826 2158 852 2206 et
867 2149 896 2204 in
950 2153 1048 2226 quibus
1077 2153 1207 2226 scriptum
1240 2162 1290 2210 est.
1308 2154 1405 2210 Beatus
1430 2153 1477 2228 qui
1502 2155 1622 2226 loquitur
1636 2156 1664 2210 in
1682 2171 1748 2211 anre

97 2247 212 2305 Actibus
226 2242 421 2317 apostulomm.
440 2264 451 2292 s
467 2240 609 2298 voluimus
621 2241 662 2296 ire
676 2239 705 2295 in
725 2238 894 2310 Bithyniam3
950 2241 1095 2297 audientis.
1111 2243 1170 2297 iam
1181 2257 1258 2315 ergo,
1274 2250 1303 2299 ut
1331 2243 1524 2314 breviterque
1538 2243 1610 2300 dicta
1625 2251 1692 2300 sunt
1704 2260 1749 2300 re·

100 2336 150 2392 sed
163 2333 302 2407 prohibuit
310 2346 361 2388 nos
371 2330 486 2402 Spiritus
495 2331 560 2385 lesu
569 2327 894 2400 (Act.xvr.)»Siautem‚
950 2329 1142 2400 capitulentur‚
1159 2340 1303 2403 postquam
1321 2333 1470 2404 Apostolus
1496 2348 1550 2389 non
1564 2332 1592 2389 iu
1620 2332 1749 2390 humanm

99 2425 171 2482 sicut
185 2423 250 2478 alibi
262 2420 327 2477 dicit
345 2417 697 2488 maniiestius,prohibitum
712 2432 773 2472 eum
781 2416 897 2472 dicimus
951 2418 1093 2490 sapientiae
1107 2419 1198 2475 doctis
1211 2426 1239 2476 et
1251 2420 1451 2491 persuabilibus
1467 2422 1563 2492 verbis,
1578 2420 1627 2477 sed
1641 2420 1748 2477 insim-

100 2509 429 2582 aSatana(lThers.11),
453 2506 553 2578 patitur
577 2514 603 2562 ct
631 2505 683 2562 boc
703 2519 898 2576 nonnunquam
951 2506 1161 2579 plicitute.sicut
1185 2509 1278 2567 exdeo
1292 2518 1447 2581 susceptum
1462 2510 1497 2566 ad
1516 2511 1652 2567 Romanos
1662 2511 1750 2567 Evan-

100 2603 184 2669 Deus,
194 2599 229 2656 ad
241 2597 429 2672 probationem
450 2595 660 2666 perseverantie
678 2608 817 2650 servornm
832 2607 897 2648 ειιο·
951 2597 1016 2670 gelii
1032 2597 1173 2669 negotium
1187 2599 1255 2653 satis
1266 2598 1474 2665 commendarit,
1484 2616 1518 2656 ex
1531 2616 1650 2672 persona
1661 2615 1749 2656 evan·

100 2690 367 2750 rum.Verumtameu
378 2683 635 2756 scieudnmestquia
650 2683 826 2739 intentionem
835 2697 897 2737 san-
949 2686 1101 2759 gelizantis,
1112 2703 1146 2743 ex
1174 2688 1332 2745 auctoritate
1357 2688 1497 2758 mittentis,
1520 2705 1552 2745 es
1566 2704 1650 2745 causa
1677 2687 1747 2759 ipsa,

104 2789 175 2840 ctam
191 2775 300 2850 etquod
315 2776 342 2830 in
369 2772 511 2847 proposito
525 2773 618 2829 cordis
646 2780 769 2828 sanctum
790 2770 898 2826 molitur
951 2782 1097 2848 postquam
1125 2776 1204 2848 quasi
1230 2775 1389 2849 ingrediens
1411 2793 1462 2849 per
1488 2777 1640 2849 Epistulam
1652 2778 1749 2833 urbem

101 2868 244 2929 consilium
258 2864 333 2920 nullo
346 2864 430 2919 modo
444 2863 525 2930 scire,
536 2861 593 2918 sire
607 2860 787 2916 interturbare
810 2865 899 2930 potest
951 2863 1067 2919 Romam
1096 2864 1124 2919 in
1150 2864 1315 2920 abundantia
1342 2864 1538 2921 benedictionis
1557 2865 1665 2935 Christi,
1682 2865 1751 2921 sicut

106 2960 239 3026 Satanss;
256 2955 310 3009 nisi
338 2951 425 3026 signis
453 2949 519 3006 illud
546 2949 730 3006 exterioribus
764 2947 900 3020 aliquibus
952 2951 1327 3023 ipsehomiuusinstituit,iu
1341 2968 1409 3025 pace
1423 2969 1483 3009 eam
1505 2954 1640 3022 salutavit,
1657 2961 1684 3010 et
1698 2953 1751 3025 pias

102 3043 297 3120 deprehendat.
306 3039 385 3111 Quod
409 3054 475 3096 vero
495 3054 544 3111 per
572 3038 733 3095 exteriorem
760 3037 901 3093 exhibetur
952 3040 1143 3096 sollicitudinis
1158 3040 1254 3098 affectu
1271 3049 1299 3097 et
1318 3042 1471 3098 orationum
1485 3041 1576 3098 officio
1595 3041 1751 3099 auditorum

102 3137 238 3195 actionem
249 3129 387 3202 impedire
396 3135 495 3200 potest,
506 3127 530 3182 si
541 3135 629 3183 tamen
642 3125 797 3199 permiserit
810 3126 896 3181 Deus.
931 3128 1005 3184 ‘sihi
1031 3129 1248 3186 benevolentiam
1267 3131 1439 3202 praeparavit,
1456 3131 1545 3202 ipsum
1565 3130 1605 3187 eis
1621 3132 1751 3204 Evange-

108 3249 120 3275 ι
135 3225 171 3284 Ut
184 3222 303 3294 aliquem
319 3219 435 3275 fructum
464 3215 581 3272 habeam
609 3214 637 3270 in
652 3215 740 3285 vobis,
753 3215 822 3270 sicut
836 3223 861 3269 et
876 3213 905 3268 in
954 3216 1022 3273 lium
1037 3218 1188 3289 praedicare
1216 3219 1382 3293 aggreditur,
1400 3219 1547 3291 vidensque
1562 3218 1639 3291 quasi
1654 3220 1689 3274 sd
1704 3219 1753 3275 sd-

103 3312 210 3372 creteris
224 3307 385 3384 gentibus.»
402 3307 509 3378 Ubique
520 3303 670 3377 Apostolus
684 3301 903 3359 talentaDomini
951 3307 1084 3376 jutorium
1113 3323 1191 3363 suum
1215 3316 1271 3363 tam
1297 3323 1333 3363 ex
1359 3307 1460 3364 Judaeis
1473 3323 1554 3378 qnam
1574 3307 1751 3382 exgentibus

103 3399 290 3475 dispensabat,
305 3395 425 3465 undique
450 3393 475 3449 ei
491 3392 565 3449 lucra
578 3391 772 3449 contrahebat.
798 3390 905 3462 Ubique
954 3395 1085 3452 Romanis
1112 3396 1282 3452 mundanam
1314 3396 1451 3452 confluere
1483 3396 1654 3468 sapientiam,
1668 3405 1751 3454 etro

105 3490 267 3556 seminabat,
293 3484 413 3556 tradique
441 3483 576 3538 metebat.
595 3482 631 3538 Ut
664 3478 898 3552 aliqueminquit,
954 3484 1089 3557 quievisse
1101 3501 1182 3556 super
1195 3501 1244 3541 eos
1257 3500 1352 3557 pacem
1375 3501 1460 3551 suam,
1470 3483 1504 3556 ,in
1519 3500 1571 3556 qna
1585 3501 1634 3542 eos
1647 3485 1751 3541 saluta·

105 3581 224 3639 iructnm
237 3575 353 3631 habeam
363 3572 391 3626 in
405 3570 491 3627 vobis.
507 3571 569 3627 Nou
589 3569 661 3626 enim
684 3567 901 3640 praetereundum
953 3581 1038 3642 verat,
1055 3588 1171 3629 exorsus
1185 3581 1227 3630 est
1240 3574 1337 3629 dicens
1354 3592 1360 3629 :

103 3663 235 3739 estquod
264 3663 398 3718 bonomm
431 3659 552 3730 aliquem
577 3657 696 3714 fructum
727 3656 903 3729 singulariter
990 3663 1133 3720 vevere.
1150 3686 1209 3711 -a
1226 3663 1289 3718 Non
1317 3660 1389 3718 enim
1417 3662 1549 3720 erubeseo
1573 3662 1751 3737 Evangelium

104 3755 206 3827 saepius
220 3748 396 3823 pronuntiare
409 3746 518 3802 videtur
534 3760 541 3816 ;
556 3760 639 3817 opera
653 3760 719 3801 vero
732 3744 901 3816 carnisque
953 3750 1014 3807 Dei.
1034 3774 1045 3800 s
1062 3751 1152 3807 Prima
1166 3750 1300 3822 siquidem
1316 3750 1403 3807 fronte
1416 3749 1599 3820 objiciendum
1612 3750 1665 3807 sibi
1684 3752 1753 3811 scie-

107 3842 263 3916 esprobrat,
279 3835 427 3910 pluraliter.
442 3833 511 3889 ilinc
538 3833 609 3889 enim
625 3833 689 3889 alibi
706 3832 790 3890 dicit:
804 3854 815 3882 ι
831 3833 901 3888 Fru·
955 3840 1003 3895 bat
1017 3839 1213 3912 improperium
1241 3838 1378 3905 crucilixi,
1393 3839 1494 3895 Judaeis
1508 3838 1617 3911 quidem
1636 3839 1753 3896 mauda-

110 3939 169 3991 ctus
182 3929 254 3986 enim
270 3924 379 3998 spirilus
403 3929 454 3990 0⁸12
467 3921 596 3992 chifilim,
610 3921 750 3996 Gaudium·
766 3936 832 3994 12⁸¹,
849 3928 902 3977 0¹⁰·
954 3929 1020 3996 lum,
1033 3929 1161 4001 gentibus
1188 3936 1277 3984 autem
1304 3928 1455 3985 stultitiam.
1466 3928 1521 4000 lpsi
1536 3943 1602 3985 vero
1616 3943 1668 3986 nec
1682 3944 1751 3985 cou-

106 4020 186 4093 (Gol.
201 4016 240 4088 v).
259 4014 323 4071 »De
337 4011 470 4068 smclibtss
479 4025 544 4067 V0r0
552 4009 903 4078 ⁰⁸i1158‚⁸m⁸⁰if0⁵¹⁸‚·in·
954 4016 1027 4073 fusio
1052 4024 1249 4089 potueratesse
1261 4016 1289 4072 in
1317 4016 1482 4073 conscientia
1501 4017 1559 4087 jam
1585 4024 1688 4084 sanata,
1701 4033 1753 4074 nec

107 4110 176 4182 quit,
191 4129 202 4157 o
214 4110 277 4160 sunt
292 4118 372 4173 ;quve
386 4108 447 4156 sunt
467 4099 620 4166 fornicatio,
642 4099 827 4168 immunditia,
842 4105 898 4155 ete.
954 4105 1118 4163 verecundis
1133 4107 1162 4161 in
1177 4105 1266 4162 fronte
1285 4111 1338 4160 tam
1358 4105 1452 4160 libera.
1470 4128 1481 4153 v
1501 4105 1590 4162 Virtus
1604 4105 1676 4161 euim
1700 4105 1752 4162 Dei

106 4195 212 4271 (Ilici-i·
224 4217 235 4243 ν
247 4190 385 4259 Hocideo,
403 4190 532 4260 l⁰⁰¹¹¹fl¹¹¹
542 4187 694 4244 θῑθῦῑθῑῑθῑῃ
710 4186 902 4261 gentiumphi-
954 4202 1006 4261 est,
1022 4218 1034 4244 ι
1052 4195 1149 4267 inquit,
1167 4218 1178 4244 ιι
1196 4194 1223 4250 in
1233 4195 1348 4250 salutem
1363 4194 1437 4250 omni
1456 4192 1588 4251 credenti.
1604 4214 1615 4245 r
1632 4194 1710 4250 Unde
1725 4201 1752 4251 et

108 4282 232 4356 losephis
259 4280 359 4354 placet,
375 4278 488 4335 virtutes
516 4292 616 4333 omnes
641 4292 695 4332 uua
718 4276 804 4333 virtus
818 4283 901 4332 sunl:
955 4283 990 4339 ad
1004 4282 1157 4339 Corinthios
1171 4283 1235 4340 dicit
1251 4300 1258 4338 ι
1275 4305 1286 4333 v
1298 4284 1355 4338 Nos
1370 4291 1461 4339 autam
1474 4282 1656 4354 praedicamus
1671 4283 1751 4338 Chri-

106 4388 224 4449 quarum
242 4370 359 4442 aliquam
375 4367 421 4438 (tui
444 4366 564 4437 perfecie
576 4365 668 4432 hibet·
684 4380 782 4421 omnes
797 4364 878 4420 hibet
894 4381 902 4430 3
955 4379 1026 4427 stum
1041 4371 1213 4439 crucifixum,
1224 4371 1326 4428 iudeis
1348 4371 1457 4444 quidem
1473 4370 1644 4440 scandalum,
1659 4373 1752 4442 genti·

104 4462 173 4522 vitia
187 4474 252 4518 vero
265 4459 346 4515 etiam
366 4456 577 4528 compugnantia
592 4454 643 4509 sibi
656 4452 807 4510 adinvicem
821 4458 895 4508 sunt.
913 4450 940 4512 D
955 4462 1007 4516 hus
1021 4468 1109 4517 aurem
1138 4461 1278 4516 stultitiam
1296 4477 1303 4515 :
1317 4459 1385 4532 ipsis
1411 4466 1501 4516 sutem
1526 4461 1628 4516 vocavi,
1650 4459 1753 4517 Judoeis

104 4551 233 4623 Sequitur
248 4564 255 4604 ε
955 4557 1038 4622 atque
1053 4547 1165 4617 Graecis,
1181 4549 1316 4605 Christum
1332 4547 1381 4605 liei
1395 4548 1532 4615 virtutem,
1544 4558 1570 4604 et
1578 4548 1627 4605 Dei
1637 4550 1753 4620 sapien·

140 4659 232 4714 pm,
249 4654 293 4710 qq,
303 4675 357 4702 ..,
372 4649 475 4707 (ξηροὶ,
488 4663 520 4706 qq
547 4647 681 4715 barbaris,
693 4646 861 4720 septenarius
876 4652 903 4704 qr
956 4637 1023 4693 tiam
1037 4639 1063 4709 (l
1077 4637 1137 4695 Cor.
1151 4639 1181 4708 r).
1200 4660 1211 4687 r
1226 4639 1286 4693 Nou
1316 4653 1383 4710 ergo
1398 4637 1587 4708 erubescebat,
1601 4637 1677 4708 quasi
1696 4638 1752 4694 im-

103 4743 300 4819 insipientibus
326 4740 431 4796 debitor
456 4754 527 4794 sum.
544 4737 665 4793 »Nescit
690 4737 752 4810 rugi
775 4736 900 4800 charitas,
956 4727 1112 4798 properium
1134 4728 1224 4783 crucis
1239 4725 1335 4783 Christi
1349 4725 1575 4793 nonsustineus;
1598 4742 1654 4781 uon
1676 4726 1754 4797 quasi

102 4837 192 4893 nescit
207 4831 350 4890 coarctari.
362 4827 493 4885 Omnibus
504 4843 534 4881 se
543 4826 763 4893 dehet‚omnibus
773 4824 896 4881 exbibet.
956 4815 1036 4871 illle?
1049 4816 1200 4883 d⁰⁰01¹³ve²
1225 4813 1302 4870 iliter
1328 4813 1435 4881 Vivens,
1452 4820 1498 4868 ³²1²
1513 4812 1588 4884 Ulisi
1602 4813 1630 4867 5¹¹
1654 4812 1754 4870 lilium

103 4927 166 4982 Non
188 4920 287 4992 refugit
302 4918 426 4974 Graecam
454 4915 613 4986 sapientiam
629 4932 636 4979 ;
653 4929 707 4968 non
723 4913 900 4970 barbarorum
955 4904 1145 4961 miraculorum
1167 4902 1458 4973 d05010ss82.tvillust
1477 4910 1589 4958 autem«
1607 4901 1656 4957 Dei
1672 4911 1752 4968 ⁰⁸12·

104 5011 298 5084 insipientiam.
314 5007 457 5063 Neminem
478 5004 594 5060 aestimat
617 5002 811 5059 deserendum.
830 5003 901 5058 Dum
954 4994 1053 5066 iuquit,
1066 5015 1077 5044 o
1088 4993 1115 5048 in
1129 4993 1241 5048 salutem
1256 4992 1329 5048 omui
1353 4989 1474 5047 credenti
1490 5014 1513 5057 ι,
1531 4997 1566 5045 ¹nt
1588 4989 1756 5063 intelligatur

104 5104 164 5161 aliis
178 5111 304 5170 tunquam
326 5094 497 5166 sapientibus
521 5092 684 5163 sapientiam
698 5091 827 5164 loquitur,
842 5090 901 5146 aliis
953 5083 1040 5139 virius
1050 5083 1131 5138 eliam
1144 5097 1205 5137 esse
1220 5081 1270 5136 Dei
1284 5080 1313 5135 in
1332 5079 1512 5151 perdiiiwem
1530 5092 1585 5133 1¹⁰n
1607 5079 1749 5134 credendi·

101 5209 231 5274 tauquam
240 5192 429 5267 insipientibus
443 5190 509 5246 nihil
523 5205 551 5246 se
565 5189 634 5245 seire
658 5195 831 5260 protestatur,
847 5186 900 5242 nisi
953 5179 1005 5235 Est
1017 5178 1090 5235 euim
1115 5179 1202 5235 virtus
1214 5177 1266 5234 Dei
1293 5176 1375 5234 etiam
1391 5177 1420 5231 in
1432 5176 1623 5248 perditionem.
1639 5176 1679 5232 lle
1699 5191 1754 5247 qua

102 5297 239 5355 Christum
267 5293 371 5358 lesum,
388 5296 414 5345 et
442 5290 514 5344 bunc
539 5284 696 5342 crucifixum
725 5285 751 5355 (l
765 5285 825 5341 Cor.
843 5284 898 5357 vr):
952 5277 1083 5350 scriptum
1099 5281 1187 5334 estzv
1221 5275 1354 5347 Disperde
1371 5275 1433 5330 illos
1448 5272 1475 5328 in
1486 5273 1584 5329 uirtute
1603 5279 1648 5327 tua
1662 5274 1751 5343 (Psoi.

100 5395 168 5450 alios
184 5392 294 5462 exlege
309 5389 387 5444 docet
415 5394 441 5442 et
467 5385 618 5457 prophetis,
635 5383 702 5439 alios
729 5398 796 5438 vero
812 5382 899 5455 signis
952 5378 1041 5448 nvrvv).
1058 5401 1070 5428 ι
1086 5377 1157 5433 Num
1171 5382 1198 5432 et
1221 5382 1332 5446 propter
1346 5375 1395 5429 has
1422 5373 1549 5430 virtutum
1568 5369 1749 5438 differentias,

101 5488 197 5547 suadet
210 5494 237 5544 et
259 5483 412 5544 virtutibus.
432 5481 501 5536 ilinc
525 5480 656 5552 estquod
677 5479 712 5533 sd
727 5479 897 5535 Timotheum
951 5475 1053 5532 dextra
1066 5482 1094 5530 et
1109 5472 1217 5530 sinistra
1232 5475 1260 5528 iu
1275 5474 1333 5528 Deo
1347 5471 1532 5527 nominantur.
1546 5491 1558 5519 ι
1575 5467 1679 5535 Judoeo,
1694 5467 1750 5538 pri-

99 5594 280 5665 aegrotantem
294 5597 351 5640 non
362 5581 462 5638 virtute
476 5577 634 5650 curationis,
653 5575 702 5636 sed
720 5575 898 5635 consilianti-
951 5589 1027 5630 mum
1040 5580 1068 5632 et
1083 5571 1213 5630 Gracc.»
1232 5568 1465 5639 Primumlndaeo,
1476 5564 1750 5637 deindasmcohoe
