3728 6000
61 202 195 268 'til

641 194 832 260 Gotttidtttt
855 198 1059 261 astartae.
1080 202 1297 261 rttsoootttct

1747 206 1801 264 232

152 344 262 401 semper
276 326 383 398 pietatis
397 324 494 383 affeetu
509 325 687 392 ruminantes,
705 340 811 380 rursum
831 325 951 381 suaviter
964 327 991 388 Α
1000 327 1116 400 judieii,
1130 333 1158 385 et
1174 329 1248 401 ipsuis
1272 331 1430 399 emulatio,
1455 348 1516 401 quc
1544 336 1747 405 consumptura
1761 336 1804 388 est

150 420 180 476 in
195 419 255 490 ipsa
270 416 441 473 recondimus
453 415 594 482 memoria,
607 415 671 486 qnid
688 415 828 484 pronubis
845 415 951 481 leceris,

152 507 216 581 quid
246 505 329 562 lucris
355 521 461 576 passus.
494 504 551 559 Ubi
568 504 637 558 dicis
651 503 748 558 aninioe
763 502 951 558 desideranti:

149 598 247 653 Dilata
260 611 290 652 or
304 600 396 659 tuom,
412 598 440 650 et
455 609 502 660 epo
517 592 638 665 implebo
655 592 729 647 illud
745 593 831 661 (Prot.
847 591 949 662 cxxii);

148 693 177 742 ει
188 685 234 740 illa
249 693 363 756 gustans
373 683 507 738 etvidens
527 682 688 736 suavitatem
700 689 771 735 tuam
784 688 953 736 sacramento

148 786 249 846 magno
276 780 303 827 et
330 769 621 841 incomprehensibili,
650 771 701 824 hoc
731 767 847 824 efficitur
880 770 951 841 quod

150 864 306 927 manducat,
329 876 361 916 os
384 875 419 914 eii
444 860 554 915 ossibus
578 858 649 925 tuis,
676 866 703 912 et
726 873 791 914 caro
815 857 850 912 de
869 872 952 913 cuine

148 959 203 1017 tua,
220 959 248 1006 ut
271 950 340 1005 sicut
368 950 455 1004 orasti
486 949 592 1002 Patrem
621 948 706 1002 ituros
735 946 770 1000 nd
798 946 950 1017 passionem

147 1040 241 1110 (loon.
260 1048 346 1107 xisti),
363 1035 417 1093 hnc
432 1036 551 1108 Spiritus
566 1044 677 1090 sanctus
691 1033 736 1090 hic
750 1033 778 1088 in
792 1033 872 1088 nobis
886 1050 952 1106 ope-

149 1137 222 1185 retur
235 1143 284 1198 per
297 1125 426 1200 gratiam,
442 1126 514 1196 quod
540 1124 568 1179 in
593 1125 673 1179 Patre
694 1130 720 1179 et
747 1130 773 1178 te
797 1122 863 1178 Filio
890 1122 951 1193 ejus

152 1225 192 1273 est
220 1216 256 1272 ab
286 1225 389 1271 aeterno
415 1229 464 1286 per
491 1221 614 1268 naturam
632 1228 639 1267 :
655 1220 684 1267 ut
703 1211 772 1267 sicut
797 1226 846 1265 vos
867 1227 950 1265 unuin

151 1305 232 1369 estis,
258 1305 296 1360 ita
320 1311 347 1359 et
372 1319 422 1359 nos
444 1303 471 1356 in
492 1301 571 1357 vobis
590 1315 673 1356 unum
696 1299 793 1354 simus.
818 1300 883 1354 liaeo
897 1307 948 1369 est,

148 1393 274 1460 Domine,
291 1390 375 1447 iacies
392 1391 482 1445 tuead
504 1388 602 1444 faciem
624 1392 651 1444 te
680 1386 877 1453 desiderantis;
899 1389 950 1444 linc

148 1491 189 1539 est
202 1481 325 1538 osculum
344 1479 399 1534 oris
416 1479 452 1533 tui
467 1479 501 1533 ad
516 1492 548 1532 ns
564 1486 591 1532 ιε
607 1476 740 1542 amantis;
758 1477 800 1530 liic
823 1484 864 1530 est
888 1492 948 1531 aui-

148 1572 243 1644 plerus
262 1568 416 1624 dilectionis
449 1574 502 1621 tuas
534 1565 568 1620 ad
601 1566 758 1635 amplexum
773 1572 950 1635 sponsalem

1006 418 1181 474 aduersarios
1192 420 1283 488 tllebr.
1300 421 1338 484 x).
1355 420 1471 476 Domine
1488 422 1568 486 Deus,
1577 421 1662 490 judex
1678 424 1803 477 vivorum

1008 514 1034 558 ει
1049 512 1229 573 mortuorum,
1245 506 1288 559 isti
1304 515 1367 561 sunt
1381 509 1434 564 duo
1452 525 1552 581 greges
1575 509 1696 565 dexterae
1711 519 1764 565 tute
1779 517 1806 564 et

1007 593 1125 649 sinistras
1139 595 1165 647 in
1180 594 1327 665 diejodicii
1343 596 1390 650 tui.
1403 598 1436 651 lit
1447 597 1516 652 inter
1528 599 1632 653 medias
1647 606 1736 653 sortes
1745 599 1803 667 lias,

1006 691 1033 737 et
1048 682 1138 738 cleros
1158 683 1217 751 lios,
1232 692 1336 739 sortem
1351 685 1450 741 mortis
1464 694 1492 740 ει
1506 687 1577 753 vitae,
1595 686 1755 756 perditionis
1778 695 1806 742 et

1005 771 1211 842 redemptionis,
1224 772 1271 827 irae
1284 782 1310 827 ει
1325 773 1432 845 gratia,
1451 774 1497 829 nbi
1511 776 1636 847 parebo?

1041 859 1064 915 Ο
1079 859 1185 926 veritas,
1202 864 1310 927 veritas,
1320 878 1368 931 per
1377 863 1492 935 gloriam
1502 870 1529 919 et
1544 864 1716 934 majestatem
1725 864 1803 921 faciei

1005 956 1067 1012 tute,
1082 964 1117 1004 ne
1132 948 1283 1004 abscondas
1298 966 1357 1005 eam
1373 966 1389 1006 o
1404 968 1464 1019 me;
1497 953 1546 1008 sed
1576 952 1683 1025 fulgura
1706 953 1733 1007 iu
1757 969 1802 1008 me

1004 1039 1076 1087 totas
1091 1032 1151 1102 ejus
1175 1038 1386 1100 coruscationes,
1403 1044 1432 1091 ut
1453 1035 1480 1090 iu
1498 1037 1600 1092 lumine
1614 1039 1676 1105 ejus
1695 1036 1801 1093 videam

1005 1121 1108 1188 lumen,
1124 1122 1306 1193 scilicetquid
1328 1124 1411 1180 tocies
1434 1141 1493 1180 mea
1516 1126 1552 1180 sil
1573 1126 1609 1180 ad
1633 1132 1713 1195 luam,
1736 1127 1801 1198 quid

1005 1215 1052 1264 tua
1071 1211 1106 1264 ad
1129 1226 1216 1265 meam
1233 1227 1240 1265 ι
1257 1219 1347 1266 utrum
1363 1216 1433 1268 sicot
1446 1222 1489 1270 εει
1503 1214 1604 1269 veritas
1624 1214 1651 1269 in
1670 1222 1704 1279 te,
1725 1216 1799 1281 lesu,

1004 1298 1042 1354 sic
1057 1299 1157 1354 veritas
1171 1300 1204 1354 sit
1219 1300 1246 1354 in
1262 1316 1305 1356 me
1325 1301 1463 1372 deponere
1479 1319 1522 1358 me
1537 1302 1686 1359 secuudum
1707 1303 1800 1375 pristi-

1005 1402 1069 1442 nam
1101 1389 1334 1445 conversationem
1350 1400 1470 1446 veterem
1495 1391 1647 1456 hominem,
1668 1391 1713 1464 qui
1735 1408 1800 1449 cor-

1004 1478 1138 1548 rumpitur
1153 1479 1299 1532 secundum
1316 1477 1450 1535 desideria
1465 1481 1574 1536 erroris.
1587 1479 1705 1537 Omnino
1717 1482 1801 1550 enim,

1004 1565 1143 1631 overitas,
1159 1566 1231 1635 quod
1256 1575 1283 1621 te
1307 1584 1436 1638 quaeram,
1462 1568 1538 1633 scio;
1559 1569 1607 1624 sed
1632 1577 1723 1624 utrum
1738 1585 1802 1626 vere

147 1658 310 1730 suspirantis
324 1656 373 1710 tibi
388 1663 415 1710 et
429 1655 544 1710 dicentis
560 1672 567 1709 :
586 1655 711 1710 Dilectus
728 1668 808 1709 meus
824 1652 904 1717 milvi,
921 1655 949 1707 et
966 1681 990 1744 Β
1005 1668 1136 1723 queram,
1151 1654 1253 1710 nescio.
1275 1655 1338 1710 llaeo
1355 1666 1396 1711 εει
1411 1656 1494 1712 lanies
1509 1672 1570 1712 meu
1586 1657 1621 1712 ad
1635 1665 1671 1725 te,
1688 1674 1798 1730 inagnae

148 1763 197 1820 epo
212 1748 281 1803 illi:
298 1748 329 1801 iu
343 1744 435 1801 medio
448 1742 567 1799 uberum
582 1757 710 1798 meorum
724 1741 945 1799 commorabitur
1004 1743 1120 1797 miseriae
1135 1759 1212 1810 meae,
1229 1753 1256 1799 et
1271 1760 1377 1816 mngnae
1392 1745 1523 1800 caecitatis
1537 1761 1617 1801 meae.
1639 1745 1712 1801 Licet
1725 1747 1799 1801 enim

148 1835 246 1909 (Cant.
260 1851 270 1888 i
282 1834 357 1889 etiil.
371 1833 421 1888 Et:
437 1832 496 1887 Tibi
511 1832 587 1887 dicti
603 1846 651 1886 cor
660 1846 772 1886 meum:
782 1830 944 1901 Ecquisiutt

150 1928 176 1980 te
189 1923 278 1994 [acles
295 1937 359 1977 meo
382 1921 471 1990 (l'sol.
488 1920 579 1989 xxvi).
600 1919 669 1974 Num
693 1919 715 1972 si
741 1917 824 1973 iacies
844 1919 946 1973 animae

146 2019 248 2068 nostrae
260 2021 332 2065 tuam
349 2010 444 2064 laniem
459 2023 513 2064 non
529 2006 654 2079 requirit,
667 2013 773 2061 nonest
789 2005 872 2061 iacies
887 2008 946 2072 ejus

147 2099 288 2162 naturalis,
300 2096 348 2152 sed
364 2097 485 2151 bestialis
499 2095 594 2165 aliqua
609 2095 693 2150 larva.
706 2092 774 2161 Quis
790 2109 843 2148 non
858 2091 946 2164 requi·

149 2196 190 2243 rat
201 2188 283 2242 eam‘l
298 2185 364 2254 Quis
380 2200 435 2240 non
449 2181 629 2238 infirmabitur
654 2197 703 2252 pro
726 2181 780 2236 eni
801 2179 869 2249 Quis
892 2195 946 2235 non

149 2273 315 2347 languebat
338 2272 405 2341 Quis
420 2288 475 2327 non
487 2269 617 2326 deficiet?
640 2267 707 2337 Quis
727 2285 781 2324 non
796 2269 946 2324 morietur?

150 2364 289 2427 Miserere,
306 2361 435 2417 Domine.
471 2358 531 2414 iam
547 2367 608 2431 post
622 2373 684 2414 eam
698 2365 819 2413 mortuus
834 2356 947 2412 fuissem

148 2452 241 2508 nescio
268 2450 342 2522 quali
366 2455 475 2510 morte,
499 2449 550 2501 nisi
574 2447 691 2503 visitatio
715 2455 763 2501 tun
783 2445 948 2502 custodisset

145 2540 268 2613 spiritum
284 2553 387 2593 mecm.
424 2537 543 2592 Econtra
556 2535 658 2590 invenit
681 2535 709 2589 in
734 2542 761 2590 ιε
779 2534 905 2590 iuimicus
919 2534 947 2588 in

145 2637 268 2700 tempore
282 2627 370 2681 vultus
391 2626 431 2680 tui
455 2625 593 2681 olibanum
608 2623 689 2695 iguis,
707 2634 831 2693 peccator
845 2630 947 2693 partein

146 2717 239 2775 calicis
254 2715 309 2780 sui,
326 2715 454 2785 laqueos,
479 2713 569 2785 ignes,
589 2713 711 2782 sulphur,
737 2712 847 2782 spiritus
880 2727 946 2783 pro·

143 2807 299 2863 cellarum:
322 2805 459 2873 superbus
480 2802 628 2873 potentiam
653 2817 706 2873 qua
729 2800 853 2871 superbis
872 2800 947 2855 resi·

146 2895 207 2959 slit3
241 2891 391 2964 hypocrita,
418 2891 508 2946 lucem
533 2889 653 2946 veritatis
676 2904 756 2960 quain
776 2888 846 2944 odit.
869 2888 906 2942 Et
920 2887 947 2942 hi

999 1831 1199 1887 consolationes
1223 1839 1276 1888 tuae
1301 1849 1497 1904 nonnunquam
1521 1834 1657 1891 laetiliceul
1683 1834 1801 1891 animam

1000 1935 1104 1984 meam,
1122 1922 1179 1976 seio
1195 1931 1285 1976 tamen
1301 1922 1361 1991 quis
1376 1920 1482 1988 luerim,
1495 1924 1579 1978 modo
1592 1931 1684 1978 eutem
1694 1924 1797 1993 nescio,

1000 2009 1064 2078 quid
1079 2008 1142 2062 siin.
1162 2010 1248 2065 Unam
1271 2010 1336 2080 petii
1351 2026 1366 2065 a
1383 2011 1510 2078 Domino,
1526 2011 1598 2067 banc
1619 2012 1731 2083 requiro
1747 2031 1753 2066 :
1769 2019 1800 2068 ut

1000 2097 1066 2152 sicut
1082 2098 1116 2152 ad
1131 2105 1156 2152 te
1171 2097 1297 2153 anxiatur
1321 2098 1409 2154 facies
1431 2100 1546 2156 miserior
1566 2116 1649 2166 meor;
1665 2101 1704 2156 sie
1719 2117 1800 2174 super

1001 2202 1043 2240 me
1058 2186 1177 2256 emplius
1190 2196 1215 2241 et
1231 2186 1347 2257 amplius
1367 2187 1483 2242 illustret
1498 2205 1528 2244 se
1540 2189 1624 2244 lacios
1638 2189 1798 2245 misericor·

1000 2274 1053 2330 dite
1077 2282 1145 2340 tam,
1168 2291 1256 2348 usque
1280 2275 1315 2330 ad
1337 2277 1525 2332 omnimodam
1556 2279 1798 2349 consumptionem

1000 2364 1088 2420 omnis
1103 2363 1220 2419 miseriae
1235 2371 1262 2421 et
1277 2365 1402 2437 caliginis
1417 2381 1502 2424 mese.

1265 2488 1461 2546 nummio
1481 2491 1530 2545 tx.

1001 2612 1102 2669 Animo
1116 2611 1246 2678 discutit,
1262 2628 1312 2669 reu
1322 2614 1354 2669 ln
1363 2615 1507 2685 judicium
1518 2618 1598 2670 uocet
1611 2615 1799 2687 capitationem

1272 2700 1339 2740 suus
1354 2690 1382 2740 el
1396 2686 1525 2756 effectur.

1037 2781 1131 2847 Tanta,
1148 2780 1276 2847 Domine,
1294 2789 1334 2835 est
1356 2780 1383 2835 in
1404 2798 1447 2835 me
1463 2781 1581 2838 miserim
1595 2798 1663 2839 meae
1679 2782 1801 2839 densitas

1001 2877 1028 2925 et
1041 2869 1218 2933 immensitas,
1235 2877 1264 2924 ut
1278 2885 1329 2925 nec
1344 2868 1474 2925 sufficiam
1494 2886 1555 2925 cani
1582 2887 1631 2942 per
1649 2880 1739 2942 partes
1753 2872 1800 2927 di·

146 2998 244 3042 omnes
258 2980 377 3052 pmpriis
389 2980 557 3051 privatorum
572 2979 706 3033 malorum
726 2993 836 3033 suorum
860 2976 944 3031 lacie—
1001 2957 1117 3027 Ῥῑθθΐθν
1134 2973 1185 3013 ¹¹0⁰
1207 2957 1321 3012 ²⁰ii¹fl²i⁸
1344 2959 1405 3026 01⁰⁸
1425 2974 1563 3014 ⁰⁰0l¹¹¹e¹¹¹
1584 2957 1680 3015 ficiem
1703 2959 1798 3031 Delli·

146 3073 199 3127 ΜΒ
222 3069 383 3126 cauterium
405 3069 537 3124 habentes
560 3065 749 3131 conscientias,
765 3064 842 3137 quasi
856 3081 943 3136 gene.
958 3034 983 3097 C
997 3042 1072 3097 dere.
1084 3041 1152 3095 Nam
1168 3056 1232 3096 ecce
1247 3044 1317 3096 sicut
1331 3042 1409 3106 solet,
1423 3042 1512 3115 caligo
1524 3041 1584 3112 ejus
1599 3058 1642 3099 me
1656 3044 1796 3099 obvolvit:

146 3161 232 3217 ralem
256 3157 357 3213 habent
377 3156 474 3213 faciem
507 3156 616 3211 malitiae
648 3154 858 3227 impoenitentis;
875 3162 902 3209 et
916 3161 943 3207 tu

147 3249 252 3320 excipis
285 3263 345 3302 eain
367 3246 395 3301 in
419 3244 489 3301 lucie
508 3244 621 3314 iustitiae
639 3244 710 3312 juste
731 3243 888 3312 indicentis,
916 3249 944 3297 ει

143 3339 268 3396 odientes
298 3336 430 3407 justitiam
451 3335 479 3388 iii
508 3333 573 3388 odio
597 3331 758 3404 iniquitatis.
782 3330 853 3399 Quia
871 3330 943 3386 enim

53 3403 57 3413 ’
146 3426 333 3501 probaverunt
345 3441 377 3480 se
395 3425 482 3480 Deum
497 3437 553 3478 non
569 3420 671 3476 habere
685 3421 711 3475 in
727 3420 866 3487 notitiam,
884 3429 942 3475 tra-

141 3515 236 3573 didisti
250 3531 308 3581 eos,
323 3515 407 3579 Deus,
431 3514 458 3566 in
483 3511 630 3582 reprobum
650 3525 771 3577 sensum,
789 3518 819 3564 ut
842 3508 944 3565 laniant

144 3619 187 3673 ea,
205 3620 267 3676 quoe
281 3618 336 3658 non
352 3600 518 3657 conveniunt
530 3600 618 3669 (dom.
635 3604 655 3670 i)
672 3614 678 3651 :
696 3614 757 3670 quae
777 3598 867 3667 turpia
879 3605 944 3652 sunt

142 3692 178 3750 ad
210 3690 482 3748 commemorandum
515 3693 640 3756 autete;
662 3702 725 3758 quae
743 3685 940 3756 tamenimpu·

143 3781 240 3837 denter
253 3789 280 3835 et
293 3781 478 3834 irreverenter
491 3774 559 3830 fiunt
577 3783 640 3830 anta
653 3783 698 3842 te;
717 3782 744 3830 et
761 3781 796 3829 de
809 3774 941 3844 concupi-

143 3869 257 3928 scentiis
273 3867 328 3923 suis
350 3874 377 3922 et
399 3864 509 3921 filiabus
534 3880 647 3933 earum,
671 3864 750 3919 etde
770 3865 942 3934 peccatis,et

145 3973 242 4016 eorum
261 3954 333 4022 liliis,
349 3962 375 4011 et
389 3953 452 4009 liliis
464 3952 591 4018 liliorum,
608 3958 720 4007 nectunt
734 3951 786 4006 sibi
800 3952 941 4022 laci-ymo-

139 4063 195 4103 sam
211 4047 283 4101 illam
299 4044 395 4099 duram
415 4051 445 4098 ει
470 4048 581 4115 tongam
605 4049 739 4106 catenam,
762 4041 797 4095 de
821 4041 942 4095 multitu·

142 4135 206 4192 dina
233 4141 421 4206 peccatorum,
438 4131 515 4203 quasi
538 4132 573 4185 de
594 4130 763 4186 connexione
784 4129 941 4184 ansularum

145 4223 296 4281 ferrearum
323 4223 443 4277 suaviter
460 4219 568 4276 interim
585 4218 755 4287 stridentem,
770 4217 819 4274 sed
833 4217 940 4273 insolu-

144 4314 234 4371 biliter
261 4313 448 4384 stringentem,
462 4325 511 4381 per
526 4324 609 4382 quain
624 4309 767 4365 trahuntur
794 4307 822 4362 in
854 4306 940 4362 inler-

141 4419 226 4460 num:
243 4402 290 4458 ubi
304 4402 396 4456 nullus
411 4400 480 4453 ultra
493 4397 666 4454 confitebitur
680 4398 740 4466 tihi,
756 4414 772 4454 o
786 4399 873 4463 Deum
890 4397 937 4453 uhi
952 4389 980 4453 D
996 4386 1043 4426 ⁸⁰³

140 4493 217 4550 nulla
231 4508 306 4563 spes,
318 4491 408 4545 nullus
425 4487 487 4543 inde
502 4502 656 4558 regressus.
673 4486 713 4542 De
728 4488 826 4559 quibus
840 4487 935 4555 miror,

144 4584 169 4637 si
198 4582 294 4653 positis
309 4583 337 4634 in
359 4576 465 4633 inlerno
486 4578 556 4631 scire
574 4591 683 4646 quoquo
714 4576 797 4631 modo
818 4575 935 4632 dabitur.

140 4678 269 4743 quantum
300 4667 333 4721 sit
366 4666 469 4721 bonum
501 4672 526 4720 te
558 4661 667 4720 liuendi
683 4681 690 4718 ι
706 4667 778 4737 quod
798 4682 822 4719 si
847 4666 937 4736 aliquo

139 4759 222 4814 modo
236 4756 362 4812 datureis
373 4756 453 4822 scire,
463 4770 517 4809 non
531 4765 596 4824 puto
611 4754 638 4806 in
658 4753 763 4809 inlerno
778 4756 866 4823 maius
876 4771 937 4810 esse

139 4854 320 4908 tormentum,
348 4859 428 4916 quam
451 4853 495 4897 tua
519 4843 620 4898 visione
655 4857 760 4898 carere.
781 4844 845 4908 Sed,
864 4842 933 4899 haul

139 4936 213 4993 boul
232 4935 277 5005 qui
295 4932 641 4987 horribiliacommiserunt
664 4931 801 4987 horribilia
825 4937 937 5002 iusuper

138 5028 281 5099 patientur,
290 5022 354 5093 quia
367 5021 601 5092 impoenitentibus
610 5022 723 5092 sanguis
734 5030 803 5086 tuus,
817 5022 932 5088 Christe,

137 5138 192 5181 non
203 5122 342 5176 subveniet
354 5138 360 5174 :
373 5122 438 5192 quin
453 5121 543 5190 potius
558 5119 598 5174 rei
610 5119 810 5188 judicabuntur
820 5119 933 5191 saugui-

136 5222 178 5277 nis
193 5221 240 5286 tui,
256 5234 336 5291 quem
352 5220 491 5290 peccando
505 5226 532 5274 et
542 5234 595 5274 uon
610 5216 768 5289 poeuitendo
782 5217 932 5273 conculca·

136 5326 243 5382 verunt.
263 5318 326 5375 llaec
340 5327 381 5374 est
394 5316 479 5374 iacies
501 5316 598 5373 luroris
619 5317 669 5385 tui,
693 5330 774 5387 apuam
796 5315 931 5386 Propheta

997 3146 1048 3186 nec
1061 3131 1097 3185 ud
1112 3138 1138 3185 te
1155 3130 1300 3185 Dominum
1317 3132 1402 3186 Deum
1422 3146 1522 3195 meum,
1548 3131 1591 3187 cui
1613 3132 1697 3204 loqui,
1714 3147 1796 3205 quem

997 3219 1089 3275 audire
1106 3218 1242 3286 desidero,
1259 3218 1330 3274 liber
1344 3227 1386 3275 est
1401 3220 1483 3287 visus,
1500 3219 1541 3276 vel
1558 3220 1700 3291 expeditus
1715 3221 1797 3277 andi-

997 3314 1049 3362 tns.
1062 3307 1106 3363 Sic
1119 3308 1187 3363 mihi
1201 3323 1310 3379 semper
1325 3306 1398 3376 iacit,
1410 3309 1450 3364 sic
1464 3323 1480 3363 a
1495 3323 1526 3363 sa
1541 3324 1585 3364 nie
1596 3308 1685 3379 rejicit
1700 3309 1797 3366 domus

996 3396 1112 3468 propriu
1126 3395 1297 3453 conscientias
1320 3412 1399 3452 meas.
1423 3397 1551 3467 Nunquid
1565 3398 1617 3453 hoc
1632 3405 1685 3464 est,
1703 3400 1797 3456 Tollo·

998 3488 1047 3540 tur
1060 3485 1175 3558 impius,
1195 3501 1232 3541 ne
1252 3485 1346 3542 uideat
1361 3487 1482 3556 pluriam
1496 3487 1546 3542 Dei
1561 3486 1629 3554 (lec.
1646 3488 1744 3555 xxviii
1763 3489 1798 3544 Et

999 3589 1060 3629 cuin
1078 3576 1174 3628 mentis
1197 3572 1284 3628 oculis
1308 3573 1500 3643 obtenebratis,
1516 3575 1653 3646 palpando
1678 3575 1798 3647 quodam

995 3661 1078 3717 modo
1093 3662 1164 3717 nitor
1186 3677 1241 3732 quo
1263 3662 1421 3732 tendebam,
1441 3662 1538 3718 lassata
1558 3671 1584 3718 et
1607 3673 1735 3736 quassata
1749 3681 1798 3720 ar-

996 3750 1085 3806 dentis
1100 3749 1230 3806 desiderii
1246 3751 1404 3817 intentione,
1421 3751 1455 3807 de
1469 3751 1531 3807 eltis
1554 3752 1607 3807 tuis
1620 3753 1648 3807 in
1662 3752 1800 3825 profunda

996 3854 1058 3894 mea
1073 3838 1179 3904 reuido;
1198 3846 1254 3893 ate
1269 3839 1296 3893 in
1310 3855 1354 3894 me
1364 3856 1399 3905 ;n
1413 3856 1458 3896 ms
1469 3840 1562 3895 subtus
1570 3856 1614 3896 mo
1624 3856 1631 3909 ;
1642 3850 1671 3897 et
1679 3842 1799 3899 resoluta

994 3926 1069 3983 ouini
1090 3935 1204 3984 conatus
1224 3928 1280 3982 mei
1303 3928 1446 3995 machine,
1468 3928 1538 3985 sicut
1560 3929 1640 3985 inane
1667 3930 1798 4002 quiddam

995 4015 1115 4088 pulveris
1138 4015 1294 4087 projectum
1308 4031 1325 4071 a
1338 4014 1406 4072 lucie
1428 4023 1508 4072 terrae
1530 4015 1634 4074 efficior
1651 4026 1796 4077 uentorum

995 4104 1142 4159 ludibrium
1157 4120 1207 4175 per
1219 4109 1409 4176 phantasmata
1435 4105 1648 4177 cogitationum,
1665 4106 1796 4165 volunta·

995 4201 1061 4261 tuiu,
1085 4190 1269 4261 affectionum,
1292 4200 1332 4250 tot
1352 4201 1419 4265 quot
1439 4193 1528 4249 vultus
1552 4194 1704 4265 hominum,
1725 4205 1792 4269 quot

994 4282 1120 4338 horarum
1135 4291 1284 4348 momenta,
1295 4290 1361 4352 quot
1376 4298 1464 4337 rerum
1482 4280 1527 4353 rel
1543 4292 1689 4339 eventuum
1704 4284 1795 4341 incur·

1067 4369 1111 4426 vel
1130 4385 1271 4428 occursus.
1301 4370 1365 4426 ldco
1397 4386 1458 4426 cum
1484 4371 1567 4426 lanies
1590 4372 1716 4429 bonitatis
1738 4382 1791 4432 tuse

996 4475 1077 4529 super
1092 4476 1135 4514 me
1150 4474 1259 4530 semper
1273 4459 1392 4515 intendat
1406 4458 1614 4526 benefaciendo,
1631 4461 1715 4518 lanies
1737 4464 1792 4517 mi-

993 4549 1071 4603 seriae
1087 4564 1154 4603 meae
1170 4547 1295 4602 stolidam
1328 4563 1439 4618 semper
1462 4556 1563 4603 terram
1585 4550 1733 4621 respiciens
1753 4553 1793 4609 sic

992 4635 1121 4692 cecitatis
1145 4651 1202 4692 auae
1225 4634 1343 4706 caligine
1360 4635 1525 4701 obvolvitur,
1540 4642 1571 4691 ut
1585 4654 1636 4692 uec
1648 4638 1725 4702 sciat,
1741 4655 1793 4696 neo

990 4726 1075 4796 possit
1090 4738 1186 4779 coram
1213 4733 1237 4780 te
1261 4739 1412 4795 apparere,
1438 4724 1490 4779 nisi
1510 4726 1673 4796 inquantum
1695 4727 1737 4783 lan
1766 4727 1792 4785 ei

991 4812 1113 4870 veritatis
1140 4811 1232 4868 omnia
1263 4813 1453 4867 transvidentis
1479 4816 1725 4886 quomodocunque
1744 4817 1789 4886 sit,

991 4917 1047 4956 nou
1062 4909 1152 4972 potest
1179 4901 1274 4955 latere.
1294 4901 1406 4971 Propter
1426 4903 1497 4970 qnod
1513 4902 1670 4973 relinquens
1693 4920 1791 4961 munus

990 5005 1084 5044 meum
1097 4997 1159 5044 ante
1174 4989 1268 5053 altare,
1283 4988 1429 5060 indignans
1448 4990 1514 5044 mihi
1529 4999 1556 5045 et
1571 4991 1710 5047 siculiens
1733 5010 1787 5062 me,

989 5094 1071 5150 surgo
1089 5078 1116 5133 in
1139 5077 1310 5149 memetipso,
1326 5088 1352 5132 ει
1367 5093 1482 5135 εεεειιεε
1505 5080 1581 5135 verbi
1603 5080 1653 5135 Dei
1677 5082 1789 5139 lucerna

988 5166 1016 5222 iu
1027 5166 1211 5238 indignatione
1227 5173 1254 5221 ει
1269 5167 1450 5223 amaritudine
1460 5168 1569 5239 spiritus
1584 5169 1637 5223 mci
1647 5168 1787 5242 ingredior

988 5257 1161 5311 tenebre-am
1176 5254 1285 5311 domum
1307 5255 1479 5311 conscientiae
1493 5273 1579 5323 mcae;
1600 5258 1676 5330 quasi
1690 5261 1786 5331 pervi-

986 5356 1068 5395 surus
1080 5344 1153 5396 unde
1168 5342 1288 5395 tenebrae
1301 5341 1369 5404 istae,
1386 5341 1458 5395 uude
1472 5341 1563 5416 caligo
1577 5343 1695 5410 odibilis,
1712 5344 1784 5400 divi·

135 5424 226 5489 pileis
242 5425 267 5472 θῑ
281 5417 370 5472 itemst
392 5417 428 5472 ad
451 5416 547 5472 “clem
569 5429 676 5481 wilm·
694 5431 762 5486 l⁰0³
778 5423 928 5487 ⁰¹⁸De⁰¹⁸b
985 5429 1054 5486 dens
1069 5430 1195 5486 interme
1210 5428 1342 5484 etlumen
1356 5431 1448 5487 cordis
1462 5429 1529 5486 mei.

136 5515 447 5589 sientdicitilpostolns:
469 5514 745 5588 terribilisquoedom
755 5517 929 5588 exspectatio

1020 5518 1052 5574 ιιι
1067 5533 1131 5577 ecco
1151 5517 1229 5593 quasi
1247 5517 1372 5591 quaedam
1387 5533 1541 5578 muscarum
1554 5520 1641 5593 pestis
1655 5537 1739 5581 ruens
1754 5522 1782 5582 in
