3728 6000
502 335 548 389 lib}
568 334 820 391 stctntttahto.
836 368 872 377 —
886 338 954 393 ltu.
978 339 1029 393 111.
1546 340 1598 396 850

82 458 219 514 llullorum
235 459 600 531 enimprccesemeadantur
611 459 743 531 quotidie,
760 459 787 522 A
803 462 887 517 anius
910 478 1035 533 personae
1049 470 1151 519 tantum
1168 480 1197 518 se
1219 478 1301 534 posse
1320 461 1448 535 baptizari
1472 463 1595 529 credant,

82 548 155 603 ribus
169 548 268 604 suarim
282 551 411 617 recitatae,
429 557 456 604 ct
480 549 747 619 malta,ineisrepe-
800 551 874 621 quod
890 559 977 607 tamen
990 553 1036 607 ubi
1058 554 1116 607 siae
1139 553 1262 623 periculo
1283 554 1400 609 haeresis
1419 553 1476 608 lieri
1499 553 1595 623 poluit,

82 647 158 692 ontra
175 638 334 693 catholicam
358 638 455 694 fidene.
475 638 606 708 Nrrnquid
624 637 646 691 si
660 638 745 692 mani·
799 640 926 694 Nicotaus
941 657 1010 711 papa
1023 641 1171 696 concessit.
1188 643 1241 697 Sed
1258 650 1369 697 econtra
1385 641 1554 713 Augustinus
1568 641 1595 693 in

82 724 184 795 aliquos
200 741 261 781 esse
278 727 438 799 laaplizatus,
454 744 514 782 cram
530 727 581 781 illa
597 742 693 797 preces
703 727 746 780 di·
801 727 870 783 libro
895 730 929 784 da
951 730 1033 784 unico
1058 729 1207 801 baptismo,
1224 734 1283 784 ait:
1303 755 1312 777 a
1332 731 1402 784 Satis
1423 729 1596 785 ostendimus

82 823 140 878 ent,
162 816 293 886 jubentur
315 817 405 872 denuo
429 816 585 886 baptizari‘.l
603 815 672 884 Quid
689 816 746 869 hat
800 816 835 871 ad
859 817 1022 887 baptismum
1045 819 1091 889 qui
1109 820 1201 874 verbis
1224 820 1390 891 evangelicis
1408 826 1594 883 consecratur,

82 920 190 973 uiaque
205 905 294 975 precis
318 905 410 959 vitium
434 914 542 974 superat
557 904 689 973 precantis
703 902 746 959 al-
800 921 853 958 non
871 906 1005 975 pertinere
1020 906 1180 976 cujusquam
1197 907 1284 961 alantis
1306 907 1348 962 vol
1373 907 1532 977 accipientis
1550 922 1596 961 er-

82 1000 97 1046 et
110 994 174 1062 qaia
192 1003 288 1049 cuncta
304 993 507 1067 (filtrcrbailla
519 993 678 1065 evangelica
689 993 746 1046 sine
800 1008 901 1061 rorum,
918 995 975 1049 sire
990 995 1023 1051 de
1039 996 1127 1062 Patre,
1141 996 1198 1050 sire
1211 996 1244 1051 dc
1263 996 1341 1063 Filio,
1358 995 1415 1051 sive
1437 996 1472 1050 de
1493 994 1596 1064 Spiritu

82 1095 113 1134 aa
128 1087 224 1151 potest
239 1081 389 1152 baptismus
400 1082 565 1148 consecrari,
576 1088 677 1135 tantam
697 1095 746 1133 va·
800 1090 895 1139 sancto
909 1083 986 1138 aliter
1000 1084 1115 1139 sentiam
1135 1099 1215 1153 caram
1238 1084 1362 1139 doctrina
1387 1083 1506 1139 caleatis
1528 1083 1595 1138 insi-

82 1184 120 1224 >er
136 1168 181 1223 illa
197 1170 236 1225 sic
252 1179 417 1224 evacuentur
439 1186 604 1241 qrraecauuue
620 1171 646 1222 in
663 1185 745 1239 prece
799 1179 874 1225 aaut.
902 1172 972 1227 Ecce
995 1173 1021 1227 hi
1046 1173 1166 1228 haeretici
1189 1173 1251 1244 qaia
1274 1173 1350 1227 aliter
1370 1179 1522 1241 senserunt,
1545 1187 1596 1226 an·

82 1265 151 1311 ›naa
167 1258 288 1329 regulam
298 1257 505 1321 lideidicantur,
516 1258 746 1329 quemadmodum
800 1260 892 1314 aulato
907 1260 988 1329 priori
1004 1260 1149 1331 baptismo,
1160 1262 1322 1332 rebaptizari
1335 1261 1403 1329 jussi
1425 1268 1503 1319 sant:
1521 1259 1594 1333 quia,
1640 1253 1647 1262 '

82 1362 113 1399 ‚m
139 1345 237 1400 Christi
264 1348 373 1402 nomine
396 1346 556 1402 excluditur.
580 1348 629 1411 lta,
642 1348 663 1400 si
686 1346 746 1417 quis
799 1348 924 1417 qrramris
938 1348 964 1401 ia
981 1349 1090 1403 nomine
1105 1349 1222 1419 Domini,
1240 1357 1328 1403 amen
1344 1349 1371 1402 in
1400 1349 1509 1404 nomiae
1533 1349 1597 1402 Tri-

82 1433 157 1489 derat
175 1444 267 1491 contra
284 1436 407 1507 regulam
433 1435 505 1504 lhlei,
520 1435 655 1489 arbitrans
675 1436 745 1505 qrrod
799 1436 890 1490 nitatis
903 1436 1032 1508 baptizati
1050 1453 1102 1493 non
1117 1446 1186 1492 suut.
1207 1462 1217 1485 n
1235 1438 1312 1493 Unde
1325 1438 1475 1509 Gregorius
1484 1437 1597 1507 Quirino

83 1531 103 1587 t,
121 1539 175 1579 non
194 1532 284 1578 tamen
301 1525 374 1594 quod
397 1525 423 1579 in
448 1525 488 1579 eis
511 1540 672 1595 perversum
693 1529 745 1591 est,
799 1525 929 1596 episcopo
952 1526 979 1580 in
1001 1526 1131 1581 Hibernia
1153 1526 1212 1598 (lib.
1230 1542 1267 1595 ιιι,
1284 1526 1363 1598 epist.
1381 1529 1425 1591 til,
1442 1533 1460 1580 t.
1483 1526 1517 1592 ll,
1535 1525 1592 1580 col.

82 1611 200 1685 ltaque
218 1613 256 1668 ibi
279 1621 350 1668 recta
376 1623 448 1681 saut,
465 1614 513 1668 sed
536 1614 570 1667 ab
594 1613 634 1667 eis
657 1614 746 1683 potius
801 1614 880 1683 1167)
895 1634 901 1669 :
916 1637 927 1661 a
945 1614 1068 1670 Haeretici
1084 1615 1175 1686 quiin
1191 1616 1330 1670 Trinitatis
1351 1616 1463 1670 nomine
1485 1613 1597 1669 minimo

81 1717 128 1756 r.»
800 1702 979 1772 baptizantur,
1003 1703 1072 1758 sicut
1092 1711 1153 1757 sant
1177 1703 1327 1768 Bonosiaci,
1354 1707 1381 1758 et
1404 1703 1602 1773 Cataphrygar,

84 1792 209 1846 acharias
223 1807 292 1861 papa
307 1791 442 1846 bonifacio
457 1792 589 1862 Episcopo
606 1808 612 1846 :
632 1814 642 1837 ι
660 1793 745 1847 Detu-
759 1817 785 1877 Β
801 1806 862 1846 cum
888 1792 922 1847 ad
946 1801 1067 1847 sanctam
1100 1793 1248 1849 Ecclesiam
1272 1792 1383 1847 veniunt
1401 1792 1594 1863 baptizentar;

82 1880 143 1932 antii
171 1881 221 1942 tui,
239 1880 310 1950 qarod
336 1879 414 1934 luerit
436 1881 462 1934 in
488 1881 581 1935 eadem
606 1882 743 1950 provincia
800 1881 862 1950 quia
876 1880 1010 1951 baptisma
1025 1897 1080 1936 non
1097 1881 1152 1947 luit,
1169 1882 1240 1953 quod
1252 1881 1277 1935 in
1293 1897 1386 1936 errore
1396 1881 1476 1951 positi
1492 1880 1519 1933 in
1534 1895 1596 1934 san·

82 1969 145 2041 ,qai
163 1970 286 2023 Latinam
304 1970 424 2039 linguam
454 1970 561 2040 penitus
578 1969 741 2040 ignorabat:
798 1978 847 2024 ctae
862 1970 999 2023 Trinitatis
1013 1970 1123 2025 nornine
1136 1986 1189 2024 non
1209 1976 1399 2040 perceperant.
1424 1970 1481 2023 Nec
1504 1974 1594 2037 potest

84 2059 221 2127 aptizaret,
239 2058 364 2113 nesciens
390 2058 481 2112 Latine
506 2059 606 2127 eloqui,
621 2058 742 2129 linguam
798 2057 887 2127 ipsum
913 2058 1046 2129 baratisma
1069 2059 1135 2113 dicit
1156 2060 1292 2124 iteratum,
1309 2058 1381 2129 quod
1404 2057 1430 2111 in
1454 2056 1593 2110 Trinitatis

85 2147 208 2201 alliserit
225 2165 231 2200 :
251 2147 358 2216 baptizo
380 2155 405 2202 te
430 2148 456 2201 iu
477 2147 588 2201 nomine
610 2147 697 2201 Patria
718 2155 744 2201 et
798 2146 908 2201 nomiae
928 2162 983 2202 non
1004 2156 1060 2202 erat
1083 2147 1213 2201 claranus
1236 2145 1312 2202 Unde
1327 2145 1592 2201 etiamtunocentins

82 2236 187 2306 ipiritaa
210 2243 322 2296 sanct··;
340 2245 365 2289 et
382 2253 429 2306 per
450 2237 501 2290 hoc
526 2244 570 2289 tua
594 2236 745 2290 reverenda
799 2251 867 2306 papa
882 2236 1000 2305 capitulo
1015 2234 1527 2307 quinquagesimo,cumaPaulianistis
1541 2250 1589 2288 ve·

82 2342 102 2379 ls
122 2324 313 2381 consideravit
333 2326 514 2394 rebaptizare.
540 2325 602 2385 Sed,
626 2325 744 2379 sanctis·
799 2322 906 2378 aientes
920 2323 1078 2394 rebaptizari
1092 2322 1475 2394 juberet,causamsubdidit:
1493 2344 1504 2371 a
1522 2322 1594 2391 eria

82 2429 121 2477 er,
137 2414 157 2466 si
174 2414 219 2468 ille
235 2414 279 2483 qui
297 2414 442 2484 baptizavit
457 2429 510 2467 non
526 2429 644 2468 errorem
660 2414 742 2467 inda·
798 2412 981 2479 Paulianistae,
994 2411 1126 2483 inquit,in
1147 2412 1257 2468 nominc
1272 2411 1361 2467 Patris
1375 2417 1402 2465 et
1418 2410 1478 2465 Filii
1494 2418 1520 2466 et
1534 2411 1594 2479 Sp?-

87 2503 277 2567 carosiana
298 2519 345 2572 pro
361 2503 419 2555 sola
441 2502 592 2574 ignorantia
616 2503 744 2557 llomanre
798 2501 865 2555 ritas
879 2502 967 2557 sanati
990 2501 1101 2555 minimo
1123 2502 1274 2572 baptizant.
1294 2501 1346 2556 Sed
1364 2500 1518 2570 opponitur,
1532 2498 1594 2571 qaia

82 2608 95 2646 s
110 2591 285 2662 infringendo
301 2591 434 2661 liugnam,
451 2599 477 2644 ut
492 2607 571 2662 supra
584 2591 628 2644 lati
640 2607 742 2656 sumus,
799 2589 821 2643 si
836 2590 970 2661 baptisma
985 2591 1035 2645 llei
1055 2591 1168 2646 nominc
1182 2591 1238 2644 siue
1253 2589 1390 2644 Trinitatis
1406 2590 1515 2643 nomine
1529 2604 1606 2649 con<

82 2679 176 2746 tdixit,
193 2695 245 2734 non
262 2695 412 2748 possumus
432 2680 588 2735 consentire
613 2687 641 2733 ut
655 2677 744 2734 denuo
799 2686 933 2733 sacratum
950 2678 1053 2734 irritam
1065 2679 1211 2748 judicatur,
1228 2693 1296 2750 ergo
1321 2678 1406 2732 divini
1422 2676 1539 2734 nominis
1555 2677 1594 2731 in·

82 2777 182 2823 ntur.»
799 2773 904 2823 voratio
922 2769 1075 2836 annulatur,
1092 2775 1118 2822 ct
1140 2767 1212 2838 quod
1235 2766 1326 2821 maltis
1349 2767 1452 2822 sanctis
1476 2764 1594 2822 auctori·

81 2859 223 2929 agustinus
238 2857 400 2926 baptizatos,
416 2857 543 2926 precihus
554 2863 647 2910 contra
662 2854 743 2909 fidem
798 2857 898 2911 tatibus
913 2865 953 2911 est
968 2857 1140 2926 prohibitam,
1156 2871 1302 2926 pravorum
1318 2856 1419 2909 malitia
1433 2870 1594 2911 sacramen-

82 2948 104 3001 ia
119 2946 207 3016 preris
220 2946 311 2999 ailiam
329 2962 369 3013 ειη
380 2954 441 2999 erat
466 2945 602 3014 precantis
617 2942 740 3009 affectus,
798 2953 852 2999 tam
869 2945 966 3000 Christi
982 2945 1108 3000 violatur.
1125 2945 1178 3000 Sed
1193 2951 1303 3000 econtra
1317 2944 1458 2999 sciendum
1469 2953 1517 3005 est,
1529 2943 1595 3014 qaia

82 3050 109 3087 ro
131 3035 192 3088 sinit
217 3034 364 3103 baptizari,
388 3034 543 3092 Zacharias,
566 3031 631 3103 ipsis
653 3032 742 3086 verbis
798 3050 851 3088 aon
867 3042 906 3088 est
920 3039 1121 3088 sacramentum
1137 3034 1245 3097 Christi,
1262 3033 1335 3103 quod
1358 3034 1386 3085 ia
1401 3048 1497 3087 errore
1512 3032 1603 3101 positi¹

84 3123 239 3192 inconibus
256 3122 392 3192 baptisma
417 3139 470 3176 non
490 3130 579 3191 polest
598 3121 650 3174 rite
672 3121 740 3185 lieri,
797 3130 890 3177 contra
915 3122 1112 3176 institutionem
1136 3122 1234 3176 Christi
1260 3120 1372 3183 faciant,
1390 3136 1440 3176 nec
1467 3126 1507 3174 cst
1530 3135 1595 3174 vera

82 3211 165 3265 rizans
188 3212 306 3265 lamresin
331 3226 385 3264 non
400 3210 554 3274 inducebat,
568 3208 744 3278 prohibetae·
798 3210 881 3264 diuini
902 3209 1018 3263 nominis
1033 3209 1176 3277 invocatio,
1194 3210 1256 3280 (paria
1280 3216 1379 3264 contra
1400 3207 1498 3262 Christi
1519 3224 1593 3277 praa·

91 3318 97 3354 2
114 3299 212 3370 quihus
223 3307 312 3352 tamen
323 3300 344 3351 si
358 3297 469 3354 lareresis
481 3298 669 3361 inrluceretur,
681 3313 744 3367 pro·
797 3306 904 3369 ceptam
921 3298 1083 3353 Christianae
1104 3298 1166 3352 hdei
1188 3297 1353 3368 periclitatur
1372 3296 1502 3366 perfectio
1520 3315 1525 3349 :
1543 3311 1593 3351 nec

82 3389 252 3457 aptizandam
281 3388 384 3449 luisset,
401 3388 464 3456 qrria
486 3386 623 3439 Trinitatis
643 3402 742 3440 nomen
796 3388 885 3456 ipsum
903 3402 1000 3441 nomen
1016 3386 1123 3440 Donrini
1140 3385 1182 3440 vel
1198 3385 1246 3439 Dei
1263 3402 1357 3441 rerum
1373 3383 1504 3454 estquod
1514 3382 1593 3454 perfr-

95 3476 230 3547 prolatnm
247 3476 351 3528 luisset.
370 3475 447 3531 t'ude
462 3474 540 3526 etiam
561 3490 633 3543 ιιιιιι,
651 3481 679 3526 at
693 3490 741 3526 su·
796 3475 842 3530 dia
865 3475 1026 3545 proterentis
1052 3475 1242 3541 adulteratam,
1260 3474 1344 3529 verbo
1372 3481 1452 3529 tenus
1479 3472 1590 3544 atridem

83 3581 108 3618 m
124 3574 174 3631 cst,
191 3563 323 3618 Nicolaus
338 3580 408 3632 papa
422 3564 455 3617 all
471 3562 592 3617 consalta
609 3561 741 3629 llalgaro-
798 3565 882 3618 Deum
904 3571 990 3629 sonat,
1010 3563 1059 3618 scd
1081 3563 1228 3618 secandum
1250 3561 1365 3617 haeresin
1391 3561 1465 3616 aliud
1487 3568 1587 3615 sonat:

81 3655 155 3709 tizari
180 3655 206 3706 in
231 3654 338 3707 aoranae
361 3652 502 3705 Trinitatis
521 3651 563 3704 rel
582 3659 685 3703 tantum
711 3650 741 3704 in
796 3654 860 3708 rluan
876 3653 980 3708 scilicet
994 3652 1020 3706 in
1036 3653 1093 3707 Deo
1107 3652 1147 3706 rel
1160 3650 1287 3718 Darrriuo,
1304 3650 1384 3705 tidem
1399 3649 1537 3704 Trinitatis
1548 3665 1590 3705 rc·

82 3743 177 3805 {bristi
190 3759 274 3796 ararim
289 3740 425 3810 idemque,
443 3748 509 3795 teste
524 3739 603 3797 etiarn
621 3740 740 3793 dmhro-
795 3741 902 3811 lugiens
917 3741 1065 3804 laureacus,
1078 3739 1166 3808 ipsum
1196 3753 1295 3792 nomen
1316 3737 1494 3809 singularitati
1509 3735 1589 3791 anius

82 3836 124 3899 rat,
149 3839 261 3887 econtra
284 3828 411 3901 Pelagius
434 3844 513 3898 papa,
540 3827 601 3898 qaia
618 3842 666 3896 pcr
689 3829 740 3881 hoc
794 3845 919 3899 personat
933 3833 1038 3883 tantum
1054 3827 1189 3899 astringit,
1207 3827 1249 3881 rol
1264 3826 1413 3882 secundum
1429 3826 1501 3898 quod
1513 3826 1587 3879 varia

86 3921 165 3975 nduci
181 3920 257 3985 vidit,
274 3920 300 3972 id
317 3918 372 3972 heri
388 3926 468 3980 vetat,
480 3917 573 3971 dicens
588 3915 739 3971 Gaudentio
792 3919 901 3983 haeresi,
919 3919 1003 3973 Deum
1018 3917 1069 3971 sibi
1086 3918 1260 3987 praepingere
1272 3915 1419 3985 praesumit.
1437 3915 1588 3985 Sicatcrgo

90 4027 96 4062 ε
116 4032 126 4056 a
143 4009 216 4063 ltulti
239 4016 302 4061 sarit
318 4008 365 4078 qrri
389 4007 414 4061 in
440 4007 549 4061 nomine.
568 4004 738 4059 solummodo
793 4007 878 4061 sancti
894 4021 940 4061 eos
954 4006 980 4061 in
996 4006 1105 4060 nomine
1125 4005 1272 4061 saluatoris
1286 4007 1379 4075 pictore
1401 4018 1457 4058 non
1485 4001 1587 4075 praedi·

83 4112 118 4152 na
134 4097 212 4152 etiam
238 4097 373 4152 mersione
398 4112 426 4150 so
450 4103 576 4149 asserant
593 4093 737 4162 baptizari.
792 4104 861 4165 caat,
879 4097 925 4167 qai
940 4103 1037 4151 contra
1051 4096 1165 4150 sulutem
1179 4102 1282 4165 petant,
1299 4093 1337 4148 sic
1358 4092 1396 4146 illi
1412 4109 1510 4148 nomen
1534 4093 1587 4146 Do-

82 4202 137 4241 ιιιιιι
152 4202 219 4241 aero
235 4194 401 4255 praeceptam
417 4185 475 4254 ipso
497 4183 615 4239 Domino
640 4183 697 4237 Deo
712 4188 738 4237 et
791 4185 859 4240 ruini
875 4200 928 4239 non
943 4185 1084 4247 invocant,
1094 4184 1243 4254 quicontra
1253 4181 1334 4237 ladem
1347 4188 1448 4236 mutato
1456 4179 1586 4236 Ecclesiae

82 4293 87 4329 t
103 4282 195 4329 nostro
215 4274 277 4328 Jesu
295 4273 405 4327 Christo
420 4272 561 4338 tradente,
578 4285 627 4326 nos
643 4271 737 4326 admo·
791 4274 844 4329 rita
858 4276 909 4329 hoc
924 4272 1034 4329 iaciunt.
1052 4292 1063 4322 ι
1080 4272 1145 4333 Cam
1160 4286 1225 4343 ergo
1235 4272 1318 4326 rerba
1332 4269 1514 4327 ecclesiastica
1525 4284 1586 4321 rna·

82 4362 186 4419 nomino
220 4361 365 4428 Trinitatis,
388 4361 458 4415 trina
491 4361 570 4416 etiam
602 4359 737 4415 mersione
791 4370 889 4425 tantur,
912 4369 939 4417 et
961 4377 1038 4416 error
1059 4360 1104 4416 vel
1122 4361 1235 4415 haeresis
1259 4359 1444 4427 introducitur,
1460 4357 1506 4412 uhi
1535 4370 1586 4410 aec

86 4452 216 4523 baptisma
239 4451 384 4522 unicuique
406 4451 535 4515 tribuere,
550 4448 656 4503 dicente
677 4449 735 4502 Do·
792 4451 858 4506 lides
870 4458 918 4520 cst,
935 4467 985 4506 nec
996 4448 1058 4505 hdei
1073 4449 1165 4515 verba,
1176 4448 1312 4520 quomodo
1327 4445 1586 4503 credendaastsab·

84 4547 124 4596 tro
138 4542 201 4595 lesu
217 4542 326 4595 Christo
337 4538 476 4609 discipulis
487 4538 542 4592 suis
561 4556 566 4591 :
584 4523 887 4607 traaapri-Dstsare
910 4539 1010 4594 veritas
1037 4537 1221 4593 sacramenti?
1249 4536 1324 4592 Unde
1352 4534 1518 4606 Augustinus
1551 4532 1584 4587 ad

82 4629 395 4698 aespcnteainnomtue
408 4626 737 4697 PatrisetfillietSptri-
792 4628 940 4684 Emeritam
957 4628 987 4696 (t.
1006 4627 1039 4690 ll,
1052 4625 1104 4679 col.
1119 4625 1181 4691 21⁶2)
1199 4641 1206 4679 ε
1232 4647 1243 4671 ι
1262 4624 1440 4678 Sacramenta
1457 4637 1517 4693 qua*¹
1532 4637 1586 4675 non

84 4717 326 4779 illicitamenta,
338 4718 392 4783 '¹9l·
405 4715 432 4770 Si
452 4731 547 4769 revera
567 4715 600 4768 de
616 4714 738 4783 praelatis
792 4716 927 4784 mutastis,
944 4715 1014 4771 sicut
1036 4714 1140 4769 habetis
1165 4711 1351 4782 approbantur
1366 4726 1382 4765 a
1396 4710 1487 4764 nobis.
1509 4734 1521 4758 a
1552 4711 1588 4764 Et

90 4805 135 4876 qrri
151 4806 178 4859 in
194 4805 261 4859 loeis
277 4812 329 4860 taae
344 4804 452 4858 ditionis
467 4803 562 4856 ricinis
576 4801 739 4857 commorari
792 4805 950 4875 paulopost
967 4822 973 4857 :
1002 4827 1012 4849 a
1031 4802 1082 4857 llla
1097 4818 1157 4873 quac
1170 4799 1338 4856 schismatici
1355 4807 1380 4853 et
1395 4798 1516 4853 haeretici
1531 4814 1587 4854 non

92 4893 264 4948 solummodo
283 4894 308 4947 in
334 4893 443 4947 nominc
465 4890 563 4945 t'lhristi
589 4891 739 4961 baptizatos
792 4896 870 4948 alitur
886 4893 995 4959 habent,
1013 4907 1064 4947 nec
1079 4890 1159 4945 aliter
1174 4898 1258 4961 agerat
1272 4905 1352 4959 quam
1368 4904 1431 4943 uera
1453 4886 1586 4955 Ecclesia,

82 4981 582 5051 sirauconfiteatur,sineaujusqnna
595 4978 739 5035 dubietatis
792 5000 852 5038 cam
868 4983 902 5035 acl
916 4998 967 5036 nos
982 4981 1092 5036 veniant
1110 4996 1163 5034 non
1185 4979 1372 5040 emendamus,
1388 4976 1433 5032 sed
1450 4976 1587 5045 approba-

85 5087 133 5125 eos
148 5072 181 5124 ad
198 5071 360 5126 catholicam
379 5070 456 5122 tidem
478 5068 617 5122 venientes
630 5069 657 5121 in
672 5083 738 5120 san·
793 5088 863 5126 mus.
883 5096 894 5118 a
921 5072 986 5125 ltem
1008 5070 1079 5124 idem
1102 5069 1137 5123 ad
1165 5067 1441 5134 l'incenliumiepist.
1458 5067 1501 5127 at,
1519 5064 1601 5131 1.11,Ι

81 5161 142 5214 tatis
156 5160 265 5215 nomine
282 5159 439 5228 baptizabis.
459 5183 469 5206 ι»
488 5157 565 5225 Quod
588 5157 649 5210 idco
674 5155 739 5209 dicit
794 5160 844 5216 col.
861 5161 944 5223 titt:
962 5182 973 5205 ν
992 5160 1032 5213 Ea
1048 5155 1316 5212 catholicalicclesia
1331 5153 1588 5209 saratomniasacra-

82 5246 141 5300 silan
165 5247 209 5301 isti
239 5247 356 5301 lraetrlici
384 5255 412 5298 ut
440 5244 612 5298 l’naliaaistm
640 5257 738 5295 nomen
794 5257 881 5303 menta
899 5248 1048 5312 llominica,
1064 5261 1124 5315 aaa
1139 5245 1179 5300 sic
1192 5244 1297 5298 habetis
1320 5243 1431 5298 otdatis
1452 5239 1588 5311 truomodo

91 5336 254 5389 refutabant·
273 5336 305 5388 Et
326 5335 387 5388 ideo
418 5333 444 5386 iu
470 5334 579 5386 nomine
601 5329 740 5384 Trinitatis
793 5338 962 5393 habebuntur
977 5344 1004 5389 et
1019 5335 1155 5390 dabantur
1170 5335 1325 5405 priusquam
1342 5331 1404 5385 indo
1428 5329 1553 5385 exiretis.
1575 5349 1586 5379 ι

82 5423 163 5478 'Uzali
177 5424 315 5497 Plaessettlh
331 5440 364 5477 ¹¹⁰
380 5423 406 5475 in
421 5423 538 5477 Domine
551 5418 739 5490 Dssffllttisltfflssi
829 5429 858 5480 ln
874 5441 927 5498 quo
942 5425 1090 5480 notandam
1107 5431 1148 5479 est
1163 5423 1236 5496 qaia,
1255 5422 1277 5476 si
1292 5420 1480 5477 haereticoram
1495 5433 1589 5473 sacra-

82 5652 121 5709 ιιι
134 5656 223 5709 certa.
