3728 6000
148 288 201 343 855
640 285 672 339 D.
695 281 824 338 htouht
844 279 1074 338 scholastici
1092 278 1313 336 laoniensis.
1746 281 1799 334 858

148 413 248 468 Postea
274 408 404 466 sacrandos
432 413 528 466 noster
554 408 655 465 salutat
682 409 811 481 populum
838 405 1130 478 sublimiAcniatam,
1164 406 1227 480 qaia
1255 405 1516 479 incorruptibilitatis
1541 405 1659 482 gloriam
1687 406 1803 480 largitur

149 516 218 556 voce
233 515 240 569 ;
256 516 364 554 sursum
378 499 463 555 corda
473 498 580 571 erigere
595 506 618 554 et
628 497 731 571 gratias
740 512 822 569 agere
832 496 949 553 Domino
1001 496 1093 567 justis.
1122 496 1191 554 Orat
1211 497 1341 553 sacerdos
1382 500 1522 567 acceptum
1551 496 1610 553 lieri
1637 495 1803 554 sacrificium

151 588 319 654 exhortatur,
334 587 489 658 exprimens
505 587 569 642 iilud
593 587 665 658 qnod
694 591 837 642 revertens
852 585 948 640 Domi-

152 693 204 734 nus
215 677 249 733 ιι
261 676 410 748 discipulos
418 676 470 731 ait:
485 677 600 747 i'ipilntc
611 680 639 731 ct
648 681 736 740 orate,
747 679 780 730 ut
790 691 847 731 non
855 675 950 729 intre-

155 767 192 822 tir
203 765 234 821 in
251 767 440 822 tentationem
450 766 560 835 (ituttb.
571 768 656 831 xxvi).
667 763 842 833 Sequituriiie
852 761 951 817 caeles·

154 855 190 911 lis
206 856 340 926 hymnus:
364 854 495 917 Sanctus,
514 853 647 920 Sanctus,
668 855 799 918 Sanctus,
818 854 951 909 Dominus

156 942 229 1000 Deus
246 942 378 1008 Sabaoth,
395 959 475 1013 quem
491 942 518 996 in
533 943 624 996 Veteri
640 943 811 996 Testamenta
827 940 953 996 animalia

155 1031 288 1088 cecinisse
302 1031 438 1085 dicuntur.
455 1032 484 1085 ln
506 1045 559 1100 quo
575 1031 725 1085 ostenditur
742 1031 769 1084 in
784 1031 850 1084 hora
867 1028 953 1084 sacri·

156 1118 208 1175 ficii
224 1119 334 1190 spiritus
349 1120 445 1174 adesse
467 1119 616 1191 angelicos,
640 1119 755 1175 debitam
771 1119 952 1174 reverentiam

156 1207 255 1264 divinis
271 1207 406 1279 mysteriis
421 1208 593 1264 exhibentes.

193 1297 400 1368 Consequenter
424 1296 517 1368 incipit
531 1296 661 1353 sacerdos
689 1305 782 1352 noster
798 1298 831 1352 ie
854 1298 952 1367 iqitnr,

158 1393 185 1442 et
200 1386 277 1458 quusi
292 1385 446 1459 ingrediens
460 1387 559 1442 Sancta
576 1394 742 1449 sanctorum,
765 1387 852 1456 primo
866 1401 953 1458 gene-

157 1475 242 1530 ralem
258 1490 306 1545 pro
322 1482 377 1530 tota
391 1473 514 1530 Ecclesia
530 1489 639 1546 precem
657 1472 778 1541 etinndit,
794 1475 954 1546 imprimens

158 1563 271 1636 signnm
287 1564 384 1628 crucis,
401 1571 428 1619 et
442 1562 607 1618 oblationem
621 1562 694 1617 iliam
711 1563 806 1619 Christi
822 1563 954 1634 sanguine

159 1652 341 1724 superfundit,
358 1651 403 1723 qui
420 1650 525 1722 quotics
538 1651 642 1706 coelesti
666 1650 800 1707 sacrificio
825 1650 954 1705 similitu·

1004 585 1075 641 sicut
1091 601 1186 641 munus
1201 584 1279 653 Abel,
1309 584 1390 655 cujus
1419 584 1572 642 innocentia
1597 585 1695 643 Christi
1720 586 1802 641 inno·

1004 674 1120 730 centiam
1135 682 1161 730 ct
1176 675 1258 729 vitam
1273 674 1419 746 designem
1447 674 1516 730 sicut
1529 672 1687 731 sacnficium
1708 675 1802 729 Abra-

1005 763 1057 828 ha,
1074 764 1146 834 quod
1161 763 1329 819 sanctitatem
1344 763 1494 819 Dominicae
1509 763 1645 835 passionis
1659 764 1779 819 insinuat
1795 782 1802 826 ;

1006 851 1203 908 sicuthostiam
1232 852 1443 918 Melchisedech,
1469 867 1528 923 quar
1551 852 1577 906 in
1606 869 1676 924 pane
1695 861 1722 909 et
1741 854 1804 908 rino

1007 940 1191 1012 quotidianum
1207 941 1335 996 Ecclesia
1363 939 1523 996 sacrificium
1550 939 1713 1013 praefigurat.
1732 941 1805 1011 Snp-
1836 974 1839 978 ›

1006 1030 1070 1102 plex
1084 1029 1187 1085 interea
1201 1030 1344 1102 presbyter
1358 1037 1418 1085 orat
1432 1030 1589 1096 Dominum,
1606 1037 1635 1084 ιι
1645 1029 1805 1100 baecjnbcat

1007 1119 1120 1192 perferri
1135 1134 1184 1189 per
1199 1134 1295 1174 manus
1309 1119 1393 1172 sancti
1415 1117 1505 1190 angeli
1521 1119 1548 1173 in
1576 1118 1694 1173 sublime
1719 1118 1807 1173 altare

1008 1224 1094 1275 suuni,
1110 1215 1139 1261 nt
1153 1207 1185 1261 sit
1200 1207 1312 1262 evidens
1325 1207 1351 1261 in
1365 1207 1412 1261 iiia
1424 1208 1491 1261 hora
1501 1214 1714 1273 sacramentum,
1730 1208 1806 1262 iiinrn

1008 1312 1108 1368 panem
1124 1295 1195 1350 uniri
1208 1296 1347 1351 Dominico
1363 1295 1480 1366 corpori,
1496 1302 1523 1351 et
1537 1295 1625 1351 eidem
1640 1296 1720 1351 unius
1734 1311 1809 1351 com-

1008 1384 1304 1440 nurnioncsubstantiae
1318 1384 1450 1455 coaptari.
1479 1382 1619 1440 Osculatur
1647 1385 1728 1440 etiam
1744 1392 1810 1440 tunc

1008 1474 1106 1538 altare,
1122 1483 1151 1527 ιι
1165 1473 1289 1528 ostendat
1303 1473 1425 1543 ejusdem
1435 1473 1596 1528 sacramenti
1612 1473 1683 1528 veile
1698 1473 1810 1545 sc[par.

1008 1561 1191 1635 tieipemltierl
1206 1580 1211 1625 ;
1224 1562 1339 1634 etsigno
1353 1562 1438 1617 crucis
1462 1561 1635 1624 semuniens,
1647 1562 1682 1616 ad
1697 1579 1812 1633 percep-

1010 1652 1110 1707 tionem
1128 1651 1247 1720 mysterii
1260 1651 1589 1721 praeparatsemetipsum.
1611 1651 1810 1722 Rogntprode·

160 1739 251 1797 dinem
263 1740 352 1797 crucis
368 1741 488 1811 apponit,
506 1740 585 1794 toties
610 1740 778 1811 propositam
790 1739 953 1795 oblationem
971 1765 998 1825 B
1013 1740 1121 1805 iunctis,
1133 1738 1316 1794 deindeetiam
1324 1755 1372 1808 prro
1381 1755 1411 1795 so
1422 1739 1517 1811 ipso,ot
1526 1739 1551 1793 in
1564 1739 1617 1794 fine
1628 1740 1811 1795 nominasen-

161 1829 259 1885 Christi
291 1829 423 1901 sanguine
457 1830 673 1901 superaspergit,
712 1830 796 1885 Vocat
834 1844 868 1882 ea
897 1844 956 1900 quoe
1012 1827 1810 1898 ctornmintorserens,quasiaiterharonuominaduode·

161 1915 318 1981 atteruntur,
330 1917 419 1988 primo
432 1917 513 1981 dona,
530 1918 592 1987 quia
608 1932 623 1971 a
640 1918 718 1972 Patra
746 1917 879 1972 luminum
892 1918 955 1971 dan·
1012 1920 1064 1976 eim
1080 1917 1292 1989 patriarcharum
1307 1917 1439 1988 insculpta
1449 1933 1498 1973 suo
1508 1917 1610 1988 pectori
1621 1926 1810 1987 repraesentat.

159 2014 204 2063 tur
218 2006 316 2074 nobis;
345 2009 464 2062 secundo
480 2021 602 2070 munera,
624 2006 696 2078 qnod
711 2006 813 2061 eisdem
830 2023 959 2061 munera·
1048 2007 1188 2076 Sequitur:
1203 2009 1255 2061 Per
1264 2022 1345 2079 quem
1358 2006 1416 2061 haro
1431 2008 1538 2070 omnin,
1557 2007 1684 2071 Donrinc,
1699 2023 1812 2077 semper

159 2103 394 2157 musoratorem;
424 2096 500 2150 tertio
529 2093 667 2162 sacrificia,
698 2097 826 2165 quoniam
851 2095 959 2166 perillo
1012 2095 1811 2166 bonncrenr,deponecarnissubstantiamproierendo;

160 2192 187 2240 et
200 2183 366 2239 abluimnra
391 2184 518 2255 peccatis,
535 2192 561 2239 et
581 2184 745 2240 reconciliati
762 2199 855 2253 pacem
871 2183 957 2238 habe·
1011 2185 1169 2254 santificas,
1194 2183 1327 2254 spirituaii
1339 2184 1463 2237 virtutum
1486 2184 1651 2239 abnndantia
1666 2185 1811 2240 cumulan-

159 2289 221 2330 mua
236 2273 270 2329 ad
287 2274 384 2328 Deum.
415 2272 540 2328 Secunda
567 2272 593 2326 in
619 2287 722 2328 canone
749 2272 833 2327 oratio
857 2271 886 2326 ht
910 2288 958 2343 pro
1011 2275 1070 2336 do;
1096 2273 1245 2338 benedicis,
1272 2272 1419 2345 gratiarnm
1434 2273 1556 2327 omnium
1584 2270 1738 2328 efficaciam
1754 2272 1811 2327 iar-

159 2360 451 2431 iliis,quivelpanem
482 2360 515 2414 ad
542 2358 704 2415 sacrificium
733 2361 898 2429 obtulerunt,
915 2361 957 2415 vei
1012 2363 1124 2435 giendo.
1142 2362 1346 2431 Consequenter
1361 2367 1469 2416 amovet
1483 2361 1636 2431 corporale,
1665 2369 1689 2415 et
1706 2377 1740 2417 eu
1751 2361 1812 2432 ipso

163 2450 248 2505 sacris
263 2449 402 2520 mysteriis
418 2448 595 2504 circunstant.
626 2449 714 2503 Tertia
740 2450 860 2504 oratione
875 2464 958 2503 sanc·
1012 2459 1118 2506 sacrato
1134 2466 1204 2521 pane
1222 2465 1337 2505 crucem
1355 2449 1459 2506 iaciens
1475 2466 1557 2519 super
1570 2450 1695 2517 calicem,
1711 2449 1814 2506 Christi

160 2545 249 2593 torum
264 2535 391 2609 suflragia
406 2537 519 2607 supplex
542 2537 679 2608 implorat,
695 2544 721 2591 ιι
732 2537 807 2610 quasi
823 2537 959 2593 carbones
1012 2537 1215 2596 crucifixionem
1238 2537 1377 2592 ostendit:
1393 2538 1546 2610 iterumque
1573 2537 1714 2611 deponens
1728 2539 1756 2594 in
1770 2540 1812 2594 ai·

160 2625 233 2698 ignis
255 2626 377 2681 inserens
402 2625 477 2690 iuxta
505 2624 606 2697 legem,
637 2625 775 2681 incensum
805 2626 958 2683 affectuosae
1013 2635 1069 2682 tare
1084 2635 1110 2681 ιι
1124 2624 1257 2697 corporati
1272 2626 1407 2696 operiens,
1425 2625 1577 2682 triduanam
1601 2627 1732 2682 assimilat
1759 2629 1814 2684 Do·

160 2715 293 2772 orationis
309 2713 431 2778 imponit,
449 2720 475 2768 nt
490 2729 567 2768 morc
591 2713 708 2769 celestis
734 2714 871 2786 pontificis
899 2731 959 2786 pro·
1012 2716 1077 2771 mini
1094 2713 1271 2786 sepulturam.
1293 2715 1342 2772 i'bi
1359 2716 1439 2770 otiam
1459 2716 1525 2770 dicit
1552 2717 1652 2788 patrari
1668 2717 1814 2773 nobishoc

159 2803 275 2877 positam
292 2802 408 2858 hostiam
432 2803 531 2858 nebula
559 2803 778 2873 compunctionis
804 2805 957 2860 obumbret.
1012 2805 1120 2859 uirtutis
1135 2812 1332 2859 sacramentum
1346 2821 1398 2877 per
1420 2805 1523 2876 ipsum,
1546 2805 1591 2877 qui
1615 2805 1660 2860 ciat
1684 2806 1814 2861 omnibus

160 2892 267 2963 Quarto
282 2891 342 2947 loco
359 2898 439 2965 rogat
466 2891 593 2946 sacerdos
609 2890 667 2946 heri
697 2892 858 2947 oblationem
882 2892 957 2947 iilam
1012 2893 1160 2949 attinentur
1174 2900 1200 2946 et
1215 2909 1267 2947 non
1284 2892 1445 2963 improperat
1460 2911 1466 2956 ;
1482 2897 1509 2949 et
1523 2910 1587 2950 carn
1606 2896 1673 2966 ipso,
1687 2893 1815 2967 quiregii

159 2981 251 3053 primo
266 2979 449 3047 benedictam,
463 2989 490 3035 ut
505 2996 553 3050 per
567 2996 625 3034 cnm
642 2979 805 3052 impleamur
818 2982 892 3035 omni
908 2982 959 3036 be·
1014 2990 1040 3037 et
1055 2981 1174 3053 disponit
1189 2982 1315 3037 uniuersa
1333 3000 1338 3046 ;
1356 2988 1387 3038 in
1403 2984 1471 3055 ipso,
1495 2982 1521 3036 in
1538 2999 1590 3053 quo
1606 2984 1734 3049 ririmus,
1753 3001 1815 3038 rno-

160 3068 758 3141 uedictionecoeiesti;secundoascriptam,
780 3070 959 3139 utojnseiti-
1015 3087 1110 3125 remur
1137 3076 1164 3124 et
1191 3087 1294 3125 snmus.
1327 3071 1453 3142 Sequitur
1485 3071 1626 3126 Dominica
1655 3073 1742 3127 oratio
1768 3073 1815 3130 sed

163 3159 241 3216 cacia
256 3158 325 3213 libro
340 3158 487 3212 viventium
504 3157 675 3212 ascribamur
691 3175 697 3220 ;
727 3158 807 3213 tertio
821 3166 915 3224 ratam,
933 3166 961 3213 ut
975 3117 1000 3182 C
1016 3160 1102 3215 libera
1118 3175 1183 3225 nor‚·
1199 3158 1226 3213 in
1240 3160 1316 3226 cnjus
1328 3159 1382 3214 lina
1394 3159 1522 3215 sacerdos
1530 3160 1701 3215 Dominicunr
1714 3177 1813 3232 panem

161 3263 213 3320 per
228 3248 288 3317 ejus
304 3245 429 3302 effectum
445 3245 556 3302 radicati
571 3246 614 3300 vei
631 3245 732 3301 fundati
749 3245 961 3315 infide,acha-
1016 3246 1224 3302 tiiuiditintres
1247 3255 1351 3318 partas,
1382 3248 1626 3320 quarumprimam
1655 3248 1764 3320 deponit
1788 3249 1816 3304 in

164 3336 243 3393 ritule
258 3335 307 3391 liei
322 3335 477 3390 nuliatenus
499 3335 659 3402 avellamur,
1016 3336 1140 3403 eniiccm,
1159 3335 1275 3391 mediam
1296 3343 1386 3391 servat
1400 3336 1461 3400 sibi,
1478 3335 1556 3392 offert
1582 3340 1816 3394 communicandis

98 3436 109 3465 '-
200 3425 334 3481 liecenset
353 3423 453 3479 deinde
469 3423 695 3493 [rapinaeque
710 3424 832 3480 Christus
846 3425 873 3479 in
888 3442 964 3481 omna
1018 3432 1178 3479 extremam.
1195 3424 1302 3480 Fractio
1327 3424 1406 3495 panis
1420 3424 1521 3480 Christi
1537 3426 1688 3497 passionem
1705 3428 1816 3500 signiti-

166 3515 265 3570 dixisse
279 3515 372 3579 fertur,
390 3529 504 3585 quorum
528 3514 630 3567 virtute
645 3521 670 3567 et
686 3513 773 3585 gratia
789 3531 884 3584 panem
901 3531 964 3570 con·
1018 3522 1070 3582 ent,
1085 3512 1111 3566 in
1131 3530 1182 3584 qua
1200 3513 1329 3584 tempium
1353 3513 1479 3584 corporis
1505 3515 1565 3584 ejus
1590 3515 1757 3570 contractum
1775 3525 1817 3572 est

166 3603 412 3668 vertiincarnent,
428 3603 561 3658 etrinum
576 3602 964 3673 mutariinsanguinemluies
1019 3609 1044 3656 ei
1060 3601 1175 3656 solutum
1193 3602 1264 3672 quod
1291 3602 1374 3657 tribus
1395 3602 1491 3657 diebus
1512 3602 1605 3658 diuina
1627 3605 1745 3674 potentia
1767 3622 1817 3660 su-

168 3690 462 3748 outholioaconlrtctur.
479 3691 676 3760 erareautem
705 3690 887 3746 diciturcalix
904 3708 966 3746 san·
1020 3691 1134 3746 scitarlt.
1153 3690 1227 3745 Calin
1251 3690 1377 3763 designat
1404 3691 1561 3762 sepulcrum
1585 3692 1771 3759 Dominicnm,
1790 3695 1817 3748 ιι

169 3780 336 3853 guinisnovi
353 3788 451 3835 essaei
467 3780 558 3833 reterni
588 3779 770 3834 testamenti?
793 3780 965 3851 ideoutiqua
1020 3779 1404 3851 quoCirrisiusdevoratusa
1432 3788 1517 3836 morte
1533 3781 1601 3836 sicut
1615 3782 1695 3838 Jonas
1709 3784 1735 3837 in
1754 3801 1819 3839 ιιι·

171 3868 277 3933 dicitur,
294 3868 356 3937 quia
370 3883 421 3936 per
435 3867 516 3922 sidem
539 3868 678 3939 sanguinis
707 3868 774 3923 lesu
790 3868 889 3922 Christi
906 3884 967 3940 pro·
1021 3876 1060 3923 tre
1071 3867 1133 3936 ceti,
1149 3868 1183 3922 ita
1198 3884 1247 3939 por
1260 3869 1379 3923 triduum
1389 3869 1473 3938 jacuit
1484 3869 1509 3922 in
1521 3871 1706 3927 cordeterrae.
1727 3871 1819 3927 i'rima

171 3957 285 4012 mittitur
299 3957 377 4010 nobis
391 3961 563 4026 pcccatorum
579 3956 680 4010 ablutio
696 3965 722 4011 et
737 3957 893 4013 consecutio
908 3974 966 4014 cur-
1022 3958 1120 4028 portio,
1137 3973 1197 4026 qua·
1212 3957 1335 4029 sangnini
1365 3957 1541 4024 otimiscetur,
1565 3965 1641 4031 rogat
1656 3975 1705 4032 pro
1720 3960 1758 4015 eis
1773 3962 1820 4032 qui

172 4045 249 4101 lestis
264 4045 352 4115 regni.
370 4043 449 4111 Quod
464 4052 607 4114 utrumque
621 4059 721 4098 novum
737 4044 837 4099 dicitur
851 4054 878 4100 et
891 4055 969 4101 reter-
1019 4046 1075 4113 ianr
1091 4045 1165 4099 eruti
1181 4046 1350 4115 corporibus,
1373 4046 1420 4101 scd
1437 4063 1581 4116 corporum
1606 4049 1676 4102 uitiis
1691 4049 1820 4120 obligati,

172 4149 248 4192 num.
265 4133 328 4202 quia
342 4132 480 4196 ιιιιιιιιιι,
494 4132 558 4185 dum
574 4140 705 4202 expurgat
730 4149 745 4187 a
775 4134 905 4203 peccatis,
919 4151 969 4190 nos
1023 4134 1122 4188 habent
1138 4134 1164 4188 in
1185 4150 1214 4188 se
1228 4134 1300 4205 quod
1315 4150 1364 4204 per
1389 4151 1492 4204 pmnarn
1517 4137 1699 4206 purgatoriam
1723 4138 1823 4193 erami-

171 4222 294 4287 innovat,
309 4220 409 4276 etdum
432 4235 546 4292 regnum
569 4220 648 4275 trabis
663 4219 764 4286 tribuit,
792 4221 969 4277 adincorru-
1024 4223 1086 4276 nari
1097 4222 1197 4277 debeat
1210 4231 1236 4277 et
1252 4222 1369 4295 purgari.
1400 4223 1488 4279 bledla
1514 4224 1602 4295 portio
1625 4241 1674 4296 pro
1696 4226 1822 4293 eisorat,

172 4311 292 4385 ptionem
307 4318 435 4365 aternani
459 4307 564 4362 sublata
593 4309 762 4379 corruptibili
789 4311 970 4366 mutabilitate
1024 4310 1069 4380 qui
1090 4311 1179 4366 adhuc
1193 4310 1314 4365 viventes
1328 4312 1354 4364 in
1371 4320 1488 4367 caroeet
1499 4312 1575 4383 quasi
1586 4314 1611 4366 in
1628 4313 1718 4369 medio
1729 4315 1823 4386 positi,

175 4400 321 4456 transtulit.
350 4400 435 4453 Porro
463 4397 621 4468 mysterium
659 4396 723 4452 fidei
755 4406 806 4464 est,
843 4401 969 4469 ιιοιιιιι
1024 4399 1148 4455 libertate
1165 4400 1269 4455 arbitrii
1281 4400 1322 4454 sui
1339 4409 1451 4471 possunt
1480 4401 1619 4456 declinare
1647 4417 1699 4472 qno
1728 4402 1824 4457 roinnt

175 4488 329 4544 Christiana
344 4486 412 4540 hdcs
436 4487 487 4541 hoc
510 4485 600 4555 habet,
617 4493 645 4540 ut
660 4486 710 4541 sub
737 4487 830 4557 specio
855 4489 932 4559 panis
946 4498 973 4543 et
985 4471 1010 4530 lb
1026 4489 1058 4543 ad
1074 4489 1214 4543 dexteram
1230 4488 1271 4544 vai
1291 4489 1325 4542 ad
1343 4488 1493 4543 sinistram.
1513 4490 1605 4543 Tertia
1620 4490 1706 4560 portio
1720 4491 1825 4562 gratim

175 4577 231 4632 rini
247 4577 385 4631 veritatem
400 4575 489 4629 carnis
506 4583 532 4629 et
545 4575 684 4648 sanguinis
702 4575 827 4641 fateatur,
844 4578 972 4645 qnoniam
1027 4577 1084 4650 agit
1098 4593 1146 4647 pro
1158 4577 1258 4631 sanctis
1273 4577 1318 4646 qui
1334 4575 1360 4629 in
1389 4575 1476 4647 gloria
1491 4578 1629 4631 constituti
1653 4593 1706 4632 non
1723 4578 1827 4634 habent

174 4663 567 4736 illudmysteriumutrumque
594 4661 673 4717 simul
702 4669 744 4718 cst
773 4672 798 4719 ιι
812 4680 973 4720 sacramen·
1028 4681 1140 4720 neccsse
1154 4672 1182 4718 ιι
1197 4680 1248 4735 pro
1263 4664 1302 4718 eis
1318 4664 1555 4720 tondaturoratio.
1572 4665 1611 4719 ita
1638 4666 1730 4736 passio
1745 4666 1826 4722 Clari-

175 4758 231 4808 turn
249 4761 276 4808 et
290 4769 335 4808 res
350 4752 510 4807 sacramenti
528 4766 534 4819 ;
566 4752 631 4807 dum
643 4754 762 4807 exterius
778 4752 897 4808 colorem
912 4754 974 4825 qni·
1027 4754 1060 4808 sti
1075 4752 1215 4826 proposita
1230 4753 1355 4808 omnibus
1367 4753 1485 4822 prodest,
1506 4754 1642 4808 defunctis
1657 4754 1825 4823 adveniam,

175 4841 238 4898 dem
253 4849 279 4896 et
294 4857 420 4912 saporem
441 4841 517 4911 panis
532 4844 559 4894 ιι
587 4841 640 4895 vini
661 4848 846 4911 repraesentat,
861 4842 973 4896 interius
1027 4841 1400 4912 riuisndgratiam,sanctis
1423 4841 1457 4896 ati
1481 4841 1609 4911 gloriam.
1639 4843 1771 4916 idemque
1786 4859 1828 4898 sa·

174 4947 239 4987 vero
254 4931 432 4985 substantiam
447 4928 535 4984 carnis
546 4937 572 4984 et
583 4930 723 5001 sanguinis
738 4930 824 4984 oculis
837 4929 899 4985 fidei
911 4931 973 4984 sub-
1027 4936 1193 4985 crementum
1219 4929 1334 5000 singulis
1362 4939 1525 5001 cooperatur
1554 4930 1580 4985 in
1609 4931 1721 4996 bonurn,
1760 4931 1826 4987 dum

174 5020 318 5085 ministrat.
349 5020 552 5089 Subsequenter
585 5019 649 5074 dicit
678 5020 809 5074 sacerdos
839 5019 972 5074 visibitem
1027 5026 1146 5073 mortuos
1174 5026 1279 5089 purgat,
1309 5017 1385 5073 viros
1411 5018 1550 5089 justificat,
1578 5017 1670 5088 justos
1703 5029 1825 5088 coronat,

173 5109 291 5164 hostiam
306 5109 381 5163 iiiam
394 5123 571 5178 essepuram,
588 5107 652 5179 quia
668 5115 765 5178 purgat
779 5123 794 5162 a
807 5106 894 5170 vitiis;
910 5123 972 5161 san·
1027 5122 1075 5177 per
1093 5107 1216 5161 eumdem
1233 5107 1279 5178 qui
1296 5105 1361 5162 vivit
1374 5114 1399 5161 et
1421 5117 1521 5179 regnat
1543 5124 1592 5178 per
1606 5108 1697 5163 onmia
1726 5109 1826 5166 saecula

174 5204 257 5268 curn,
274 5199 337 5268 quia
352 5197 476 5253 virtutum
492 5198 606 5269 qratiam
621 5196 729 5253 coniert
744 5195 854 5261 eicotis;
871 5197 972 5251 immn-
1026 5195 1196 5252 mutilorum.
1214 5199 1312 5251 hmon.
