3728 6000
137 252 188 311 dit

641 244 830 309 ebtttetut
850 243 993 307 tenetls
1013 243 1042 305 S.
1062 242 1282 307 taeouotttct

1735 251 1793 315 deb

137 389 300 449 praesumere
315 374 342 429 ln
357 372 446 429 debile
461 373 723 447 quaerimustlosue
733 370 935 428 admemoriam
949 376 978 437 Α
992 372 1023 425 In
1037 370 1090 425 hac
1113 371 1180 426 turri
1200 374 1365 427 armaturam
1388 376 1490 427 nostra
1514 372 1613 429 mentis
1637 372 1792 431 invenimus

135 479 305 527 revocemus,
322 462 370 535 qui
385 464 449 517 dum
467 464 548 518 dubia
572 464 721 520 certamina
741 468 815 518 certa
840 469 930 517 mente

134 553 260 619 adiit,ad
288 552 429 607 victoriam
459 553 517 608 siue
546 551 683 606 dubietate
713 551 847 623 pervenit.
869 554 930 606 lam

132 642 232 696 mentis
255 641 411 696 inimicitias
437 657 539 710 ponere
563 642 696 710 cupimus,
713 640 740 695 in
765 640 929 711 benignitate

133 731 253 784 animum
268 730 380 784 dilatare
391 732 404 781 'l
417 729 526 784 Samuel
541 731 568 783 in
580 731 763 800 cognitionem
773 728 929 793 deducatur,

135 820 182 890 qui
197 818 230 872 de
243 819 396 889 principatu
412 819 539 889 dejectus
554 836 572 873 a
587 819 696 890 portale,
714 836 775 874 curn
791 819 863 872 idem
879 832 930 888 po-

132 908 212 977 pulus
227 915 331 977 peteret
347 916 373 960 ut
388 923 437 977 pre
460 924 493 963 eo
517 907 637 962 Dorrrino
662 924 756 977 preces
771 906 929 967 ell'uaderet,

131 996 270 1064 respondit
290 996 405 1051 diceus:
435 1015 445 1045 ι
463 996 538 1050 ,ibsit
560 1012 576 1051 a
600 1012 643 1052 me
665 997 716 1051 lroc
740 1005 880 1066 peccatum
904 994 930 1048 in

132 1084 260 1151 Domino,
278 1093 306 1139 ut
334 1101 438 1141 cessem
455 1100 532 1140 orare
569 1102 620 1156 pro
645 1085 740 1141 vobis!
757 1086 766 1156 (
783 1089 846 1156 Rep.
864 1086 930 1152 xri.)

133 1173 247 1245 Culpam
262 1175 365 1243 quippe
382 1173 425 1229 ιιι·
441 1182 549 1228 sanctus
565 1190 594 1229 se
610 1183 769 1245 perpetrare
784 1174 899 1229 credidit
909 1175 930 1228 si

133 1263 182 1327 eis,
200 1277 266 1334 qtros
282 1263 453 1317 adversarios
463 1263 702 1333 pertulerelusqne
712 1264 746 1317 ad
758 1263 928 1331 eJectionem,

131 1350 328 1423 benignitatem
344 1352 439 1423 gratiae
455 1368 508 1405 aon
523 1351 687 1406 reddidisset
712 1351 738 1404 in
763 1367 856 1421 prece.
874 1350 932 1419 Qui

128 1456 221 1496 rursus
243 1457 305 1496 curm
328 1441 443 1509 jubente
472 1441 587 1495 Doluino
616 1441 765 1494 mitteretur
792 1448 821 1493 ut
845 1437 931 1493 David

133 1533 249 1602 ungeret
264 1530 292 1583 in
312 1516 416 1601 regem,
431 1530 594 1600 respondit:
614 1552 625 1575 ι
643 1529 787 1597 Quomodo
811 1527 930 1581 rudam‘.l

133 1618 260 1673 lnreniet
275 1635 318 1673 me
335 1619 399 1673 Saul
413 1627 440 1673 et
463 1618 578 1673 occidet
593 1635 635 1672 me
657 1618 683 1677 (l
694 1620 756 1687 Rep.
775 1618 845 1685 ιιι).
869 1640 878 1663 ι
897 1616 930 1669 Ει

986 466 1014 514 ut
1028 459 1092 513 inde
1106 468 1242 530 praecepta
1258 459 1421 525 Conditoris,
1432 459 1496 515 inde
1511 476 1648 517 sumamus
1664 462 1791 535 exempla

984 549 1202 619 praecedentium,
1220 566 1268 620 per
1282 566 1342 620 quae
1364 557 1458 606 contra
1483 549 1655 607 adversarios
1678 562 1789 607 nostras

986 637 1232 709 inexpugnabiliter
1256 655 1406 693 crearemur.
1435 640 1521 694 Deum
1545 640 1616 694 caim
1640 642 1791 710 ‹puerulibet

986 726 1114 781 virtulem
1129 727 1218 781 subire
1234 728 1351 796 appetis,
1361 736 1387 782 el
1404 730 1473 783 lianc
1493 728 1548 784 illic
1564 746 1581 783 a
1596 730 1718 784 Patribus
1731 730 1790 799 jara

986 814 1123 884 impletam
1150 816 1236 881 rides,
1253 817 1290 869 ibi
1313 825 1480 872 armaturam
1504 827 1577 871 tuam
1598 818 1715 883 invenie,
1742 836 1793 890 per

986 920 1066 975 quam
1091 913 1184 960 contra
1207 905 1356 974 spiritualia
1379 905 1451 960 bella
1472 908 1613 961 muniaris.
1630 907 1791 978 Dependent

985 993 1085 1063 qnippe
1104 994 1129 1046 iu
1145 1010 1174 1048 ea
1192 993 1265 1047 mille
1281 994 1381 1064 clypei.
1398 995 1426 1049 Si
1451 996 1513 1066 quis
1537 1013 1660 1068 pugnare
1676 999 1789 1068 appetit,

985 1095 1113 1145 assumat,
1131 1091 1160 1135 et
1173 1100 1205 1136 ex
1221 1099 1251 1137 ca
1267 1084 1364 1137 uirtute
1380 1086 1596 1154 pectusmuniat,
1607 1093 1633 1140 et
1644 1088 1790 1142 verborum

982 1169 1078 1238 jacula
1106 1171 1219 1225 emittat.
1237 1172 1269 1225 Et
1298 1173 1448 1227 notandum
1476 1175 1543 1244 quia
1568 1175 1700 1231 aedibcata
1728 1194 1790 1232 cum

985 1260 1193 1329 propugnaculis
1208 1260 1263 1314 suis
1280 1261 1387 1315 dicitur.
1408 1262 1465 1316 Hoc
1481 1263 1581 1334 qnippe
1594 1272 1680 1336 agunt
1691 1282 1790 1338 propu-

984 1348 1101 1420 gnacula
1115 1348 1187 1418 quod
1202 1349 1298 1419 clypei,
1315 1350 1378 1422 quia
1394 1358 1509 1422 utraque
1532 1361 1700 1424 pugnantem
1727 1371 1789 1411 rna-

986 1437 1074 1490 niunt.
1091 1437 1145 1492 Sed
1161 1438 1230 1492 inter
1246 1440 1359 1509 utraque
1374 1439 1463 1505 distat,
1490 1441 1554 1511 qaia
1581 1441 1707 1514 clypeum
1737 1460 1787 1514 pro

986 1535 1085 1580 nostro
1111 1527 1261 1580 murrimiae
1290 1527 1443 1599 ubicunque
1472 1530 1610 1596 voluimus,
1636 1549 1789 1599 movemus,

984 1615 1189 1685 propugnaculo
1206 1626 1297 1669 autem
1313 1615 1422 1671 delendi
1439 1621 1652 1689 possumne,sed
1668 1621 1791 1678 boemo·

132 1712 224 1761 tamen
239 1708 300 1776 qnia
315 1707 413 1761 iratum
431 1709 518 1761 Derim
543 1707 630 1761 eidem
655 1707 728 1762 Srruli
750 1713 929 1777 cognouerat,
943 1735 971 1795 B
985 1717 1048 1757 vere
1064 1718 1117 1757 nou
1133 1718 1287 1772 possumus.
1304 1705 1426 1775 Clypeus
1442 1706 1469 1760 in
1495 1724 1578 1762 mauu
1593 1716 1699 1766 tenetur
1715 1730 1723 1778 ;
1742 1712 1791 1767 sed

131 1794 161 1850 in
176 1803 251 1850 lauto
264 1813 293 1850 se
316 1797 388 1852 luctu
411 1795 554 1860 afflixerat,
571 1803 599 1850 ιιι
623 1797 648 1850 ei
672 1811 720 1863 per
746 1811 775 1848 se
798 1795 929 1848 Dominus
985 1792 1218 1863 propugnaculum
1231 1809 1286 1847 ιιοιι
1304 1801 1421 1849 tenetur.
1438 1795 1509 1863 Quid
1525 1813 1593 1870 ergo
1604 1799 1674 1854 inter
1689 1816 1789 1870 propu-

132 1883 237 1939 diceret
254 1904 260 1939 :
279 1908 289 1932 ι
308 1885 454 1955 Quousque
470 1891 497 1938 tu
513 1885 620 1939 Saulem
645 1884 732 1952 luges,
748 1901 809 1938 enm
826 1899 878 1954 ega
894 1883 930 1936 il·
984 1881 1101 1952 gnacula
1118 1890 1144 1935 et
1161 1883 1269 1951 clypeos
1284 1883 1377 1947 distat,
1395 1885 1444 1937 nisi
1460 1886 1532 1955 quod
1547 1887 1574 1940 io
1590 1890 1789 1962 sacroeloquio

130 1971 187 2027 lum
202 1973 350 2041 abjecerim
365 1975 378 2024 ‘l
393 1973 486 2043 (totu.)
503 1974 650 2026 l‘ensemns
661 1990 726 2043 ergo
737 1974 796 2041 ejus
808 1974 930 2026 animum
988 1970 1098 2024 Petrum
1115 1972 1326 2040 praecedentiam
1343 1983 1369 2025 et
1384 1974 1515 2028 miracula
1540 1975 1665 2048 legimus,
1682 1988 1709 2033 et
1732 1982 1791 2034 vir·

129 2071 246 2133 quantus
274 2063 353 2117 dolor
381 2063 519 2116 charitatis
539 2063 705 2121 incenderat,
726 2062 771 2132 qiri
801 2070 826 2116 et
855 2062 929 2114 illum

28 2176 40 2195 a
128 2150 209 2205 ssebat
224 2167 238 2205 a
253 2167 306 2222 quc
323 2152 433 2205 tirnebat
452 2150 551 2205 occidi.
567 2154 667 2205 (latuere
691 2158 779 2204 autem
805 2151 929 2204 soluturus

128 2256 209 2310 quem
231 2241 377 2293 turrernus‘?
399 2239 514 2292 sollicita
537 2240 614 2293 nobis
638 2246 729 2293 rnreute
758 2239 929 2308 pensandum

126 2336 169 2382 est
192 2345 235 2392 ne,
257 2329 279 2382 si
296 2329 385 2383 locum
403 2328 517 2381 l'ortasse
536 2328 729 2397 reperiremus
756 2327 856 2380 mulum
880 2343 928 2396 pro

132 2417 205 2471 male
221 2417 369 2471 reddamus
385 2416 436 2487 ipsi
453 2434 533 2487 artem
550 2417 680 2484 fugitans.
701 2417 787 2470 Dauid
812 2431 878 2487 ergo
894 2417 928 2470 ad

133 2507 294 2561 memoriam
320 2506 422 2573 redeat,
442 2506 486 2575 quii
506 2514 712 2575 prersequenlem
734 2522 762 2561 se
786 2522 879 2577 regem
903 2512 929 2560 et

985 2064 1053 2112 tutes
1072 2059 1204 2114 briulorum
1228 2076 1341 2130 operum
1372 2064 1522 2117 audimus?
1539 2065 1576 2119 lbi
1600 2084 1717 2139 namque
1739 2086 1791 2125 co-

984 2149 1155 2217 gnoscimus,
1173 2151 1244 2218 rprred
1269 2151 1336 2204 alius
1359 2153 1444 2219 potuit
1468 2169 1540 2207 mare
1562 2154 1696 2227 (lividere,
1715 2159 1786 2213 alius

983 2237 1069 2290 solem
1094 2236 1186 2307 ligere,
1204 2239 1273 2292 alius
1298 2248 1433 2296 rrrrntuum
1458 2243 1598 2309 suscitare,
1614 2245 1683 2299 alius
1706 2262 1790 2316 pera-

983 2323 1093 2393 lyticum
1112 2327 1193 2380 verbo
1209 2329 1325 2394 erigere,
1342 2329 1409 2382 alius
1423 2332 1518 2383 umbra
1535 2341 1653 2402 eegrotcs
1680 2349 1789 2402 curare,

983 2413 1051 2467 alins
1068 2430 1116 2483 per
1130 2432 1178 2468 sna
1192 2416 1357 2471 seruicinctia
1380 2417 1573 2473 intirnrantinru
1596 2421 1720 2477 febribus
1740 2425 1790 2479 eb·

983 2502 1067 2557 viare.
1086 2505 1137 2565 Qui
1155 2512 1245 2559 laurea
1262 2521 1356 2559 orarias
1372 2514 1399 2561 ct
1421 2509 1557 2577 patientiae
1582 2510 1790 2583 longanimitate

129 2595 233 2650 invenit
248 2604 275 2649 ιιι
291 2596 420 2665 potuisset
432 2595 566 2659 reccidere,
584 2604 609 2649 et
623 2603 713 2650 tarrnen
729 2596 755 2648 iu
776 2595 835 2664 ipsa
860 2594 927 2648 seri·
982 2592 1069 2655 mites,
1086 2602 1113 2647 et
1135 2595 1193 2647 zelo
1214 2594 1383 2649 rectitudinis
1404 2596 1539 2652 terrentes
1567 2599 1685 2667 luserunt,
1711 2603 1791 2658 verbi

130 2684 192 2740 endi
208 2692 341 2754 potestate
357 2685 468 2753 pesitus,
481 2684 567 2754 elegit
587 2685 688 2738 lienum
704 2685 776 2755 quod
800 2684 857 2753 ipse
880 2684 927 2738 de·
981 2682 1175 2752 praedicatione
1205 2683 1313 2748 divites,
1329 2684 1407 2737 sinrnl
1424 2694 1449 2739 et
1465 2685 1682 2743 misericordiam
1705 2691 1791 2764 largi·

126 2773 202 2829 beret
219 2773 316 2839 lacere,
334 2790 387 2827 non
401 2781 492 2828 alutem
507 2773 607 2826 saalum
624 2774 695 2843 ιμιιιιι
710 2774 755 2827 ille
770 2773 927 2828 inurebatur
981 2778 1068 2824 entes.
1087 2771 1323 2842 lliiraqneqnam
1352 2789 1412 2827 nera
1441 2774 1475 2828 de
1504 2775 1620 2832 Domino
1648 2779 1789 2847 dixerunt,

125 2862 192 2933 pati,
208 2862 302 2916 dicens
320 2881 327 2914 :
342 2885 353 2909 u
370 2863 450 2916 ausu
465 2878 481 2916 a
495 2879 550 2923 me,
561 2870 587 2915 nt
598 2870 703 2915 muttum
718 2878 826 2916 rrrrrnnnr
839 2878 926 2916 irruam
982 2861 1116 2912 testantur
1131 2860 1270 2925 miracula,
1288 2861 1351 2931 qnia
1366 2861 1426 2915 talia
1442 2879 1492 2932 per
1502 2881 1565 2918 eum
1586 2882 1639 2920 nou
1651 2867 1787 2936 lacerent,

125 2950 152 3005 in
169 2951 306 3005 Christum
324 2951 445 3005 llonrinit
462 2973 473 2997 u
492 2951 520 3009 lt
534 2953 596 3020 llrp.
612 2958 696 3015 xxvi.)
730 2953 760 3005 Et
778 2951 924 3005 cumidem
980 2947 1034 3001 uisi
1051 2948 1084 3001 de
1100 2948 1146 3002 illo
1162 2965 1226 3003 reru
1243 2958 1393 3004 narrarent.
1412 2952 1444 3005 Et
1467 2969 1547 3023 qnam
1572 2955 1617 3023 pii,
1635 2972 1715 3026 quam
1732 2958 1787 3012 hn-

125 3040 190 3095 Suul
217 3049 277 3110 post
306 3041 340 3094 ab
370 3040 496 3094 hostilius
524 3039 621 3092 luisset
646 3040 830 3108 interemptae,
861 3055 924 3093 eum
981 3037 1067 3101 miles,
1095 3053 1176 3106 quam
1205 3039 1316 3107 benigni
1341 3040 1509 3107 exstiterunt,
1539 3050 1670 3099 testantur
1691 3063 1788 3102 eorum

125 3145 205 3199 quem
231 3142 442 3199 persecutorem,
467 3129 531 3182 dum
563 3130 676 3195 rivaret,
704 3130 823 3199 pertulit,
849 3129 921 3184 llerit
956 3126 1162 3193 ‘operationes
1191 3128 1218 3181 Si
1245 3128 1328 3199 igitur
1352 3129 1386 3182 de
1411 3128 1462 3183 lide
1488 3137 1723 3203 teutarnnr,quam
1753 3154 1788 3192 ex

122 3233 253 3274 OdclStlm.

162 3308 323 3362 Errantibus
339 3307 419 3373 liujus
443 3306 535 3360 mnndi
558 3306 722 3375 potentibus,
740 3306 822 3359 libere
846 3304 923 3374 lozpd

123 3396 294 3453 decernimus
307 3398 319 3449 ἰ)
333 3396 446 3450 lucrinis
461 3397 606 3451 auctoritas
619 3396 653 3450 ad
674 3395 794 3449 animum
810 3395 924 3449 reducu-

124 3490 178 3556 tur,
196 3487 239 3556 atri
256 3486 374 3540 Herodis
392 3486 539 3556 nequitiam
555 3485 767 3555 reprebendens,
785 3484 924 3553 proverbi

122 3575 285 3630 rectitudine
301 3574 387 3628 occidi
403 3590 456 3627 uria
472 3574 573 3631 timuit.
602 3575 633 3627 lit
659 3573 722 3643 qnia
748 3574 869 3627 tllrristus
885 3581 924 3626 est

125 3663 232 3727 voritrrs,
262 3663 319 3732 ipse
348 3662 409 3716 ideo
439 3678 487 3731 pro
515 3662 629 3726 Clrristo,
659 3662 721 3729 qiua
735 3678 783 3730 pro
811 3661 924 3715 veritate

125 3751 242 3806 animam
259 3750 358 3820 posuit.
377 3753 492 3804 Carnem
505 3751 563 3819 jam
579 3757 698 3803 nostram
723 3765 770 3819 pro
796 3751 853 3804 Deo
874 3765 924 3819 po·

56 3836 59 3841 ’
124 3856 191 3896 nero
206 3840 234 3893 in
249 3847 363 3893 mortem
379 3839 561 3892 festinamus?
576 3840 668 3893 l’etrns
683 3838 718 3891 ad
742 3847 859 3892 mentem
874 3855 924 3892 ve-

58 3952 61 3957 *
125 3929 191 3991 nial,
209 3929 256 4000 qui
269 3928 338 3981 inter
351 3926 459 3997 tlagella
474 3927 583 3997 gaudet,
597 3927 641 3994 rpul
657 3942 744 3982 crresus
759 3926 925 3996 principibus

126 4017 237 4082 resistit,
255 4016 299 4086 qui
327 4016 407 4069 ritum
437 4030 515 4069 suam
543 4031 592 4085 pro
617 4015 671 4068 rita
697 4014 821 4084 despicit.
855 4016 924 4069 Cum

127 4106 224 4161 mortis
246 4104 377 4175 appetitu,
398 4104 566 4174 disponimus
591 4106 705 4157 arlversa
725 4106 924 4158 contemnere?

128 4195 303 4249 Paulusante
318 4194 411 4248 oculos
435 4192 648 4264 derlucntnr,qni
672 4208 726 4246 ntra
750 4193 836 4247 solutu
860 4192 924 4247 alli-

128 4283 197 4356 geri,
213 4283 263 4337 sed
288 4288 314 4336 et
337 4283 408 4336 mori
433 4291 544 4352 paratus
571 4298 619 4351 pro
642 4280 762 4347 Christo,
786 4298 840 4335 narr
861 4281 925 4335 lacit

129 4372 314 4444 pretiosiorem
331 4373 448 4425 animam
470 4387 545 4426 suam
568 4387 647 4440 qnam
676 4388 715 4425 se.
729 4371 861 4425 Succendi
876 4387 925 4425 cor

981 3213 1091 3269 illorum
1108 3216 1297 3284 praedicatione
1313 3219 1502 3288 concepimus
1519 3220 1688 3291 loquentium
1699 3240 1783 3279 mira-

977 3304 1036 3357 cula
1059 3305 1249 3373 conspicimus,
1268 3312 1294 3358 et
1310 3306 1337 3358 in
1354 3305 1406 3360 lide
1430 3323 1512 3378 qnam
1527 3309 1560 3362 ab
1579 3311 1618 3365 eis
1629 3313 1785 3382 accepimus

978 3390 1182 3447 confirmamur.
1200 3394 1271 3461 Quid
1286 3410 1353 3465 ergo
1369 3395 1476 3451 illorum
1501 3398 1639 3466 miracula,
1655 3401 1706 3455 nisi
1729 3419 1784 3457 no-

979 3488 1035 3534 stra
1050 3489 1112 3534 snut
1128 3483 1431 3552 pr·opugaacula·?Quiu
1448 3494 1473 3540 et
1488 3488 1585 3541 rriuuiri
1602 3489 1784 3561 perillapos·

978 3585 1081 3635 suiuus,
1098 3579 1215 3624 attamen
1231 3573 1288 3625 laec
1301 3573 1327 3626 in
1343 3589 1423 3627 maan
1439 3576 1520 3628 riustri
1535 3577 1639 3631 arbitrii
1664 3593 1719 3632 noa
1741 3589 1785 3634 te-

979 3673 1083 3728 nemus,
1100 3676 1162 3713 narn
1179 3662 1241 3714 talia
1257 3660 1344 3716 lacere
1362 3678 1414 3715 ιιοιι
1430 3664 1562 3718 valemus.
1581 3665 1699 3735 Clypeus
1715 3684 1783 3723 vero

978 3747 1100 3802 inmane
1115 3753 1166 3813 est,
1183 3758 1209 3803 et
1222 3749 1353 3814 defendit,
1369 3751 1433 3819 qnia
1449 3751 1533 3806 virtus
1560 3754 1711 3823 patientiae,
1730 3756 1785 3810 rir-

980 3842 1021 3890 lus
1035 3837 1238 3905 misericordiae,
1254 3840 1426 3908 praecedente
1441 3856 1491 3895 aas
1512 3842 1600 3911 gratia
1626 3852 1653 3898 et
1677 3848 1705 3897 in
1731 3859 1785 3915 po-

980 3923 1074 3979 testate
1100 3934 1142 3980 est
1161 3926 1274 3993 arbitrii,
1292 3935 1317 3981 et
1338 3944 1354 3982 a
1375 3929 1496 3998 periculo
1521 3931 1638 4002 protegit
1655 3933 1785 3988 adversi·

979 4012 1048 4067 tatis.
1075 4014 1165 4068 Turris
1184 4014 1277 4084 itaque
1292 4022 1387 4070 nostra
1402 4033 1462 4071 curn
1490 4020 1702 4089 propugnaculis
1727 4021 1786 4076 suis

976 4100 1112 4157 aedificata
1128 4111 1178 4169 est,
1193 4104 1219 4156 in
1236 4119 1289 4174 qua
1306 4104 1377 4158 mille
1394 4105 1481 4175 clypei
1498 4106 1664 4176 dependent,
1675 4110 1734 4180 quia
1756 4112 1785 4165 in

977 4190 1115 4260 Scriptura
1131 4200 1250 4245 sacraet
1274 4196 1323 4246 sub
1348 4194 1487 4248 miraculis
1515 4196 1624 4250 l'atrum
1649 4213 1663 4251 a
1683 4197 1784 4266 jaculis

976 4280 1179 4344 abscondimur,
1205 4289 1231 4334 et
1260 4283 1472 4336 conversationis
1499 4291 1601 4339 sanctae
1635 4287 1784 4341 munimina

977 4367 1058 4422 etiam
1084 4368 1111 4421 iu
1133 4384 1213 4423 rnanu
1234 4372 1326 4438 operis
1345 4379 1468 4424 tenemus
1492 4373 1563 4441 (95).
1592 4375 1683 4427 Nolite
1704 4391 1783 4447 erge,

129 4471 251 4517 nostrum
276 4461 339 4532 igne
363 4461 503 4516 charitalis
528 4462 697 4532 quaerimus?
710 4461 820 4513 triennis
844 4460 925 4514 verba
941 4448 965 4507 ὓ
981 4454 1079 4511 fratres
1093 4458 1256 4521 charissimi,
1273 4457 1413 4529 despicere
1440 4461 1537 4531 scripta
1554 4464 1638 4516 nostri
1664 4464 1784 4519 liederu-

129 4567 287 4623 peasemus,
304 4550 384 4619 cujus
398 4566 478 4605 ornae
493 4551 564 4620 qrrod
576 4551 703 4621 loqrritnr,
714 4548 854 4604 charitatis
866 4548 929 4619 igne

131 4650 291 4711 vaporatur.
312 4638 384 4707 Quia
398 4656 464 4711 ergo
481 4639 508 4692 in
524 4655 590 4693 uoce
613 4639 680 4692 sacri
705 4638 815 4708 ‹eloqnii
832 4636 927 4705 cujus·

131 4728 208 4789 libet,
222 4728 285 4782 diem
302 4728 462 4798 «pereminens,
479 4728 618 4781 artinimen
633 4727 742 4780 uirtutis
758 4725 927 4779 invenimus:

135 4840 146 4865 ι
165 4817 235 4871 llille
250 4816 336 4885 clypei
352 4817 471 4886 pendent
485 4830 521 4871 ex
534 4832 576 4882 ea,
593 4817 686 4871 omrris
709 4821 844 4869 armatura
870 4814 927 4868 lor-

133 4905 208 4959 tium.
226 4905 252 4959 Si
273 4904 343 4957 renim
366 4920 486 4975 pugnare
508 4911 600 4959 contre
623 4903 774 4974 spiritualia
799 4902 929 4973 setpuliae

132 4993 267 5061 volumus,
283 4992 309 5045 iu
326 4992 396 5047 collo
412 4992 541 5048 Ecclesiae
560 5008 620 5062 qum
643 4992 723 5046 nobis
748 4993 817 5045 sieut
842 4990 929 5046 Dauid

131 5091 213 5147 turris
228 5096 315 5144 enecta
330 5096 379 5156 est,
396 5089 479 5143 idest
495 5088 626 5143 indiviae
643 5088 761 5159 eloauio,
779 5087 929 5157 protectio-

131 5191 173 5245 nis
197 5206 281 5245 arma·
297 5188 478 5260 reperiremus,
496 5197 523 5242 ιιι
550 5204 585 5242 ex
600 5187 763 5241 discretione
787 5184 927 5255 precepti,

131 5294 224 5343 contra
251 5287 313 5340 vitia
339 5294 461 5340 sumatur
490 5285 575 5341 virtus
604 5284 740 5351 arljutorii.
758 5283 828 5337 Ecce
857 5282 928 5335 enim

132 5392 226 5439 contre
240 5398 334 5438 aereas
347 5390 493 5455 potestates
509 5382 671 5437 festinamus
687 5380 771 5437 lertes
791 5377 929 5435 existeret

168 5577 226 5652 (ιιι)
239 5576 354 5651 ibidem,
365 5576 507 5652 alquanto
520 5582 609 5635 antee.

983 4547 1075 4616 ptoris,
1092 4563 1152 4617 qrrae
1177 4547 1211 4601 ad
1234 4563 1284 4600 nos
1302 4549 1386 4603 missa
1413 4558 1484 4603 suat.
1502 4550 1614 4605 llultnm
1641 4553 1720 4608 valde
1745 4561 1786 4608 est

981 4636 1055 4706 quod
1070 4652 1118 4705 per
1131 4651 1164 4689 ea
1179 4635 1284 4689 animus
1299 4636 1443 4692 refricatur
1469 4637 1502 4690 ad
1522 4640 1651 4706 calorem,
1669 4657 1703 4695 ue
1727 4642 1784 4696 ini-

982 4724 1089 4793 qnitatis
1103 4740 1158 4779 suae
1173 4723 1273 4796 frigore
1297 4731 1442 4795 torpescat.
1461 4725 1531 4781 Cum
1556 4729 1582 4781 in
1606 4728 1648 4782 illa
1670 4746 1783 4799 praece·

981 4812 1075 4867 dentes
1086 4810 1174 4880 justos
1191 4814 1296 4867 lortiter
1311 4829 1402 4885 egisse
1418 4817 1618 4887 cognoscimus,
1636 4826 1662 4872 et
1680 4818 1732 4889 ipsi
1748 4820 1784 4875 ad

983 4901 1165 4956 tortitudinem
1181 4902 1258 4956 boare
1281 4903 1446 4972 operationis
1469 4905 1648 4977 accingimur,
1666 4915 1779 4963 sancto-

980 5006 1040 5044 rum
1055 4990 1240 5059 exernplorurn
1249 4990 1358 5045 tlanrma
1369 4994 1474 5045 animus
1484 4992 1599 5066 legentis
1611 4995 1777 5051 incenditur.

982 5087 1062 5143 Videt
1076 5088 1165 5159 itaque
1181 5104 1241 5158 qum
1257 5087 1358 5143 lortiter
1372 5089 1406 5143 ab
1422 5089 1461 5143 eis
1477 5089 1547 5146 lacta
1570 5101 1642 5160 suut,
1660 5101 1686 5149 et
1702 5094 1782 5151 valde

978 5183 1137 5255 indignatur
1151 5185 1212 5248 sibi,
1229 5185 1291 5257 qnia
1313 5186 1376 5239 talia
1390 5202 1443 5239 non
1458 5186 1590 5242 inritatur.

1018 5281 1104 5335 l'ans.
1121 5284 1147 5335 ὅ.
1165 5304 1175 5327 u
1191 5281 1247 5337 Duo
1264 5282 1348 5336 utera
1372 5283 1447 5336 sicut
1468 5281 1523 5337 deo
1548 5282 1665 5340 bturtnlt'
1687 5303 1781 5360 caproe

981 5378 1106 5450 gemelli,
1122 5378 1169 5450 qul
1182 5383 1341 5449 pascuntur
1356 5381 1384 5434 ta
1403 5381 1482 5449 ttttir,
1499 5381 1587 5439 dorice
1598 5385 1708 5455 aspiret
1723 5386 1782 5442 dier
