3728 6000
1664 227 1716 278 330

61 234 118 289 tie
387 233 597 290 ntsrtti'sttu
615 231 753 288 ALTERA
771 230 955 287 ADVERSUS
974 228 1204 285 similentur.
1219 256 1254 269 -
1268 224 1333 283 hle.
1348 226 1397 282 tlt.

395 652 759 749 RESPONSIO
795 654 998 746 PETRI
1035 647 1388 743 sumtuum

530 904 699 970 CONTRA
721 902 960 968 CALUMNIAS
979 898 1264 966 OBJECTORUM.

102 1264 174 1321 Hoec
189 1263 332 1336 responsio
344 1263 443 1335 polius
456 1262 639 1320 imeribeudo
669 1263 713 1320 uit
728 1280 737 1319 .·
752 1262 916 1318 Retreetatio
928 1259 1095 1317 calumniose
1109 1274 1235 1317 errorum
1256 1258 1330 1316 Petri
1344 1259 1489 1318 thelardi.
1502 1262 1619 1321 Constat
1641 1264 1718 1321 euim

67 1352 107 1392 ex
116 1335 361 1399 mutationibus
375 1351 461 1403 supra
476 1335 576 1390 relotis
592 1334 648 1390 Gui
662 1333 861 1391 telmiubbotis
871 1334 903 1390 S.
920 1332 1090 1390 Theoderici.
1102 1336 1129 1388 et
1140 1333 1262 1388 oilerius
1268 1332 1376 1387 obbatis
1384 1336 1530 1406 anonymi,
1541 1350 1660 1401 errares,
1669 1338 1719 1407 qui

66 1407 99 1462 iu
114 1406 169 1463 buc
183 1406 366 1478 responsione
380 1406 567 1472 domuoulur,
583 1422 601 1460 o
616 1407 700 1461 Petro
720 1404 863 1461 Abtelordo
893 1406 966 1462 uisse
997 1407 1170 1475 ropupuolos
1185 1408 1214 1459 el
1227 1403 1357 1474 scriptos,
1375 1409 1408 1458 ul
1418 1421 1456 1461 esc
1471 1406 1620 1476 ipsiusmet
1629 1407 1718 1463 uerbis

69 1494 132 1549 quoe
146 1478 194 1534 illi
208 1480 339 1533 emtores
354 1477 519 1532 retulerunt
533 1477 721 1546 manifestum
735 1481 788 1532 erl.
806 1475 862 1542 Quo
897 1479 922 1530 si
935 1419 1010 1529 nilis
1026 1473 1126 1530 borum
1136 1473 1287 1538 docuisset,
1296 1475 1389 1545 quiex
1401 1476 1460 1545 ejus
1471 1475 1549 1531 libris
1559 1478 1588 1531 iu
1597 1479 1718 1533 coucilia

72 1549 232 1605 monensi
242 1548 417 1613 lectis,uliu
435 1545 499 1602 Vito
509 1547 535 1602 S.
550 1547 687 1602 bernardi
697 1548 824 1606 liabetur.
836 1547 947 1615 decerpi
959 1548 1108 1618 potuisset,
1126 1545 1197 1618 quod
1211 1561 1295 1600 aures
1308 1546 1493 1617 prelatorum
1504 1546 1640 1603 luderet?
1657 1545 1719 1602 Cur

70 1619 109 1674 ibi
122 1636 183 1676 reon
196 1618 335 1690 probauit,
350 1633 379 1673 se
393 1618 468 1674 mihil
482 1634 589 1682 eorum,
599 1634 660 1690 quse
673 1617 887 1688 objiciebantur,
904 1619 1041 1681 because,
1057 1621 1107 1672 oul
1123 1618 1154 1672 iu
1163 1616 1278 1688 scriptis
1287 1616 1347 1672 suis
1359 1619 1478 1687 reperiri
1486 1618 1589 1688 posse?
1601 1619 1717 1674 Culum-

70 1692 154 1774 riiosp
168 1705 234 1816 ergo
248 1693 291 1745 esl
305 1690 364 1815 hetec
379 1689 533 1762 responsio,
547 1693 576 1745 el
588 1703 651 1745 uere
665 1689 760 1746 docuit
774 1703 883 1745 errores
898 1688 1070 1755 dboelurdus,
1085 1688 1134 1758 qui
1152 1685 1207 1756 bic,
1222 1688 1280 1743 sire
1303 1688 1337 1743 ob
1360 1689 1429 1759 ipso,
1445 1689 1503 1744 siue
1521 1690 1555 1745 ab
1574 1690 1642 1757 ulio,
1658 1692 1719 1762 ejus

65 1777 185 1818 uorum
217 1776 325 1816 nmuuu
340 1776 389 1815 ur.

100 1936 245 1996 Universis
269 1944 372 1994 sanctae
397 1935 525 1994 Eoslesiae
539 1933 612 2005 liliis,
628 1937 740 1992 Perses
768 1951 803 1992 ex
832 1933 870 1992 eis
882 1938 910 2002 Α
923 1935 1027 2009 integre
1041 1941 1138 1992 cuncte
1153 1950 1213 2006 quse
1234 1933 1349 2005 recipit;
1365 1950 1504 2005 respuere,
1520 1951 1581 2005 quae
1599 1936 1719 2009 respuit;

65 2044 147 2091 unus,
162 2024 214 2083 sed
225 2027 254 2081 iu
265 2025 308 2082 eis
322 2024 463 2082 minimus.
926 2039 978 2081 neo
992 2041 1036 2079 me
1051 2039 1173 2095 unquam
1188 2024 1331 2078 veritatem
1346 2020 1408 2078 lidei
1430 2023 1554 2090 scidisse,
1570 2039 1635 2080 oum
1664 2026 1720 2081 im-

103 2114 208 2173 Notum
227 2114 403 2186 proverbium
427 2121 477 2180 est,
499 2111 576 2171 nibil
597 2118 656 2170 tom
681 2113 870 2182 benedictum,
925 2112 1038 2185 persim
1052 2112 1158 2168 eaeteris
1171 2126 1277 2167 morum
1292 2111 1429 2183 qualitate.
1445 2109 1525 2181 Quod
1548 2112 1613 2168 mihi
1634 2113 1722 2186 igitur

62 2204 138 2277 quud
151 2205 314 2275 respersit
333 2203 483 2275 deprocari
499 2221 508 2256 :
523 2211 549 2258 et
572 2211 601 2257 ut
624 2202 750 2258 meminit
775 2204 871 2258 heatus
927 2218 975 2274 per
989 2201 1118 2257 malitiam
1134 2209 1178 2256 aut
1192 2217 1241 2272 per
1255 2215 1376 2256 errorem
1389 2199 1546 2271 impositum
1571 2210 1630 2271 est;
1647 2204 1720 2274 quod

62 2293 260 2363 Hieronymus,
275 2292 324 2364 qui
337 2292 445 2348 mullos
454 2292 552 2348 scribit
563 2292 657 2357 libros,
668 2292 773 2347 mullos
782 2291 871 2347 sumit
925 2292 959 2347 de
974 2293 1027 2348 Deo
1055 2289 1225 2362 scripserim,
1249 2289 1314 2361 quie
1342 2290 1421 2345 Peter
1447 2296 1490 2345 est
1513 2289 1593 2360 plena
1620 2300 1721 2362 poten-

54 2382 182 2451 p'udices.
200 2381 258 2453 Ego
272 2396 381 2454 quoque
398 2395 460 2437 curn
475 2380 633 2452 scripserim
659 2396 746 2452 peuce
769 2379 813 2436 vel
834 2380 870 2436 etl
925 2381 972 2450 tia,
986 2379 1070 2435 Filius
1085 2378 1210 2450 quedam
1233 2377 1362 2449 potentia,
1379 2378 1497 2448 Spiritus
1517 2388 1626 2436 sanctus
1648 2380 1720 2436 nulle

58 2470 295 2541 comparutionem
310 2469 430 2525 aliorum
446 2469 530 2535 nulle,
544 2468 765 2540 reprehensionis
776 2472 868 2524 notum
921 2468 1042 2541 potentis
1059 2485 1066 2522 :
1082 2469 1141 2524 heo
1156 2482 1209 2540 ego
1231 2466 1326 2531 rerba,
1343 2482 1398 2522 non
1420 2474 1473 2521 tem
1496 2466 1616 2524 humens
1639 2485 1721 2541 quam

56 2557 185 2631 effugere
209 2574 263 2614 non
287 2558 364 2630 potui
381 2575 388 2614 t
404 2575 467 2614 eum
491 2567 584 2614 temen
605 2559 632 2612 in
656 2558 702 2625 iis,
716 2557 751 2613 de
770 2557 868 2628 qulbus
921 2557 1068 2624 diabolice,
1085 2557 1158 2612 sicut
1169 2554 1349 2624 justissimum
1364 2558 1406 2611 esi
1421 2555 1563 2621 abhorreo,
1588 2557 1719 2626 detestor,

56 2647 185 2723 grsriter
208 2662 332 2715 accusor,
348 2649 463 2714 nullum,
479 2649 548 2704 sciat
569 2647 654 2716 Deus,
669 2662 760 2702 meum
784 2661 867 2702 reco-
921 2655 948 2702 et
961 2661 994 2702 et
1010 2661 1070 2702 cum
1085 2652 1198 2700 auclore
1212 2659 1261 2699 suo
1275 2644 1378 2715 puriter
1389 2642 1492 2700 damno
1508 2659 1515 2700 :
1532 2661 1592 2715 quse
1613 2647 1637 2700 si
1662 2647 1722 2718 quis

56 2752 194 2810 gnoscere
209 2736 338 2807 culpem;
355 2753 416 2806 uec,
430 2737 451 2792 si
467 2753 521 2808 que
534 2736 593 2802 luit,
605 2736 759 2808 procaciter
771 2734 867 2791 desen·
920 2734 948 2789 iu
964 2734 1031 2790 meis
1043 2733 1160 2803 reperiet
1172 2733 1292 2803 seriptis,
1304 2747 1358 2788 uon
1377 2732 1463 2788 solum
1486 2749 1531 2789 me
1550 2733 1718 2802 haeretlaum,

59 2826 139 2881 dem.
157 2824 261 2896 Scripsi
276 2824 402 2880 fortassis
416 2826 506 2896 alique
520 2842 569 2897 per
587 2839 720 2892 errorem,
736 2840 797 2897 quae
811 2839 866 2879 nou
920 2823 968 2879 sed
980 2822 1062 2879 etiem
1074 2821 1285 2878 heresiarcham
1299 2819 1439 2892 profiteor.
1451 2822 1518 2877 Tem
1528 2822 1626 2878 Filium
1638 2839 1721 2895 quem

60 2912 205 2986 opportuit
221 2932 227 2969 :
244 2912 292 2968 sed
307 2913 394 2969 Deum
409 2917 507 2969 testem
520 2922 601 2985 etque
610 2912 729 2983 judicem
751 2913 778 2967 iu
803 2912 865 2968 ani·
919 2911 1049 2981 Spiritum
1063 2920 1185 2966 sanctum
1200 2925 1234 2965 ex
1249 2911 1327 2964 Putre
1338 2909 1466 2980 profiteor
1476 2926 1546 2978 esse,
1557 2919 1585 2965 ut
1595 2911 1721 2981 ejusdem

61 3018 135 3058 mem
150 3017 244 3058 meam
258 3001 364 3068 invoco,
381 3003 446 3074 quia
459 3002 494 3058 de
507 3002 551 3068 iis,
566 3002 601 3057 de
616 3001 715 3073 quibus
739 3016 863 3069 accusor,
918 2999 1040 3056 sinleum
1053 2997 1310 3064 Patresuhstentiae,
1321 2997 1446 3066 ejusdem
1456 2999 1720 3068 voluntatispenitus

62 3090 129 3146 nihil
141 3106 194 3162 por
207 3090 376 3162 superbiam,
391 3105 437 3145 sut
457 3106 506 3161 per
528 3089 658 3145 melitium
680 3090 860 3160 praesumpsi.
918 3097 999 3161 utque
1019 3087 1163 3158 polentiae;
1180 3085 1243 3158 quie
1266 3101 1384 3157 quorum
1406 3093 1446 3140 est
1471 3087 1567 3142 eedem
1592 3090 1720 3157 essentia,

61 3175 148 3231 Uultu
163 3175 191 3230 iu
213 3174 313 3230 scholis
338 3174 432 3229 multis
460 3173 565 3230 locutus
591 3190 650 3228 sum
665 3191 672 3236 ;
687 3188 738 3229 nee
766 3189 862 3243 equam
917 3176 995 3232 nulle
1008 3183 1099 3247 potest
1113 3174 1156 3230 vel
1171 3173 1320 3231 voluntatis
1344 3173 1490 3230 diversitas
1514 3191 1585 3245 esse,
1603 3176 1644 3231 vel
1667 3192 1721 3248 pa-

63 3262 259 3331 lortirum,rel
282 3278 379 3333 penem
403 3262 594 3318 absconditum
620 3261 716 3317 hahuit
738 3260 1009 3357 deetiineBtentiae
1032 3263 1214 3335 inequalitas.
1240 3260 1370 3331 Quisquis
1393 3271 1484 3316 eutem
1504 3278 1547 3317 me
1577 3263 1721 3334 scripsisse

62 3367 136 3409 mes.
160 3350 258 3409 Palem
273 3350 377 3407 loculus
391 3367 451 3405 sum
464 3351 497 3405 ed
511 3348 717 3406 aeillliouliouem
734 3349 798 3405 littei
819 3349 865 3404 in·
919 3353 1024 3420 usserit,
1049 3352 1122 3422 quod
1143 3351 1179 3407 de
1194 3350 1346 3406 substantie
1370 3350 1456 3405 Putris
1479 3359 1506 3405 et
1526 3350 1586 3405 Filii
1606 3350 1722 3423 Spiritus

62 3440 216 3508 firmorum,
234 3440 307 3512 quod
322 3440 387 3495 mihi
402 3439 534 3494 salubrius
557 3440 646 3495 risum
662 3446 715 3494 εει.
736 3439 767 3494 Ει
790 3455 868 3511 quie·
918 3442 1002 3496 etiem
1015 3446 1124 3495 senalus
1149 3454 1203 3494 noo
1230 3437 1274 3502 sit,
1290 3437 1400 3493 malitiae
1428 3437 1455 3491 id
1483 3438 1527 3494 vel
1555 3438 1720 3511 ignorantie

64 3544 173 3603 cunque
194 3528 304 3599 scripsi,
325 3527 452 3584 omnibus
473 3527 592 3584 libenter
618 3527 751 3598 exposui3
773 3535 802 3582 ut
822 3542 870 3583 eos

10 3672 12 3677 .
62 3619 178 3689 iudices,
203 3632 257 3671 non
280 3616 429 3688 discipulos
452 3616 594 3671 haberem.
614 3614 694 3686 Quod
717 3614 741 3670 si
763 3616 868 3686 uspism

65 3723 110 3778 per
126 3705 334 3778 multiloquium
348 3705 464 3772 excessi,
479 3713 508 3760 ut
523 3703 653 3776 scriptum
668 3711 711 3760 est
727 3723 733 3760 :
750 3703 782 3761 lu
796 3705 870 3760 mul·

67 3797 184 3869 litequio
197 3811 258 3850 riou
268 3794 384 3866 effugies
396 3797 545 3867 peccalum
560 3797 654 3865 (Prae.
671 3792 717 3864 x),
733 3807 870 3864 nunquam

67 3885 227 3956 importune
250 3882 379 3939 defensio
399 3899 442 3938 me
467 3882 530 3939 lecit
556 3882 723 3948 hereticum,
746 3890 870 3952 peratum

70 3989 176 4046 semper
189 3972 225 4027 sle
239 3974 313 4027 mele
326 3971 406 4028 dictis
422 3971 491 4027 meis
501 3971 682 4044 corrigendis,
698 3970 757 4027 sire
774 3969 871 4026 deleu-

70 4061 119 4118 bis.
134 4063 167 4117 ln
182 4075 239 4132 quo
251 4067 325 4116 certe
340 4060 478 4132 proposito
492 4075 578 4132 usque
592 4060 620 4115 in
635 4059 717 4115 finem
741 4074 871 4131 perseve-

70 4152 145 4208 nhc.
162 4149 220 4206 Sed
234 4148 304 4205 sicut
317 4148 389 4204 male
403 4148 475 4206 dicte
494 4163 565 4218 mee,
586 4147 609 4203 si
627 4164 680 4222 que
689 4155 760 4214 suut,
773 4146 872 4203 vellem

71 4240 210 4313 corrigere
221 4256 229 4304 ;
240 4236 280 4294 sic
293 4237 407 4294 crimina
420 4252 476 4292 non
491 4248 565 4293 recte
581 4237 652 4292 mihi
675 4236 783 4306 ohjeota
804 4251 872 4306 pro·

69 4327 180 4397 pulnere
196 4343 242 4382 me
256 4325 395 4383 eoueeuit.
411 4327 480 4382 lium
496 4327 570 4381 enim
585 4325 657 4381 dicut
671 4325 873 4397 heetushugu·

70 4415 153 4471 uinus
170 4433 179 4472 ι
197 4437 208 4465 ι
225 4414 350 4471 Crudelis
364 4421 415 4481 est,
432 4415 479 4486 qui
495 4413 599 4469 lenium
613 4428 691 4471 suam
706 4413 840 4486 negligit3
858 4436 870 4463 s

70 4504 193 4575 tcjnrle
206 4502 323 4559 Tullium
339 4518 346 4558 :
363 4526 376 4552 e
393 4501 573 4559 Taciturnitus
594 4501 792 4559 contessionem
806 4501 873 4558 imi-

72 4600 156 4665 tstor;
185 4591 351 4664 conscriptis
385 4598 480 4648 contre
517 4607 561 4647 me
599 4591 724 4664 capitulis
762 4607 872 4664 equum

71 4680 132 4737 duxi
147 4680 320 4752 respondere
336 4697 344 4734 ε
360 4695 393 4736 ee
407 4679 533 4737 videlieet
545 4679 649 4736 ratione
663 4688 780 4749 servata,
789 4696 870 4752 quem

919 3529 1045 3585 maximae
1060 3528 1118 3583 luit.
1136 3527 1229 3583 Solum
1254 3526 1350 3582 Filium
1366 3526 1416 3581 Dei
1440 3526 1611 3582 incarnatum
1634 3526 1722 3599 proli·

920 3627 987 3684 teor,
1005 3623 1066 3673 uta
1086 3615 1219 3673 sei-vitute
1238 3615 1342 3687 peccati
1365 3624 1392 3670 et
1416 3630 1433 3670 u
1453 3615 1522 3688 jugo
1543 3616 1648 3672 diaboli
1671 3632 1723 3673 nos
1831 3680 1834 3685 ,

919 3706 1059 3773 liberaret,
1074 3712 1102 3760 ει
1116 3719 1240 3774 superne
1260 3705 1362 3759 editum
1387 3703 1449 3760 vitae
1463 3713 1549 3761 morte
1570 3720 1621 3761 suu
1641 3705 1723 3762 nohis

920 3801 1064 3851 reseraret.
1080 3794 1171 3864 lpsum
1188 3792 1323 3847 Christum
1348 3792 1418 3849 sicut
1440 3810 1534 3849 verum
1559 3801 1587 3849 ει
1611 3795 1721 3851 unicum

920 3883 972 3940 Dei
986 3883 1080 3939 Filium
1096 3898 1132 3937 ex
1146 3881 1297 3937 subeuntia
1306 3883 1462 3938 Petrisente
1473 3883 1574 3939 saecule
1585 3883 1721 3956 genitum,

920 3973 958 4028 ite
973 3972 1000 4026 iu
1015 3971 1148 4027 Trinitete
1168 3971 1274 4026 tertium
1289 3985 1445 4040 personum,
1461 3971 1591 4042 Spiritum
1614 3988 1724 4044 quoque

921 4069 1045 4117 sanctum
1061 4068 1114 4116 tum
1130 4059 1165 4115 eb
1174 4059 1233 4131 ipso
1244 4059 1313 4114 Filio
1323 4076 1405 4130 quarn
1416 4077 1432 4116 a
1443 4061 1520 4116 Patre
1528 4062 1723 4132 procedentem

921 4157 948 4207 el
962 4148 1077 4205 credens
1098 4163 1200 4215 assero,
1216 4155 1243 4203 et
1268 4162 1394 4203 asserens
1415 4148 1508 4205 credo.
1524 4149 1649 4205 Gentium
1673 4149 1724 4206 Dei

922 4237 957 4294 ite
972 4236 1098 4293 omnibus
1109 4236 1298 4292 neeessariam
1314 4234 1388 4302 dico,
1404 4243 1433 4292 nt
1447 4253 1497 4293 nec
1512 4246 1615 4295 nature
1638 4237 1724 4295 lecul-

923 4334 974 4392 tes,
991 4341 1042 4382 nee
1055 4324 1161 4382 arbitrii
1175 4325 1297 4390 lihertss,
1314 4323 1376 4380 sine
1391 4323 1437 4380 ille
1449 4324 1575 4382 sufficere
1590 4326 1677 4398 possit
1687 4326 1724 4382 ad

922 4415 1047 4471 salutern.
1064 4414 1127 4485 lpse
1142 4413 1243 4485 quippe
1264 4412 1355 4486 gretia
1378 4428 1428 4468 nos
1448 4415 1588 4485 prevenit,
1605 4423 1632 4470 ut
1654 4415 1725 4471 reli·

923 4520 1003 4571 mus3
1019 4503 1077 4575 ipsa
1090 4502 1273 4575 subsequitur,
1289 4510 1316 4557 ut
1339 4502 1483 4573 possimus,
1499 4503 1560 4574 ipsa
1583 4519 1633 4559 nos
1655 4520 1725 4561 cou-

925 4601 1028 4660 serrst,
1042 4599 1071 4648 ut
1086 4607 1305 4664 perseveremus.
1317 4592 1408 4647 Deum
1424 4606 1457 4648 ee
1479 4592 1655 4649 solummodo
1679 4593 1724 4648 la·

925 4697 990 4738 cere
1011 4681 1106 4749 eredo,
1128 4697 1190 4752 quae
1211 4680 1301 4750 ipsum
1325 4678 1414 4735 lacere
1447 4680 1583 4750 convenit,
1606 4690 1632 4736 et
1653 4682 1726 4752 quod

72 4769 140 4826 tiron
152 4767 357 4825 detrahentium
372 4767 479 4841 lingues
494 4768 586 4824 hesim
601 4768 752 4841 Gregorius
774 4767 871 4825 fideles
925 4770 1010 4826 multe
1025 4770 1118 4826 lucere
1133 4771 1233 4841 pessel,
1251 4782 1312 4840 quse
1335 4783 1389 4822 non
1413 4766 1490 4824 lacit.
1509 4771 1595 4825 hiults
1616 4786 1726 4843 quoque

73 4857 111 4913 his
131 4857 253 4914 instituit
270 4857 362 4914 verbis
377 4873 385 4914 :
403 4880 415 4905 ι
432 4857 578 4914 Sciendum
602 4866 653 4925 est,
679 4857 742 4928 quie
762 4857 872 4931 linguas
924 4875 975 4932 per
987 4858 1166 4931 ignorantiam
1182 4856 1254 4913 lecta
1269 4856 1356 4928 culpae
1370 4864 1433 4911 sunt
1447 4857 1618 4928 ascribenda,
1635 4860 1727 4914 mari-

74 4945 273 5003 tletrthentium
285 4947 357 5002 sieut
371 4953 464 5002 nostro
478 4945 570 5001 studio
585 4961 640 5002 nou
663 4945 796 5002 dehemus
820 4963 871 5003 ex·
926 4965 972 5004 me
986 4964 1049 5003 cum
1070 4946 1242 5019 negligentia
1260 4952 1351 5001 nostra
1368 4946 1504 5018 contingit
1522 4962 1573 5002 nos
1596 4946 1727 5020 ignorare

74 5035 164 5103 citare,
179 5050 216 5090 ne
228 5033 280 5106 ipsi
293 5043 406 5106 pereunt
421 5049 429 5090 :
445 5034 481 5090 iu
494 5050 547 5106 per
570 5034 696 5090 melitium
721 5051 797 5091 suem
821 5052 872 5091 er·
926 5036 1000 5111 quod
1023 5034 1101 5090 nohis
1127 5035 1309 5090 necessarium
1338 5041 1396 5090 eret
1423 5050 1533 5090 nosse:
1564 5037 1652 5107 quelis
1680 5037 1727 5094 ille

74 5123 168 5181 citum
181 5122 316 5179 debemus
329 5122 516 5194 equanimiter
531 5122 655 5191 tolerare,
672 5132 703 5179 ut
716 5123 796 5180 nohis
811 5139 872 5180 me·
926 5125 986 5193 luit,
1002 5124 1036 5180 de
1051 5138 1104 5194 quo
1119 5123 1262 5178 Pselmistn
1278 5142 1284 5178 :
1304 5144 1314 5170 s
1332 5122 1428 5178 Noluit
1438 5122 1605 5194 intelligere,
1618 5133 1645 5180 ut
1655 5125 1727 5182 hene

75 5212 152 5268 ritum
179 5220 311 5269 crescet:
334 5211 480 5283 eliquendo
507 5219 598 5268 eutem
628 5228 816 5286 compescere,
838 5229 873 5270 ue
926 5220 1022 5286 egeret
1035 5213 1122 5284 (Psoi.
1139 5210 1234 5282 xxxv).
1252 5234 1264 5260 ι
1281 5210 1352 5265 litate
1363 5211 1450 5265 Deum
1465 5210 1624 5284 frequenter
1639 5214 1727 5285 impe·

15 5342 17 5347 .
73 5298 274 5357 iummtlsde
288 5299 370 5356 nobis
391 5299 579 5368 disseminent,
595 5317 689 5358 eorum
713 5302 759 5375 qui
780 5302 874 5359 audire
927 5302 985 5357 dire
999 5300 1096 5370 teleos,
1113 5302 1179 5372 quie
1194 5314 1247 5355 non
1262 5298 1351 5354 solum
1367 5297 1493 5355 ellectum
1516 5302 1728 5375 malignantium

15 5394 31 5471 'p'
76 5404 123 5445 uos
136 5390 174 5445 ed
187 5388 264 5444 hone
284 5395 419 5460 poterent,
435 5388 517 5446 corde
539 5389 725 5447 innocentium
748 5407 874 5448 corrum-
927 5388 1069 5462 prevenit,
1084 5404 1120 5444 ne
1135 5388 1207 5460 quod
1227 5387 1330 5453 volunt,
1347 5387 1458 5459 possint,
1475 5405 1569 5447 rerum
1584 5394 1729 5450 etiemro·

75 5486 152 5550 pent.
171 5498 185 5530 ι
202 5480 341 5550 Agnoscit
354 5493 422 5551 ergo
445 5477 568 5534 fraterne
590 5479 720 5551 suarius,
734 5495 779 5537 me
803 5495 875 5554 qus·
927 5481 1062 5537 luatetem
1076 5494 1169 5535 eorum
1183 5477 1316 5548 immutat,
1332 5484 1361 5533 ut
1374 5493 1389 5533 e
1401 5478 1486 5550 mata,
1502 5482 1575 5553 quod
1589 5483 1729 5556 cogitare·

74 5568 241 5643 tuumque
253 5563 344 5623 hlium
356 5565 498 5639 Eedssie,
512 5580 577 5626 oum
599 5567 663 5643 ipss
682 5583 726 5627 uie
749 5567 875 5644 recipere
928 5576 1001 5642 runt,
1022 5567 1133 5644 penitus
1153 5566 1293 5628 desistent.
1320 5568 1362 5627 Ex
1383 5567 1482 5641 hdam,
1505 5569 1534 5630 ia
1555 5588 1610 5645 quo
1632 5585 1727 5629 omnes

215 5662 497 5727 Panos-cmx.
1585 5671 1617 5727 tt
