3728 6000
168 239 219 295 lta
666 236 854 295 GUILLElel
879 234 1023 309 suetus
1051 236 1081 293 S.
1104 235 1321 296 rusouontcl
1762 248 1818 304 72⁰

168 361 343 433 corporalem
357 361 440 417 vitam
463 359 652 416 administrant
675 367 702 415 et
717 367 833 428 ιιιιιιι,
850 360 889 418 sic
911 359 963 416 ista
976 360 1005 422 A
1020 367 1095 434 getet
1109 369 1136 417 et
1150 361 1287 420 sensificet
1303 383 1309 419 :
1328 364 1423 422 localis
1437 369 1575 440 quomodo
1587 369 1702 427 dicetur.
1726 372 1772 430 Sic
1789 380 1820 430 et

167 451 350 522 spiritualem.
361 449 527 508 Sedetsicut
540 448 587 504 illa
595 447 680 506 velex
687 449 843 507 defectuum
850 465 965 506 suorum
1019 448 1054 505 de
1062 447 1175 520 reliquis
1188 450 1417 522 praedicamentis.
1426 455 1500 513 Nulli
1517 473 1583 532 ergo
1605 459 1818 531 praedicamento

169 540 337 606 remissione,
354 539 397 597 vel
416 556 448 596 ex
470 538 666 612 superfluitatis
681 538 841 606 intentione,
864 554 966 612 opera-
1021 537 1141 609 subjacet
1153 538 1296 611 Divinitas,
1307 543 1401 600 anima
1422 545 1596 618 quibasdam,
1610 563 1709 621 corpus
1723 548 1818 607 omni·

170 630 273 685 tionum
289 645 398 685 suarum
408 629 515 686 diversa
526 628 665 700 ριιιιιιιι
683 627 887 700 impedimenta,
903 644 966 702 quat
1024 626 1078 682 bus
1093 627 1229 699 subjacet.
1239 629 1335 705 dgitur
1348 634 1421 689 enirn
1438 637 1530 692 anima
1544 652 1599 693 uon
1612 653 1662 709 per
1674 636 1747 706 loca,
1766 637 1818 695 sed

170 725 232 774 sunt
252 718 394 789 passiones
417 717 549 791 corporis,
584 716 642 775 sive
667 714 850 788 infirmitates,
877 717 918 774 sic
940 725 968 775 et
1020 731 1071 788 pro
1080 715 1229 774 affectuum
1240 718 1395 778 diversitate
1408 721 1643 783 delectabiliteret
1663 726 1817 799 paenaliter.

169 806 230 862 ista.
246 806 422 864 Rationalitas
434 807 507 863 enim
519 812 646 879 corrupta
670 822 743 879 sape
758 806 793 863 de
808 822 838 863 se
852 814 967 881 generat
1021 804 1088 876 Quae
1102 805 1166 863 licet
1179 806 1237 864 sine
1262 823 1378 880 corpore
1399 810 1612 885 incorporaliter
1637 831 1686 888 per
1699 815 1817 874 affectus

169 897 404 968 proscriptiones,
422 898 550 963 hareses,
571 903 597 952 et
612 895 654 951 bis
668 893 777 953 similia.
792 894 967 969 Concupisci·

59 1008 62 1015 ·
168 984 257 1039 bilitas
272 985 521 1056 concupiscentiam
529 983 633 1054 caruis,
645 984 889 1056 concupiscentiam
898 1000 967 1042 ocu-

169 1073 264 1143 lorum,
295 1072 452 1144 superbiam
474 1073 550 1138 vitae;
583 1071 754 1130 irascibilitas
773 1073 843 1129 iram
865 1073 966 1131 bestia·

170 1162 233 1227 lem,
264 1161 462 1231 truculentiam,
485 1160 588 1218 odium.
624 1161 703 1217 Nunc
725 1161 759 1217 de
783 1161 908 1219 sensibus
922 1161 966 1220 vi·

170 1251 293 1307 deamus.

203 1348 290 1403 llabet
303 1355 390 1405 autem
407 1347 497 1405 anima
511 1365 609 1406 sensus
623 1347 758 1405 animales
774 1362 781 1418 ;
797 1348 879 1404 babet
893 1348 965 1404 nibi-

167 1437 285 1493 lominus
299 1444 327 1492 et
341 1436 507 1507 spirituales.
527 1440 557 1493 lu
577 1439 698 1511 ubisque
717 1453 781 1494 vero
796 1444 849 1492 tarn
872 1446 967 1509 poten·

166 1533 215 1592 ter,
233 1534 287 1580 tam
302 1524 463 1581 mirabiliter
484 1532 623 1598 operatur,
638 1534 667 1582 ut
694 1525 740 1582 vix
762 1527 899 1581 humanus
915 1527 967 1583 hcc

164 1615 377 1686 comprehendat
403 1614 564 1672 intellectus.
590 1614 728 1672 invisibile
744 1615 830 1692 ‚euim
846 1614 910 1687 quid
939 1622 966 1672 et

1019 895 1063 951 vel
1078 894 1213 953 mulcetur
1226 897 1269 954 vel
1285 897 1421 972 affligitur,
1443 909 1530 959 totum
1541 912 1632 961 tamen
1645 921 1747 978 corpus
1757 906 1818 963 sine

1019 982 1112 1041 anima
1127 1001 1176 1040 nec
1189 986 1308 1057 poenalia
1322 988 1413 1058 sentit,
1429 1006 1479 1048 ιιι
1501 992 1609 1049 suavia.
1627 993 1727 1050 Anima
1743 996 1817 1052 enim

1018 1071 1046 1128 iu
1060 1075 1116 1129 suis
1130 1075 1280 1131 actionibus
1299 1078 1444 1150 amplioris
1455 1089 1482 1136 et
1495 1081 1619 1154 agilioris
1633 1083 1764 1155 potentia
1774 1092 1817 1141 est

1021 1177 1100 1233 quarn
1127 1178 1238 1236 corpus.
1258 1164 1328 1222 ilinc
1348 1176 1389 1223 est
1411 1169 1488 1241 quod
1511 1170 1594 1226 etiam
1622 1171 1687 1228 dum
1714 1188 1816 1246 corpus

1020 1249 1188 1307 administrat
1203 1261 1229 1308 et
1256 1253 1401 1325 sensificat,
1430 1257 1454 1313 si
1477 1258 1587 1330 quando
1608 1277 1658 1333 per
1679 1261 1816 1319 laternum

1020 1340 1118 1396 meotis
1132 1341 1254 1397 obtutum
1267 1343 1295 1398 iu
1309 1360 1428 1416 superna
1443 1355 1467 1403 et
1489 1349 1654 1420 sempiterna
1667 1366 1696 1407 se
1722 1351 1814 1427 erigit,

1019 1428 1055 1484 ita
1069 1428 1268 1502 quodammodo
1290 1447 1437 1505 corporeos
1456 1435 1672 1506 deseritseoaus,
1689 1441 1762 1497 etab
1778 1442 1817 1498 eis

1019 1516 1164 1574 illocaliter
1178 1518 1301 1591 discedit,
1318 1531 1345 1577 ut
1360 1538 1452 1579 coram
1463 1526 1551 1596 posita
1566 1542 1620 1583 nou
1631 1528 1817 1600 videatjuxta

1018 1608 1142 1663 sonantia
1155 1624 1211 1664 uon
1227 1609 1327 1677 audiat,
1345 1627 1499 1681 percursam
1514 1614 1542 1670 ιι
1557 1616 1675 1690 legendo
1685 1618 1816 1692 pagiuam

164 1705 352 1774 incorporeum
368 1710 408 1759 est
428 1705 532 1771 anima,
549 1709 575 1761 et
589 1711 678 1760 tamen
694 1720 744 1775 per
766 1720 864 1760 sensus
892 1720 961 1776 ope-
976 1719 1004 1782 B
1019 1694 1237 1770 subintelligam
1253 1698 1369 1755 mirabili
1383 1709 1411 1757 et
1425 1702 1738 1775 divinaequodammodo
1752 1723 1817 1765 cou-

162 1801 238 1848 ralur
252 1792 379 1863 quiddam
394 1792 530 1848 invisibile
550 1800 576 1848 et
599 1807 761 1864 corporeum
789 1792 826 1847 de
847 1807 962 1864 corpore

162 1881 273 1938 visibili.
286 1882 334 1935 Est
348 1881 421 1936 enim
439 1897 535 1937 seusus
558 1898 628 1937 uuus
655 1881 770 1953 quilibet
791 1881 826 1937 de
841 1881 961 1954 quinque

162 1969 233 2025 iuter
248 1969 385 2024 invisibile
395 1969 597 2042 incorporeum,
609 1978 635 2025 et
649 1985 748 2042 corpus
772 1969 887 2037 visibile,
913 1971 959 2025 in·

161 2058 271 2114 visibile
282 2074 457 2130 corporeum;
470 2059 531 2128 quia
540 2059 566 2113 in
575 2059 673 2115 eodem
687 2073 812 2129 corpore.
822 2057 961 2114 invisibile

167 2148 356 2218 incorporeum
372 2154 413 2202 est
441 2147 551 2212 auima;
580 2157 606 2203 et
638 2147 773 2203 invisibile
799 2162 960 2218 corporeum

161 2237 233 2307 quod
245 2238 280 2291 de
295 2251 409 2306 corpore
424 2235 532 2290 visibile
545 2234 705 2290 mirabiliter
719 2235 775 2306 agit
798 2235 887 2289 anima
902 2254 908 2297 ;
921 2244 960 2292 est

164 2326 248 2390 visus,
267 2325 382 2389 auditus,
406 2333 511 2397 gustus,
535 2324 671 2390 odoratus,
702 2332 728 2379 et
756 2328 851 2381 tactus.
880 2325 959 2380 Aliud

160 2413 233 2467 enim
250 2421 292 2468 est
306 2413 391 2479 risus,
409 2412 481 2466 aliud
497 2413 594 2468 oculus
610 2432 616 2480 ;
630 2411 702 2468 aliud
713 2412 797 2479 auris,
813 2413 887 2468 aliud
906 2429 958 2468 au-

156 2501 245 2555 ditus:
262 2501 377 2556 etsicde
394 2501 515 2572 reliquis.
532 2501 625 2558 Sedet
641 2501 762 2557 interior
776 2502 848 2558 visus
862 2503 959 2560 animae

164 2590 291 2645 clarescit
309 2589 460 2659 prudentia,
477 2589 633 2659 insipientia
653 2590 835 2646 tenebrescit:
852 2590 958 2645 auditus

160 2678 269 2733 fallacia
284 2677 441 2741 offenditur,
459 2678 570 2733 veritate
598 2678 754 2734 mulcetur:
778 2679 884 2750 fragrat
895 2680 957 2735 ani-

1018 1783 1100 1840 simili
1123 1787 1255 1857 potentia,
1275 1789 1342 1844 bora
1361 1791 1456 1847 eadem
1475 1800 1531 1849 tota
1549 1793 1578 1848 in
1593 1793 1732 1852 intellectu
1744 1813 1815 1854 con·

1018 1873 1172 1945 templando
1186 1875 1316 1943 coelestia,
1328 1885 1385 1934 tota
1395 1878 1421 1935 in
1433 1896 1515 1937 seusu
1530 1881 1644 1939 velactu
1652 1883 1814 1958 inagendo;

1016 1978 1077 2018 curn
1102 1970 1190 2019 tamen
1206 1964 1278 2035 quod
1292 1966 1348 2039 agit
1361 1983 1416 2024 nou
1442 1969 1549 2041 sentiat,
1568 1979 1624 2027 tota
1642 1972 1670 2029 in
1698 1989 1815 2045 corpore

1017 2051 1090 2122 quod
1103 2049 1228 2107 vivificat.
1245 2053 1359 2125 ipsaque
1373 2064 1413 2111 est
1428 2056 1518 2113 anima
1546 2075 1607 2130 quae
1625 2061 1709 2117 sentit
1725 2078 1732 2127 ;
1757 2062 1815 2134 ipss

1016 2155 1077 2211 quat
1088 2140 1159 2210 quod
1171 2140 1261 2209 sentit,
1278 2157 1331 2197 ιιι
1349 2142 1476 2217 intelligit
1492 2163 1499 2210 ;
1513 2147 1574 2218 ipsa
1588 2164 1649 2219 quse
1669 2165 1721 2206 nec
1748 2166 1813 2206 sen·

1016 2227 1108 2282 tiendo
1118 2244 1169 2284 nec
1183 2228 1361 2302 intelligendo
1389 2242 1498 2306 vegetat
1511 2250 1609 2307 corpus
1622 2246 1649 2294 et
1670 2237 1810 2311 vivificat;

1014 2317 1143 2388 perquod
1159 2317 1238 2372 sentit
1253 2319 1326 2391 quod
1340 2337 1390 2391 per
1405 2322 1521 2394 seipsam
1537 2340 1589 2381 non
1605 2324 1742 2401 iutelligit.
1751 2329 1813 2399 Ipsa

1016 2404 1096 2459 etiam
1111 2404 1204 2461 anima
1224 2423 1272 2462 soa
1293 2417 1335 2464 est
1356 2412 1489 2481 potentia.
1506 2412 1584 2483 Quod
1602 2415 1674 2471 euim
1698 2416 1809 2490 cogitat,

1014 2493 1142 2549 accidens
1156 2496 1219 2565 ejus
1234 2505 1293 2562 est;
1310 2497 1368 2570 ipsa
1383 2516 1449 2557 vero
1464 2517 1512 2558 sua
1527 2502 1676 2560 substantie
1692 2509 1746 2576 est,
1759 2523 1812 2579 qua

1013 2582 1126 2654 cogitat.
1148 2583 1193 2641 Sic
1208 2585 1242 2641 de
1257 2586 1404 2644 voluntate.
1422 2590 1498 2647 Velle
1525 2592 1627 2662 aliquid
1646 2594 1777 2651 accidens
1786 2595 1810 2652 ei

1013 2682 1075 2739 est;
1093 2672 1185 2741 ipsum
1202 2690 1264 2731 vero
1275 2677 1355 2743 velle,
1374 2678 1522 2735 substantia
1537 2681 1597 2752 ejus
1608 2690 1661 2738 est.
1672 2684 1742 2739 'fotu
1755 2683 1812 2756 igi·

160 2784 212 2822 mae
227 2766 353 2821 rationali
369 2766 491 2837 aequitas,
507 2765 569 2821 fetet
594 2766 722 2839 iniquitas
749 2769 794 2822 vel
812 2767 958 2823 immundi·
1011 2762 1176 2833 lurcogitat,
1188 2763 1251 2833 quia
1267 2767 1461 2840 totacogitatio
1475 2776 1647 2843 sectamque
1662 2772 1729 2842 fulb
1746 2773 1809 2846 qui·

167 2857 222 2920 tia,
246 2855 362 2909 vanitate
384 2855 508 2921 tabescit,
532 2855 631 2910 virtute
651 2856 831 2928 pinguescit;
857 2856 958 2912 misera

160 2951 202 3001 est
217 2943 400 3000 coutubernio
415 2943 542 3012 stultius,
560 2943 637 2999 beata
652 2944 956 3015 complexusapientiae.

156 3035 226 3088 Tota
245 3032 338 3087 oculus
362 3040 413 3096 est,
439 3032 503 3103 quia
527 3040 582 3087 tota
608 3031 694 3101 sidet,
723 3041 749 3088 et
772 3041 859 3088 totum
884 3033 957 3106 quod

157 3121 266 3193 inspicit
277 3121 362 3176 videt.
386 3122 473 3176 llomo
488 3136 553 3177 vero
572 3121 691 3176 exterior
704 3137 756 3178 uec
777 3129 847 3177 totus
873 3124 958 3194 videt,

159 3211 222 3281 quia
235 3209 294 3264 solo
308 3210 387 3264 oculo
405 3209 502 3276 videt;
525 3225 574 3264 uec
595 3216 679 3264 toturn
691 3210 762 3266 videt
781 3211 852 3282 quod
875 3211 957 3278 videt,

160 3299 222 3372 quia
236 3298 337 3352 nullius
362 3297 414 3352 visi
427 3297 548 3369 corporis
567 3298 658 3352 omnia
676 3298 759 3353 videt.
785 3299 862 3354 Adde
885 3299 958 3372 quod

164 3391 217 3444 boc
233 3394 273 3442 est
285 3387 323 3440 ibi
333 3387 425 3442 videre
444 3386 515 3457 quod
526 3386 632 3453 audire,
644 3387 752 3441 odorari
766 3387 838 3457 quod
848 3397 960 3459 gustare

161 3478 206 3532 vel
222 3485 344 3548 langere,
360 3491 422 3531 cum
444 3475 600 3544 hujusmodi
624 3475 713 3530 unitas
728 3476 770 3531 vel
799 3477 918 3548 potentia
933 3495 961 3532 ιι

163 3581 279 3637 corpore
293 3580 354 3620 esse
373 3581 428 3618 nou
439 3565 536 3633 possit.
553 3564 619 3618 Cum
631 3571 719 3618 autem
733 3564 851 3619 animaru
867 3565 961 3621 invast-

165 3655 219 3709 bile
236 3653 300 3723 quid
316 3652 357 3707 vel
377 3652 569 3723 incorporeum
598 3651 758 3720 dixerimus,
786 3668 819 3709 ac
847 3670 896 3724 per
909 3655 962 3710 hoc

166 3740 284 3808 illocale,
295 3740 350 3794 nihi
371 3740 452 3796 lenim
467 3741 657 3811 incorporeum
673 3740 768 3808 locale,
785 3743 961 3814 quaerendum

166 3838 217 3900 est,
234 3837 261 3883 ιι
276 3828 390 3884 lucidius
404 3827 506 3898 aliquid
519 3837 724 3899 perscrutemur
738 3829 771 3884 de
792 3829 849 3901 ipsa
859 3833 960 3899 anima,

166 3929 255 3974 utrum
271 3933 334 3973 vere
355 3916 469 3972 illocalis
495 3914 703 3987 comprobatum
733 3922 823 3973 utrum
853 3921 962 3976 omuino

167 4008 238 4062 sieut
253 4005 391 4069 divinitas,
420 4019 436 4060 a
462 4005 680 4075 praedicamentis
699 4005 752 4060 illis
774 4023 834 4077 quae
855 4009 963 4079 propria
1032 4057 1037 4067 .
1065 4058 1071 4067 .

167 4103 229 4150 surrt
243 4108 387 4165 corporum
402 4092 640 4164 velcorporalium,
656 4090 832 4166 segregetur:
849 4112 963 4167 quorum

170 4182 236 4239 nulli
253 4181 478 4251 diviuasubjacet
492 4181 619 4245 essentia,
637 4180 700 4237 lieet
714 4182 772 4252 ipsa
787 4183 822 4238 sit
836 4183 924 4256 prima
937 4192 964 4241 ιι

170 4286 276 4328 summa
290 4271 448 4325 substantia.
466 4271 526 4325 Non
542 4269 615 4324 euim
626 4269 679 4326 dici
695 4279 784 4342 potest
798 4273 895 4345 qualis,
918 4273 964 4344 qui

169 4369 211 4418 est
225 4357 468 4428 incomparabilis;
500 4373 553 4413 ιιι
570 4367 696 4430 quantus,
723 4359 768 4432 qui
791 4360 865 4416 nulla
891 4362 963 4418 mole

169 4466 284 4522 magnus
294 4453 353 4517 est;
369 4447 436 4519 quid
451 4446 543 4515 habet,
561 4445 626 4518 quid
641 4447 707 4502 nibil
722 4464 776 4503 ιοι
788 4451 882 4515 babet;

169 4539 251 4594 medo
267 4545 317 4598 est,
334 4537 380 4608 qui
400 4535 459 4605 ipse
477 4535 575 4590 modas
596 4540 650 4590 est.
671 4536 728 4593 Nec
742 4545 783 4592 est
797 4540 966 4610 quaerendus

169 4627 280 4683 habitus
294 4624 403 4681 habenti
412 4623 522 4689 omnia;
538 4639 588 4679 uec
603 4625 679 4680 locus
693 4625 751 4694 ejus
761 4626 807 4698 qui
820 4626 965 4684 estilloca-

170 4715 215 4781 lis,
232 4724 258 4770 et
271 4713 371 4785 ubique
396 4719 486 4782 totus;
503 4728 554 4768 uec
568 4721 673 4784 tempus
694 4714 796 4779 aeterni,
825 4730 877 4771 nec
891 4723 966 4772 actus

171 4803 265 4875 quieti,
294 4809 321 4856 et
343 4801 371 4855 in
399 4803 487 4871 quiete
502 4801 593 4856 omnia
608 4801 791 4872 possidentis;
813 4820 862 4859 nec
873 4804 965 4875 passio

169 4890 356 4963 impassibilis.
373 4890 497 4944 Humana
520 4897 614 4944 autem
635 4890 727 4945 anima
741 4891 804 4962 quia
819 4893 966 4948 nonhabet

170 4982 284 5049 melem,
299 4994 353 5034 non
368 4977 450 5033 babet
473 4978 660 5049 quantitatem,
676 4978 723 5049 qui
744 4978 892 5036 affectuum
906 4998 967 5037 mu·

170 5068 294 5127 tabilitati
308 5065 442 5136 subjacet,
460 5081 513 5121 ιιι
525 5064 621 5138 effugit
635 5066 793 5138 qualitatem
810 5083 817 5139 ;
834 5070 897 5141 quia
911 5086 967 5127 nos

169 5166 304 5223 clauditur
318 5164 345 5217 iu
361 5164 421 5219 leco
437 5162 570 5232 localiter,
589 5177 645 5218 ιιι
671 5164 775 5236 recepit
789 5165 964 5224 localitatem.

172 5265 240 5321 Cum
255 5263 327 5318 euim
344 5260 411 5316 sicut
425 5260 498 5315 Deus
519 5259 547 5315 in
563 5259 676 5328 munde,
700 5259 741 5315 sic
762 5262 966 5334 quodammodo

169 5366 229 5434 ipsa
244 5361 277 5416 sit
296 5362 518 5431 incorporasse
534 5378 541 5426 ;
557 5359 656 5431 ubique
674 5357 786 5428 scilicet,
801 5368 828 5416 et
841 5361 941 5434 ubique
957 5380 964 5430 ;

1014 2857 1068 2906 teta
1083 2850 1207 2907 voluutas
1225 2861 1275 2908 est.

1048 2982 1123 3052 Vide,
1135 2983 1263 3053 obseem,
1284 2990 1419 3057 ιιιιιιιο
1433 2990 1591 3062 proficimus
1607 2992 1635 3048 iu
1661 2993 1811 3068 imaginem

972 3080 997 3145 C
1013 3070 1072 3141 ejus
1088 3075 1135 3144 qui
1148 3075 1249 3130 creavit
1262 3090 1322 3131 uos.
1347 3076 1375 3132 Si
1397 3078 1471 3134 enim
1495 3081 1586 3136 aalma
1610 3084 1741 3155 cogitans
1755 3091 1812 3141 tota

1013 3159 1139 3231 cogitatio
1155 3169 1204 3232 est,
1221 3163 1244 3217 si
1261 3172 1316 3219 tota
1331 3169 1455 3222 voluntas
1474 3172 1526 3235 est,
1547 3168 1673 3239 pmfecto
1687 3175 1746 3228 tota
1763 3172 1809 3228 di-

1013 3248 1114 3320 ligeus,
1130 3256 1186 3305 tota
1209 3251 1319 3308 dilectio
1331 3262 1381 3309 est.
1398 3255 1490 3312 Sedet
1504 3258 1575 3312 Deus
1594 3258 1704 3316 dilectio
1714 3259 1812 3317 dicitur

1014 3343 1040 3392 et
1055 3344 1105 3392 est.
1124 3337 1178 3393 Sed
1193 3339 1300 3396 dilectio
1312 3341 1358 3396 illa
1370 3344 1431 3398 talis
1446 3354 1496 3415 est,
1516 3354 1544 3400 ut
1558 3362 1610 3402 nec
1624 3347 1681 3419 ipsa
1695 3347 1811 3422 diligere

934 3478 940 3488 ,
1015 3424 1066 3479 nisi
1082 3425 1195 3493 bonum,
1205 3444 1256 3485 nec
1264 3446 1384 3500 peream
1399 3432 1476 3505 diligi
1492 3435 1579 3505 possit
1592 3436 1734 3494 nisibene.
1750 3438 1813 3494 fiac

915 3565 920 3575 ,
940 3566 946 3576 ,
1014 3521 1104 3569 autern
1121 3515 1238 3585 dilectio,
1250 3528 1364 3588 quaeest
1375 3522 1651 3594 bumanaauimapre
1664 3525 1813 3583 affectuum

1014 3603 1192 3661 mutabilitate
1219 3613 1307 3677 potest
1325 3616 1351 3664 et
1366 3609 1393 3663 in
1415 3611 1567 3681 superiora,
1592 3613 1666 3684 quod
1691 3616 1718 3671 ei
1736 3615 1813 3672 aolus

1015 3693 1089 3747 Deus
1099 3701 1150 3759 est,
1174 3694 1279 3751 coelesti
1294 3698 1425 3755 charitate
1440 3699 1567 3772 flagrare,
1582 3710 1609 3757 et
1630 3702 1660 3757 in
1678 3703 1814 3761 inferiora

1015 3789 1164 3845 damnabili
1179 3806 1272 3848 amore
1287 3793 1414 3851 defluere.
1443 3798 1534 3853 Tantae
1557 3799 1704 3867 majestatis
1723 3809 1814 3859 creata

1016 3879 1106 3934 anima
1120 3894 1153 3935 ac
1166 3881 1316 3952 diguitatis,
1331 3883 1365 3939 ad
1378 3885 1524 3958 imaginem
1540 3886 1680 3944 Creatoris
1694 3891 1750 3959 sui,
1765 3906 1813 3947 se·

1016 3982 1070 4039 que
1085 3970 1272 4040 contemplans
1284 3981 1310 4027 et
1323 3971 1424 4044 ipsum,
1440 3974 1578 4046 paululum
1594 3976 1623 4031 in
1640 3977 1732 4048 seipsa
1746 3994 1814 4035 con·

1016 4065 1106 4126 srstrt;
1130 4060 1336 4131 potentiamque
1349 4078 1427 4118 suam
1454 4065 1517 4135 ipsa
1545 4080 1599 4120 ιιι
1627 4065 1686 4122 sine
1700 4067 1812 4125 horrore

1016 4146 1138 4216 suspicit,
1157 4148 1338 4222 cogitansque
1366 4159 1456 4206 utrum
1472 4168 1557 4224 supra
1576 4171 1604 4210 se
1632 4155 1668 4212 sit
1697 4156 1812 4230 aliquid,

1018 4235 1091 4305 quod
1105 4235 1158 4290 sibi
1173 4251 1190 4292 a
1204 4252 1234 4292 se
1250 4239 1445 4295 transeundum
1460 4241 1503 4309 sit,
1528 4242 1631 4298 invenit
1643 4246 1707 4317 quia
1722 4247 1815 4303 omnia

1017 4324 1159 4378 mutabilia
1174 4325 1218 4381 vel
1232 4327 1344 4383 mobilia
1358 4345 1411 4384 non
1426 4330 1478 4384 nisi
1500 4330 1535 4386 ab
1557 4332 1670 4390 immeto
1698 4338 1815 4407 possunt

893 4467 964 4520 quo-
977 4433 1005 4495 D
1019 4412 1135 4468 moveri.
1153 4414 1366 4488 intelligensque
1380 4417 1414 4473 de
1429 4433 1470 4485 se,
1486 4421 1605 4492 quiaetsi
1619 4436 1673 4477 non
1689 4432 1816 4481 ιιιιιιιι

1021 4500 1181 4572 perlocum,
1198 4510 1323 4559 movetur
1337 4510 1426 4561 tamen
1448 4522 1497 4577 per
1510 4506 1653 4565 affectum:
1685 4511 1815 4586 aliudque

1019 4604 1080 4644 esse
1093 4604 1176 4660 supra
1188 4606 1217 4646 se
1229 4591 1351 4647 stabilius
1364 4593 1588 4663 stabilimentum,
1603 4597 1676 4670 quod
1686 4614 1739 4656 nec
1752 4600 1814 4658 loco

1018 4677 1146 4728 movetur
1160 4689 1210 4730 nec
1224 4682 1368 4747 ternpore:
1390 4678 1463 4750 quia,
1486 4686 1515 4734 ut
1542 4680 1646 4738 dictum
1672 4684 1814 4752 estnihil

1018 4769 1143 4818 movetur
1156 4762 1206 4817 nisi
1220 4763 1254 4818 ab
1268 4763 1392 4832 immeto,
1409 4767 1483 4825 videt
1497 4784 1527 4824 se
1555 4771 1645 4825 anima
1659 4779 1735 4830 stare
1762 4789 1814 4830 ne-

1019 4850 1150 4919 cessario,
1167 4859 1195 4907 ut
1207 4861 1423 4927 moveatcorpus
1436 4857 1585 4927 perlocurn
1598 4859 1701 4931 pariter
1711 4869 1739 4917 et
1746 4869 1815 4919 tem·

1018 4954 1090 5011 pus:
1108 4940 1181 4996 sicut
1192 4949 1266 4997 stans
1281 4944 1354 4998 Deus
1370 4945 1397 5000 in
1426 4947 1573 5017 semetipso
1589 4957 1679 5005 movet
1692 4950 1815 5008 animant

1020 5035 1203 5100 pertempus:
1222 5030 1377 5104 invenitque
1401 5049 1430 5089 se
1445 5034 1564 5091 mediam
1591 5036 1662 5093 inter
1683 5038 1772 5096 Deum
1788 5045 1816 5096 et

1019 5131 1131 5188 corpus,
1143 5132 1176 5174 ee
1190 5120 1262 5189 quod
1277 5121 1343 5176 nulli
1358 5136 1505 5193 corporum
1520 5124 1615 5180 similis
1636 5126 1680 5194 sit,
1694 5143 1759 5184 cunt
1774 5129 1816 5185 si·

1018 5205 1144 5263 militudo
1159 5206 1207 5263 Dei
1222 5209 1274 5272 sit;
1291 5225 1341 5267 nec
1355 5218 1444 5267 ιιιιιι
1451 5213 1508 5268 [ιιι
1522 5214 1608 5285 possit
1622 5217 1738 5288 aquari,
1750 5217 1816 5291 quit

1019 5294 1069 5351 etsi
1080 5295 1113 5350 ab
1128 5295 1176 5353 illo
1192 5299 1313 5369 creperit,
1335 5315 1371 5355 ex
1394 5300 1453 5372 ipso
1468 5309 1559 5358 tamen
1574 5303 1618 5359 vel
1632 5304 1667 5360 de
1682 5304 1746 5377 ipso
1760 5321 1816 5362 nou

1019 5392 1072 5441 est.
1099 5384 1181 5443 Videt
1193 5402 1224 5443 se
1234 5387 1326 5444 videre
1339 5389 1521 5461 incorporalia
1536 5407 1587 5462 per
1606 5409 1645 5463 se,
1660 5395 1817 5467 corporalis

170 5468 233 5526 tota,
257 5465 312 5513 tota
326 5457 352 5511 iu
368 5455 484 5528 singulis
511 5456 652 5526 sensibus,
673 5465 702 5512 ut
723 5456 752 5513 iu
778 5457 894 5530 singulis
908 5467 967 5518 tota
1019 5487 1070 5544 pp·
1082 5490 1180 5546 corpus
1195 5491 1202 5532 :
1215 5475 1288 5535 videt
1302 5479 1384 5534 etism
1397 5479 1554 5551 corporalia
1565 5481 1655 5539 videre
1668 5499 1702 5540 se
1708 5500 1761 5556 per
1773 5501 1814 5554 se,

165 5556 267 5615 tendat
282 5563 358 5622 ;tota
370 5556 400 5611 iu
410 5553 527 5627 siugulis
545 5554 685 5628 partibus,
696 5562 725 5613 ut
738 5561 825 5612 totum
840 5562 895 5614 teta
910 5574 962 5619 vc·
1019 5562 1081 5620 sinc
1093 5579 1218 5637 corpore.
1235 5564 1315 5625 Videt
1327 5566 1439 5642 quippe,
1452 5575 1484 5626 ut
1495 5568 1549 5626 alia
1563 5569 1692 5642 emittam,
1704 5572 1816 5648 ipsasui
