3728 6000
104 225 159 287 899
603 225 791 282 Gttttttttttt
809 223 953 282 ttettts
972 224 1001 282 S.
1022 222 1237 282 ttteoooetct
1698 222 1753 279 tt'ttt

103 343 211 400 liethel.
242 369 252 396 ι
285 347 374 404 'Beata
397 348 509 421 Sponsae
530 350 693 405 conscicntia
716 351 768 405 hoc
791 347 900 404 nomine
915 351 942 412 Α
957 362 1160 420 quocunquese
1176 347 1268 412 vertit,
1285 345 1458 417 serpensille
1472 345 1599 419 antiquus
1621 345 1708 419 sugit3
1726 353 1755 402 et

104 432 227 489 crebrius
250 435 386 506 Sponsum
408 438 571 505 invocantis,
597 438 725 493 «dilecte
739 438 788 492 mi.
807 459 818 485 u
844 437 901 490 lioc
955 436 989 491 ad
1013 436 1140 492 virtutem
1164 436 1223 504 ejus
1238 451 1351 492 omnem
1374 433 1464 504 perdit
1485 432 1540 491 rim
1565 449 1652 502 suam,
1670 450 1753 490 omne

104 521 177 576 euim
198 530 249 589 est,
270 523 534 595 quodilledicebat:
548 549 559 575 ι
572 526 685 595 Tuscis,
698 527 822 589 Domine,
838 525 901 594 quie
954 539 1097 581 venenum.
1116 547 1127 573 ι
1145 525 1233 594 Super
1247 531 1352 579 montes
1366 522 1468 591 liethel,
1479 544 1496 572 a
1514 523 1573 579 sire
1589 545 1601 571 ι
1615 525 1723 579 Bethar.-
1738 545 1750 572 ι

103 624 167 665 amo
181 618 207 664 te
218 612 308 680 (loun.
321 619 411 683 arn.»
431 616 496 669 Com
510 615 583 669 enim
598 615 688 670 dilecti
703 614 901 669 nominaverat
954 613 1047 668 Bethel
1061 616 1251 683 interpretatur
1264 615 1363 668 domae
1377 613 1444 679 θεὴ·
1459 612 1558 667 llether
1570 613 1752 670 commeen-

103 696 201 754 dilecta
224 700 371 770 dilectum,
396 718 495 758 nomen
516 703 609 759 dilecti
636 719 756 759 amorem
780 701 900 758 vocantis
954 701 1144 773 serpenrsive
1162 702 1260 757 dromus
1281 702 1454 773 cipiliarum,
1484 700 1577 756 llethel
1603 716 1672 773 ergo
1686 705 1753 755 sunt

104 792 133 842 et
155 790 278 843 ostendit
300 798 327 844 et
350 791 460 858 excitet,
491 779 719 863 commendatque
746 799 899 858 vorantem,
955 789 982 844 in
998 790 1095 859 quibus
1109 791 1181 845 Deus
1195 789 1353 844 familiarius
1367 788 1510 857 inhabitet,
1527 788 1666 860 simplices
1679 787 1750 857 titii,

102 882 130 930 et
144 877 347 947 attrahit'quem
363 885 442 935 vocet
456 881 621 936 couscientia
633 889 660 936 et
674 882 762 950 pietas
781 879 899 951 diligen·
955 878 1016 942 Dei,
1032 877 1146 934 humiles
1160 887 1184 933 et
1200 877 1292 949 quieti,
1306 885 1332 933 et
1347 885 1491 932 trementes
1519 890 1658 933 sermones
1680 877 1751 946 ejus,

104 963 148 1018 tis.
174 965 248 1020 Felix
263 975 289 1021 et
305 968 373 1022 bene
394 969 534 1039 auspicata
557 969 644 1025 oratio
667 970 701 1024 ad
723 970 824 1036 Deum,
840 984 900 1039 quie
954 981 1039 1036 super
1058 981 1128 1037 quos
1152 965 1270 1037 Spiritus
1293 974 1406 1020 sanctus
1429 965 1587 1037 requiescit.
1622 965 1684 1035 lpse
1706 972 1752 1021 est

103 1051 132 1106 in
146 1052 247 1124 Spiritu
262 1063 355 1111 sancto
377 1057 429 1112 hoc
450 1059 559 1113 nomine
582 1058 689 1113 invocat
714 1074 794 1129 quam
818 1061 898 1125 oret;
954 1053 1052 1109 domus
1075 1070 1255 1126 consurgens,
1271 1071 1332 1125 quae
1345 1070 1454 1125 semper
1475 1054 1568 1109 nititur
1581 1054 1617 1109 ed
1630 1053 1749 1119 altiora:

104 1138 185 1196 beata
207 1143 298 1198 anima
326 1143 402 1213 cuius
429 1146 577 1201 orationem
603 1145 702 1201 fiducie
727 1146 900 1201 conscientiae
954 1141 1051 1198 domus
1078 1143 1244 1215 vigiliarum,
1260 1144 1287 1198 in
1303 1158 1356 1213 qua
1368 1144 1470 1214 jugiter
1484 1141 1608 1214 vigilant,
1632 1142 1681 1213 qui·
1702 1141 1752 1212 pie

104 1228 189 1299 hujus
203 1232 389 1287 commendet.
412 1231 483 1301 Quid
506 1235 579 1288 enim
603 1250 657 1289 non
682 1242 783 1305 speret,
798 1234 846 1305 qui
860 1234 900 1290 sic
954 1245 987 1287 ac
1003 1231 1119 1286 sollicite
1143 1232 1347 1300 exspectatione
1365 1238 1529 1302 'exspectant
1543 1232 1680 1302 Sponsam
1695 1230 1751 1286 Do·

104 1319 185 1373 orati
200 1317 268 1375 Oret
282 1321 394 1387 reverti,
409 1337 490 1392 quem
508 1322 591 1378 habet
607 1343 613 1377 :
630 1338 700 1392 quae,
718 1338 798 1392 quem
813 1330 898 1390 amat,
954 1318 1068 1390 minum,
1095 1320 1203 1390 quande
1233 1329 1380 1376 revertetur
1407 1335 1424 1374 a
1451 1319 1563 1390 nuptiis.
1588 1318 1657 1375 Oret
1684 1333 1753 1389 ergo

104 1403 196 1461 babet.
212 1407 280 1463 llinc
295 1408 425 1479 scriptum
442 1414 482 1464 est
495 1427 502 1465 :
516 1432 527 1459 n
541 1410 626 1480 Prope
641 1418 680 1465 est
696 1410 829 1465 Dominus
841 1425 899 1464 om·
954 1407 1058 1478 Sponsa
1068 1406 1753 1480 Sponsum,utsaepiusconversetursuperdomum

103 1491 184 1548 nibus
200 1493 389 1551 invocantibus
405 1513 466 1551 eum
488 1496 516 1551 in
535 1498 867 1568 retractavitque).
885 1519 896 1545 a
954 1496 1049 1552 Betbel
1064 1499 1123 1551 sive
1139 1497 1248 1564 Bether,
1265 1497 1323 1552 sive
1340 1496 1519 1552 illuminando
1542 1510 1603 1551 eam
1627 1495 1655 1551 in
1668 1510 1752 1551 con-

104 1579 209 1638 ventus
222 1583 294 1637 enim
314 1583 458 1639 invocandi
484 1585 512 1640 in
537 1584 635 1641 effectu
649 1587 781 1652 emeatis;
798 1593 899 1641 certmn
955 1586 1136 1655 temptatione
1151 1586 1204 1650 sui,
1220 1585 1278 1641 sive
1292 1585 1459 1641 sublevando
1479 1599 1539 1639 eam
1555 1583 1582 1637 in
1594 1590 1753 1654 mutempto

103 1665 133 1723 ei
146 1679 335 1742 argumentum
359 1671 386 1726 iu
409 1673 576 1729 conscientie
597 1674 759 1741 invocantis,
775 1689 900 1744 praesen·
914 1702 941 1763 B
956 1672 1052 1727 mundi
1065 1690 1121 1742 pras
1135 1689 1227 1730 amore
1238 1673 1305 1737 Dei;
1320 1673 1381 1728 sive
1395 1672 1661 1745 pervigilesedeum
1676 1687 1754 1728 men·

103 1755 217 1813 dasium
228 1760 380 1831 prasentia
394 1761 455 1829 ejus
470 1761 516 1831 qui
527 1762 612 1817 dixit:
628 1763 712 1834 «Ego
726 1778 788 1816 sum
801 1763 901 1818 veritas
956 1767 998 1816 trs
1011 1760 1045 1815 ad
1058 1760 1189 1817 interiore
1203 1769 1230 1816 et
1244 1761 1353 1817 silentia
1366 1761 1446 1817 bene
1459 1761 1636 1816 conscientie
1649 1759 1753 1833 pendia

102 1846 193 1913 (toan.
205 1849 275 1918 xiv).
288 1871 352 1897 ·-·
365 1850 514 1906 lievsrtera
526 1873 537 1899 ι
550 1866 627 1924 ergo,
637 1851 683 1917 eit,
697 1851 817 1906 «dilecte
826 1852 898 1905 mi.»
956 1847 1152 1905 introducendo
1166 1849 1194 1904 iu
1208 1849 1337 1905 fruitione
1350 1848 1400 1903 sui.
1429 1847 1495 1905 Orat
1510 1864 1571 1903 eum
1585 1849 1672 1903 etiem
1686 1863 1752 1905 cre-

101 1933 242 2004 Siquidem
256 1937 374 1995 abeunte
388 1946 424 2004 ta,
441 1939 532 1994 omnia
546 1939 707 2005 turbantur;
723 1947 861 1995 avertente
876 1948 903 1995 te
957 1937 1031 1992 brius
1045 1937 1137 1993 venire
1151 1953 1235 2007 super
1250 1946 1366 2004 montes,
1393 1937 1444 1992 hoc
1467 1944 1507 1991 est
1528 1952 1608 2006 super
1628 1936 1753 1992 altitedi-

99 2021 198 2080 faciem
215 2033 298 2096 tuam,
315 2035 418 2082 sanctae
432 2026 590 2084 affectiones
610 2036 691 2082 ruunt
716 2028 744 2081 ia
767 2027 900 2093 delectus,
956 2041 1019 2080 nem
1040 2026 1167 2082 humanae
1189 2025 1374 2097 perfectionis,
1388 2025 1492 2081 scilicet
1506 2033 1534 2081 ut
1547 2025 1633 2080 fluent
1646 2033 1754 2080 montes

100 2111 130 2168 fit
147 2112 299 2169 amaritudo
324 2114 353 2169 in
374 2115 551 2183 conscientie,
566 2125 592 2170 et
607 2115 801 2170 irrationabilis
815 2115 900 2170 tristi·
956 2128 972 2168 e
987 2112 1057 2168 lacie
1071 2113 1192 2181 Domini,
1203 2129 1263 2169 cum
1278 2112 1344 2168 rihtt
1358 2129 1388 2169 se
1404 2129 1464 2170 esse
1477 2111 1672 2169 estimaverint
1685 2111 1752 2184 qui-

100 2200 154 2268 tia;
171 2200 200 2255 in
213 2202 420 2258 couversatione
437 2203 549 2258 fratrum
563 2202 645 2274 plene
656 2203 901 2272 omniescandalis,
954 2200 1023 2256 libet
1041 2202 1134 2273 magui
1156 2202 1281 2257 homiues
1302 2201 1330 2256 in
1353 2201 1556 2272 comparatione
1571 2200 1632 2271 Dei,
1650 2208 1678 2257 et
1690 2201 1753 2257 siae

101 2287 129 2343 in
154 2287 298 2344 solitudine
324 2290 455 2345 tumultus
479 2290 592 2359 menhs,
615 2289 686 2362 sugit
708 2292 752 2345 lux
776 2290 899 2358 interior,
955 2288 1044 2361 gratie
1058 2289 1154 2360 ipsius.
1171 2291 1237 2345 Cum
1250 2306 1318 2361 ergo
1333 2290 1440 2360 Sponsa
1454 2289 1565 2356 Christi,
1580 2287 1669 2344 fidelis
1687 2287 1752 2345 ani-

102 2375 245 2432 involvunt
260 2378 380 2433 tenebre
394 2380 598 2445 conculcantes,
615 2378 725 2451 languet
745 2379 823 2447 tides,
839 2397 901 2451 spes
955 2392 1013 2445 me,
1039 2377 1214 2449 aliquetenus
1242 2378 1390 2449 aliquando
1417 2377 1563 2433 admittitur
1577 2376 1611 2433 ad
1625 2385 1752 2433 mntem-

102 2463 226 2535 palpitat,
241 2465 357 2521 charites
381 2465 522 2534 lassescit,
544 2466 577 2522 tlt
597 2467 702 2523 animus
722 2468 825 2535 ebrius,
849 2484 900 2524 uec
953 2465 1082 2535 piandum
1109 2466 1238 2538 gaudium
1267 2482 1355 2529 suum.
1379 2465 1427 2522 sed
1451 2474 1523 2521 titre
1546 2481 1600 2521 ¹10⁰
1621 2463 1752 2536 ptoevtlel

102 2568 215 2623 compos
236 2554 298 2616 sui;
327 2570 426 2626 corpus
448 2556 522 2611 oneri
546 2556 647 2625 menti,
671 2572 748 2611 mens
769 2557 897 2626 corpori;
952 2552 1056 2608 diutius
1077 2554 1112 2609 ad
1136 2554 1288 2619 fruendum,
1304 2555 1354 2610 sed
1373 2554 1442 2608 illud
1465 2553 1596 2625 quidquid
1610 2562 1664 2620 est,
1679 2553 1752 2608 sicut

102 2645 180 2707 nutat
202 2642 303 2704 oratio,
323 2643 415 2699 sordet
438 2643 532 2713 lectio,
556 2644 662 2714 squalet
683 2645 841 2708 meditatio;
871 2643 900 2700 fit
952 2641 1075 2696 illabitur
1089 2657 1281 2713 nonnunquam
1297 2642 1460 2712 inopinanti,
1479 2642 1520 2697 sic
1533 2650 1645 2712 repente
1659 2641 1750 2697 elabi·

100 2730 259 2786 omnimoda
274 2731 401 2786 sterilitas
415 2733 515 2787 mentis
535 2747 550 2786 a
575 2732 674 2788 diri-itia
688 2733 788 2800 cordis,
804 2742 831 2788 et
845 2750 897 2803 pu·
953 2738 995 2784 tur
1009 2730 1120 2795 tenenti,
1134 2729 1163 2784 tit
1176 2731 1248 2802 qnod
1265 2731 1409 2801 sequitur:
1429 2752 1440 2780 a
1453 2730 1556 2787 Similis
1569 2738 1626 2786 esto
1640 2745 1750 2800 capreae

100 2824 169 2888 enat
183 2826 278 2875 conus
292 2819 422 2876 miserum
436 2828 463 2876 et
476 2821 642 2877 insensatum
658 2820 733 2877 orbis
748 2829 893 2876 terrarum.
953 2819 1119 2888 hinnuloque
1143 2834 1299 2875 cervorum.
1319 2841 1330 2868 ι»
1358 2819 1410 2875 Ubi
1430 2819 1504 2889 quod
1526 2819 1601 2884 dicit,
1619 2839 1630 2865 ι
1648 2827 1746 2886 este,··

100 2906 264 2964 Revertente
286 2916 377 2964 autem
407 2916 452 2978 te,
476 2925 525 2965 seu
548 2918 724 2965 convertente
749 2917 775 2966 te
799 2909 897 2966 faciem
952 2921 1102 2963 consensus
1116 2915 1155 2962 est
1171 2906 1319 2962 voluntatis
1337 2909 1466 2963 humanas
1481 2907 1550 2963 bene
1565 2905 1672 2963 affectas
1684 2922 1750 2961 cum

101 3001 175 3050 tuern
189 2995 224 3050 ed
239 3012 293 3059 me,
308 3012 323 3051 a
339 2997 432 3052 letitie
446 2996 538 3053 vultus
553 2999 601 3065 tui,
616 3013 632 3053 a
648 2998 780 3053 suavitate
800 3015 898 3054 sensus
952 2994 1316 3061 voluntateliei,certiesime
1324 2995 1468 3064 credentis,
1478 2995 1542 3066 quie
1549 2995 1606 3051 sive
1616 2995 1751 3066 dignatur

102 3082 149 3152 tui,
166 3099 263 3139 serena
276 3087 369 3141 omnia
381 3085 449 3141 hunt
472 3094 498 3142 et
520 3086 681 3157 tranquille;
698 3085 727 3140 sit
741 3096 835 3142 sancta
848 3088 896 3142 lea·
914 3051 1153 3139 Cdesiderantem
1177 3083 1304 3150 invisere,
1322 3084 1381 3141 sive
1402 3084 1477 3154 quasi
1498 3083 1654 3141 recedendo
1669 3083 1748 3140 vide·

101 3171 159 3227 titia
173 3170 207 3227 de
226 3181 319 3229 sancte
337 3174 516 3242 conscientie,
539 3175 613 3247 viget
636 3174 795 3245 intellectus,
811 3175 898 3231 servet
955 3181 995 3227 tur
1017 3172 1156 3237 deserere,
1172 3172 1274 3227 bonum
1298 3181 1340 3227 cst
1360 3173 1422 3243 ipsi,
1439 3172 1481 3228 cui
1496 3174 1548 3229 hoc
1561 3170 1600 3238 tit,
1616 3171 1750 3242 quidquid

100 3260 227 3330 studium,
243 3261 407 3318 illuminatur
428 3262 550 3330 effectus,
567 3279 644 3318 mens
665 3263 692 3317 in
711 3265 769 3330 Deo
792 3264 896 3320 hilare·
950 3261 986 3315 ab
1000 3260 1104 3330 optimo
1118 3260 1176 3317 Deo
1192 3260 1231 3316 ht.
1252 3262 1286 3316 Et
1299 3277 1371 3330 cum,
1388 3277 1470 3331 quem
1492 3260 1691 3316 delectabiliter
1704 3268 1751 3317 te-

100 3349 160 3420 scit,
176 3351 306 3406 saeuttnn
325 3351 438 3418 vilescit,
452 3368 550 3423 corpus
571 3352 661 3419 servit,
678 3360 835 3408 accruscuut
852 3353 896 3410 vi·
950 3349 1034 3405 nebat
1056 3349 1194 3419 illapsum,
1220 3350 1350 3406 continuo
1373 3350 1453 3405 anxie
1475 3348 1589 3423 requirit
1613 3348 1749 3422 elapsum,

100 3454 162 3505 res,
191 3439 354 3496 roborentur
380 3441 509 3505 virtutes,
534 3440 697 3496 illuminatur
722 3439 805 3509 tides,
833 3458 897 3513 spes
950 3435 979 3491 lit
993 3437 1065 3509 quod
1081 3438 1224 3508 sequitur:

100 3526 277 3594 confortetur,
293 3528 410 3583 charites
431 3528 581 3584 ordinatur.
607 3528 648 3584 Fit
672 3529 801 3601 frequens
824 3546 895 3601 geu·
1256 3562 1368 3619 cqpffl·
1395 3561 1443 3617 111,

100 3612 177 3669 dium
202 3613 229 3668 in
253 3616 358 3686 Spiritu
385 3624 491 3684 sancto,
506 3632 567 3672 cum
583 3615 712 3671 iratribus
727 3618 896 3673 conversatio

98 3699 198 3768 dulcis,
214 3701 320 3758 dulcior
333 3719 394 3758 cum
410 3705 468 3759 Deo
480 3702 612 3771 solitudo;
639 3719 717 3760 meus
738 3705 852 3774 stabilis,
869 3710 896 3761 et

98 3803 227 3843 sensuum
242 3790 424 3860 spiritualium
442 3792 579 3860 secuuda;
597 3791 695 3848 alacris
710 3794 807 3859 oratio,
824 3794 896 3849 utilis

97 3874 189 3943 lectio,
204 3876 371 3933 rationabilis
386 3879 543 3945 meditatim
569 3888 595 3936 et
618 3880 736 3935 studium
753 3881 896 3951 spirituale

98 3964 134 4018 ed
158 3965 250 4020 omniu
272 3975 460 4037 prosperatur.
484 3968 525 4022 Fit
552 3967 621 4022 serie
649 3968 729 4035 actio,
758 3971 896 4040 otiumque

99 4050 291 4121 sancufieatnr,
314 4070 450 4127 nusquam
472 4056 648 4122 scandalum,
672 4072 807 4128 nusquam
826 4074 895 4114 con-

100 4140 235 4208 tradictio,
251 4142 389 4198 humilitas
413 4144 439 4198 in
463 4146 616 4215 prosperis,
642 4145 772 4202 fortitudo
794 4145 820 4201 in
844 4147 896 4201 ad-

100 4229 204 4296 versis;
220 4238 246 4285 et
261 4229 380 4300 quandiu
394 4231 514 4287 custodis
533 4233 632 4288 atrium
656 4237 732 4288 tuum
754 4233 832 4289 tortis
847 4249 895 4290 er-

98 4323 196 4387 malus,
212 4317 240 4371 ie
255 4333 321 4389 pace
335 4327 399 4374 sunt
411 4319 502 4374 omnia
517 4337 582 4391 quae
597 4321 721 4391 possides
742 4323 822 4391 (Luc.
840 4324 892 4393 m).

987 3689 999 3716 a
1016 3668 1046 3721 In
1062 3667 1165 3723 lectulo
1180 3684 1241 3725 meo
1255 3684 1303 3739 per
1318 3675 1424 3723 noctem
1445 3666 1556 3738 quaesivi
1579 3682 1659 3737 quem
1680 3666 1747 3723 dili-

950 3755 991 3828 git
1002 3757 1092 3810 anima
1115 3771 1186 3811 mea.
1206 3781 1218 3807 a
1244 3756 1296 3813 Ubi
1312 3756 1399 3828 primo
1414 3756 1583 3822 intuendum,
1598 3755 1662 3828 quie
1674 3756 1748 3812 sicut

950 3844 1098 3900 recedente
1114 3844 1158 3900 die
1173 3860 1225 3900 nox
1238 3853 1289 3910 est,
1303 3853 1330 3900 et
1344 3845 1458 3901 absente
1472 3845 1531 3900 luce
1550 3842 1652 3917 frustra
1674 3842 1747 3899 oculi

949 3933 1071 4003 corporis
1084 3933 1244 3988 intenebris
1258 3940 1361 4004 petent,
1394 3932 1434 3989 sic
1452 3933 1566 4004 Sponsae
1580 3931 1613 3986 ed
1628 3935 1749 3988 contem·

950 4020 1085 4091 piandum
1098 4022 1171 4092 quod
1187 4020 1323 4077 desiderat
1338 4021 1397 4077 sine
1411 4020 1545 4090 adjutorio
1560 4020 1656 4093 gratias
1680 4019 1748 4077 illu·

950 4109 1075 4165 minentis
1090 4109 1192 4165 trustra
1207 4110 1302 4165 nititur
1326 4102 1449 4165 intentio
1464 4125 1513 4179 per
1536 4109 1590 4164 vim
1614 4107 1743 4165 rationis.

950 4198 1015 4253 ldeo
1025 4197 1091 4254 dicit
1106 4216 1112 4253 :
1125 4221 1135 4246 a
1148 4199 1177 4253 ln
1187 4197 1286 4254 lectulo
1301 4195 1655 4269 meoperncctemquasivi
1665 4212 1747 4268 quern

950 4285 1039 4358 diligit
1054 4287 1144 4341 eninra
1157 4302 1229 4342 mee.
1247 4311 1258 4335 u
1287 4284 1341 4342 Sed
1362 4285 1451 4356 primo
1465 4283 1612 4341 videndum
1627 4291 1668 4340 est
1681 4284 1747 4356 quid

100 4423 114 4455 e
130 4404 298 4471 nemete„
311 4421 387 4480 ergo,
401 4407 523 4463 *duem
538 4409 591 4472 mk
608 4410 706 4466 similis
720 4420 778 4466 esto
788 4426 894 4482 caprea}
907 4401 936 4465 D
951 4373 979 4427 in
992 4374 1045 4430 hcc
1060 4374 1146 4439 nobis,
1163 4375 1244 4430 etiem
1259 4374 1343 4443 juxta
1355 4373 1473 4429 litteram
1487 4372 1624 4428 innuatur.
1640 4372 1747 4443 Sponsa

98 4491 265 4564 hinnuloque
288 4509 437 4551 cervomm.
457 4518 468 4544 ι
494 4497 534 4551 De
553 4513 652 4568 caprea
666 4498 730 4567 quid
745 4499 897 4555 dicemus?

98 4580 233 4663 »lautioris
247 4583 321 4638 visus
342 4591 394 4640 est.
413 4584 484 4641 Nolo
503 4600 579 4655 ergo,
596 4585 643 4655 eit,
658 4586 828 4642 abscondere
852 4603 896 4642 me

99 4667 169 4725 sicut
181 4669 269 4725 iidem
290 4671 371 4740 (Gen.
387 4673 428 4743 tu)
444 4688 461 4727 a
476 4672 544 4729 iecie
568 4675 659 4730 omnia
681 4675 816 4742 videntis,
839 4674 896 4731 sive

100 4757 286 4830 approbantis,
302 4759 360 4816 sive
374 4762 531 4832 arguentis;
556 4762 605 4819 sed
620 4763 721 4819 vultum
736 4770 820 4833 tuum,
837 4765 896 4819 Dc-

100 4845 184 4922 mine,
203 4847 329 4918 requiro;
359 4846 456 4919 faeiem
486 4853 560 4904 luam
588 4849 705 4922 exquirit
732 4852 814 4908 iacies
835 4868 897 4908 mee

101 4933 194 5011 (Paul,
214 4939 304 5006 xxvi).
323 4935 406 4992 Dabis
420 4937 503 4992 etiem
518 4937 584 4992 mihi
598 4938 692 5001 aciem
702 4940 841 4996 oculorum
857 4941 897 4995 in·

98 5030 231 5088 lariorum
252 5047 374 5088 meorum
388 5033 423 5087 ad
438 5032 634 5089 intendendum
657 5035 724 5102 tibi,
749 5043 777 5092 et
800 5037 896 5108 provi-

96 5127 217 5185 dendum
231 5129 308 5184 mihi.
319 5130 352 5184 Et
366 5130 437 5186 sicut
450 5130 532 5186 vetor
549 5138 591 5186 eet
602 5146 714 5201 caprea,
725 5133 804 5189 debis
814 5133 895 5190 etiam

96 5225 162 5281 mihi
176 5226 350 5283 uelocitatem
364 5226 475 5298 spiritns
502 5227 535 5282 ad
561 5228 768 5302 intelligendum
797 5230 831 5286 de
858 5238 895 5300 te,

96 5322 166 5378 sicut
180 5323 309 5379 velociter
331 5325 417 5379 currit
439 5340 531 5381 sermo
548 5333 618 5381 tues.
644 5325 719 5395 Quid
735 5326 770 5382 de
782 5327 896 5383 hinnulo

97 5421 260 5475 morum?
281 5421 327 5476 Vis
341 5421 366 5477 ai
380 5421 451 5478 inest
474 5430 594 5495 paterere
615 5432 717 5480 naturas
739 5432 769 5479 ut
792 5424 898 5496 fugiant

98 5530 161 5574 eum
173 5525 323 5590 mrpeutes.
338 5534 444 5578 venene
455 5535 511 5579 nen
526 5520 636 5580 ledam.
659 5522 706 5581 Sia
719 5522 817 5579 Filium
831 5522 895 5594 Dei,

951 4461 1086 4532 Sponsum
1101 4462 1257 4533 requirens,
1273 4478 1362 4534 neque
1381 4462 1453 4517 diem
1467 4477 1556 4534 neque
1571 4466 1677 4517 noctem
1692 4476 1746 4532 po·

951 4556 1003 4606 test
1017 4550 1118 4606 habere
1133 4550 1267 4607 feriatam.
1283 4551 1390 4605 Etenim
1408 4550 1502 4619 etiam,
1518 4549 1553 4604 ed
1568 4549 1693 4614 litteram,
1710 4549 1746 4604 ad

950 4638 1095 4710 spiritualis
1107 4632 1229 4694 exercitii
1242 4638 1332 4694 studia
1347 4638 1446 4712 vigilia
1460 4646 1600 4694 nocturnae
1614 4641 1744 4708 quantam

950 4727 1068 4783 habeant
1081 4726 1322 4798 opportunitatem,
1338 4714 1407 4797 quor
1421 4726 1522 4783 fructus
1549 4726 1658 4797 spiritus
1681 4722 1746 4780 affe·

950 4824 1011 4873 rent
1033 4815 1210 4888 vigilantibus
1232 4816 1266 4871 ed
1291 4816 1411 4872 reditum
1436 4815 1545 4887 Sponsi,
1570 4821 1668 4871 norunt
1692 4812 1746 4886 ipsi

951 4905 1105 4979 vigilantes.
1124 4903 1264 4976 Proprium
1279 4903 1379 4976 quippe
1394 4909 1502 4975 tempus
1516 4903 1568 4960 boc
1583 4902 1681 4959 mentia
1694 4909 1744 4968 est,

950 5002 1083 5050 eteorum
1098 5009 1159 5064 ques
1172 4992 1270 5047 mentis
1284 4995 1356 5047 s'unt.
1381 4992 1482 5048 vacant
1496 5007 1611 5058 sensus;
1631 5005 1682 5046 nec
1696 4993 1749 5061 per

950 5097 998 5138 cos
1011 5080 1114 5153 aliquid
1130 5074 1276 5151 obstrepit.
1304 5079 1345 5135 Fit
1368 5080 1456 5151 primo
1482 5086 1617 5137 secretum
1636 5076 1756 5149 cubilis,

951 5169 1049 5225 deinde
1058 5183 1105 5240 per
1114 5183 1239 5224 somnum
1249 5169 1371 5240 corporis
1380 5169 1473 5239 quies:
1495 5182 1556 5225 cum
1565 5177 1625 5239 post
1635 5166 1749 5223 diurnos

951 5257 1057 5313 labores
1071 5250 1249 5313 eloerumnas
1270 5257 1333 5314 vitae
1357 5259 1446 5327 huius,
1462 5257 1530 5313 sicut
1553 5263 1674 5312 sanctum
1697 5255 1748 5312 lob

950 5345 1075 5416 (Iolen),
1087 5345 1266 5401 meditantem
1281 5345 1315 5402 de
1330 5347 1387 5402 Deo
1398 5344 1554 5403 consolatur
1568 5347 1653 5401 lectus
1663 5361 1745 5401 suns:

950 5433 1027 5504 cujus
1048 5447 1100 5488 non
1116 5441 1156 5490 est
1169 5433 1259 5490 lectus
1282 5434 1422 5506 sepulture
1444 5434 1553 5505 mortun,
1568 5432 1612 5489 rel
1627 5431 1747 5490 diverso·

949 5522 1019 5581 dum
1034 5522 1182 5594 ebrietatis,
1201 5523 1252 5581 sed
1261 5523 1444 5601 spiritualium
1459 5522 1610 5581 studiorum
1625 5521 1744 5595 omens,
