3728 6000
94 250 147 307 'tot

594 246 631 302 D.
653 243 782 303 thahat
800 239 1026 299 schohtsctct
1046 242 1255 304 thamensis

1697 244 1753 304 '56⁸

95 377 343 450 incorruptibilem,
360 375 479 433 existens
502 371 530 427 ln
552 369 755 435 coexistentem,
779 382 850 424 nova
870 365 898 420 ia
912 364 939 428 A
954 378 1102 424 nouerant.
1116 369 1238 438 Quorum
1252 369 1317 444 quia
1328 370 1364 427 ab
1378 372 1462 429 altero
1484 373 1595 444 quiemt,
1616 389 1653 430 aa
1670 373 1755 430 dein-

94 471 235 541 antiouam
250 467 307 521 sine
322 467 393 520 illius
413 461 585 519 innovatione
600 460 642 515 vel
665 459 815 514 mutatione
840 472 897 511 mu·

97 564 178 623 tetur,
196 555 345 626 respondet
359 554 407 608 tibi
422 552 587 623 Augustinus
601 550 629 602 ia
644 548 717 602 libro
741 545 897 602 Sententia·

6 676 8 681 ·
98 663 157 702 rum
173 646 301 714 Prosperi
318 645 347 711 (t.
366 644 401 710 x,
421 642 503 710 aith:
523 663 534 686 ιι
552 639 580 693 Si
595 636 693 708 quaeris
710 636 821 690 modum
844 647 897 705 quo

97 735 124 790 id
151 733 236 805 possit
264 731 334 796 lieri,
366 731 485 786 brevitor
511 728 546 783 ad
575 742 695 796 praesens
719 721 896 795 respondeo:

100 823 257 894 mysterium
273 820 335 876 lidei
351 827 402 889 est,
423 818 509 875 credit
529 816 676 871 salubriter
694 816 793 884 potest,
819 812 898 866 inve-

96 910 190 983 stigari
205 911 375 965 utiliternon
392 916 488 979 potest.
510 929 521 955 n
543 907 606 960 ltern
628 903 700 959 idem
715 910 808 957 eontra
832 900 895 955 Feli·

96 1002 203 1058 clauum
218 1001 292 1069 (30):
311 1019 322 1049 r
340 997 504 1054 Omittamus
516 996 543 1048 in
559 996 616 1050 Deo
632 990 781 1063 corporalis
795 989 898 1044 intelli-

98 1089 198 1161 gentim
215 1073 319 1159 legem,
343 1103 377 1141 ne
398 1087 526 1156 operibus
548 1083 607 1138 suis
627 1082 744 1163 similem
774 1079 898 1134 dicamus

98 1189 159 1229 esse
181 1173 326 1227 factorem.
350 1193 361 1219 r
379 1171 411 1225 Et
432 1180 494 1240 post
517 1183 622 1240 pauca:
641 1166 722 1220 «Hoc
744 1163 810 1219 fides
837 1178 898 1218 cre·

98 1260 144 1316 dat
157 1260 336 1333 intelligentia
350 1275 404 1315 non
418 1258 549 1330 requirat,
567 1273 602 1311 no
623 1270 658 1311 au
680 1271 736 1310 noa
760 1254 897 1309 inventum

99 1357 174 1423 putet
190 1348 359 1414 incredibile,
384 1357 430 1403 aut
451 1353 590 1418 repertum
614 1359 668 1399 noa
688 1342 779 1399 credat
801 1342 899 1412 singu-

98 1439 164 1495 lare.
179 1462 190 1489 r
207 1441 274 1494 ltem
299 1437 457 1493 Ambrosius
474 1436 502 1490 in
521 1435 592 1490 libro
616 1435 656 1488 lle
680 1430 815 1503 mysteriis
842 1428 899 1485 iai·

100 1528 200 1583 tiandis
218 1529 289 1599 (cap.
308 1530 333 1591 9,
353 1533 370 1580 ι.
388 1526 422 1591 ll,
437 1541 464 1579 c.
483 1526 555 1593 338),
568 1522 656 1577 omnis
669 1528 772 1575 tanturm
787 1527 899 1573 terream

98 1616 235 1689 originem
250 1616 292 1671 val
312 1613 493 1670 conditionem
514 1612 550 1665 ab
575 1611 629 1666 huc
646 1608 778 1680 singulari
800 1605 900 1663 divium

951 472 1016 528 ceps
1030 473 1065 512 ex
1077 459 1161 514 nihilo
1176 459 1345 516 substanciae
1355 468 1429 517 creet
1443 477 1474 518 ac
1495 463 1609 533 turmas,
1633 463 1751 519 alterum

951 553 1054 602 naturae
1072 548 1289 617 communicavit,
1309 564 1363 619 quo
1377 564 1409 605 ea
1424 566 1486 623 quaa
1505 558 1578 617 suat,
1593 553 1621 606 in
1632 551 1659 606 id
1674 551 1749 622 quod

952 649 1007 690 non
1034 644 1105 703 sunl,
1135 642 1273 692 mutantur
1298 638 1449 695 secundum
1472 639 1597 705 sormam,
1620 648 1650 695 ut
1671 642 1754 714 uirga

952 732 1117 795 serpentem,
1134 725 1297 792 mirabiliter,
1314 735 1341 783 et
1360 743 1441 783 omne
1461 743 1558 783 semea
1577 728 1604 783 in
1630 729 1753 784 fructum

952 811 994 866 sui
1014 814 1123 885 generis
1150 815 1321 871 naturaliter.
1349 816 1471 873 Tertium
1500 817 1641 889 priuilegio
1662 816 1755 872 divini

953 903 1090 957 sermonis
1104 903 1245 959 ascribens
1259 905 1385 976 subjecit:
1402 914 1429 961 et
1443 905 1495 962 hoc
1504 905 1576 977 quod
1591 905 1754 963 conficimus

951 1004 1062 1061 corpus.
1079 1007 1111 1047 ex
1125 992 1232 1065 virgine
1247 1002 1298 1048 est.
1314 996 1342 1049 ln
1355 996 1482 1065 praesenti
1493 994 1567 1050 caim
1583 994 1657 1067 quod
1671 995 1751 1066 dixit,

952 1078 1111 1136 coraticimus
1132 1082 1279 1137 novitatem
1302 1083 1398 1152 panis;
1415 1085 1442 1138 in
1470 1098 1588 1154 corpore
1618 1083 1693 1153 quod
1719 1099 1753 1138 ex

953 1168 1060 1242 virgine
1086 1178 1129 1224 est
1156 1170 1401 1227 immutabilitatem
1427 1173 1545 1241 antiquae
1563 1171 1687 1229 raritatis
1711 1188 1754 1226 as·

954 1258 1046 1325 trualt,
1062 1266 1101 1327 ut,
1120 1259 1185 1314 dum
1201 1259 1280 1330 panis
1304 1268 1430 1316 manento
1459 1260 1545 1315 forma
1567 1276 1615 1316 sua
1634 1268 1756 1316 mutatur

954 1346 1024 1402 inid
1046 1348 1119 1417 qrrod
1142 1364 1196 1403 non
1216 1357 1281 1414 erat,
1307 1364 1408 1420 corpus
1431 1349 1535 1406 scilieet
1557 1347 1658 1404 Christi
1681 1348 1753 1420 quod

954 1452 988 1490 ox
1010 1435 1116 1507 virgiac
1140 1445 1198 1491 erat
1221 1446 1320 1507 praeter
1341 1437 1464 1493 ordinem
1488 1445 1608 1494 naturae:
1635 1438 1692 1494 Nec
1714 1436 1750 1494 dc

954 1523 1046 1581 nihilo
1054 1525 1295 1598 credaturrorpus
1307 1525 1753 1593 Christicreoriinrocromeato,

953 1613 1757 1688 secundemprimurioenoturreoripiacmntccponirsor·

99 1706 194 1778 gratiae
217 1712 387 1759 sacramanto
412 1701 562 1758 excludens
586 1701 624 1753 all
640 1717 647 1753 ι
663 1721 673 1745 ⁸
692 1699 769 1753 Forte
797 1696 874 1751 dictas
891 1703 1305 1783 :Bmammularisecundan
1316 1705 1756 1761 nalaroecrrmmunicatamcon·

99 1794 178 1849 Aliud
197 1794 280 1850 Video
297 1811 304 1854 t
321 1791 459 1864 quomodo
475 1797 501 1843 lu
517 1788 583 1844 mihi
592 1786 701 1854 asseris,
713 1785 786 1858 quod
795 1799 898 1854 corvus
953 1791 1155 1858 suetudinem
1171 1792 1219 1848 red
1232 1808 1302 1849 nouo
1316 1797 1344 1848 el
1356 1791 1485 1849 inaudito
1500 1792 1753 1850 medoilontutari

100 1881 201 1938 Christi
210 1882 325 1952 eripiam
340 1883 353 1933 ‘l
370 1881 405 1935 Et
419 1881 470 1935 hoc
488 1884 614 1949 superest
641 1876 721 1932 nobis
742 1882 770 1929 ut
800 1872 899 1945 probe·
952 1881 1142 1936 substantium
1156 1882 1239 1953 ponis
1250 1882 1281 1938 in
1295 1883 1488 1938 substantium
1501 1883 1625 1954 corporis
1637 1881 1755 1950 Christi,

99 1986 173 2027 mue.
189 1969 302 2040 Quantis
321 1970 423 2022 utimur
444 1966 585 2037 enernplis,
611 1972 642 2020 ut
664 1964 819 2036 probemus,
845 1976 899 2016 aon
953 1973 986 2026 ut
999 1970 1084 2042 panis
1097 1985 1153 2026 „pp
1170 1972 1217 2039 351,
1233 1971 1282 2027 ,pa
1296 1974 1434 2043 appareat
1449 1985 1509 2027 em
1523 1969 1594 2043 quod
1606 1972 1756 2041 swam

99 2060 153 2116 hOC
167 2075 229 2115 CSSC
244 2058 315 2129 quod
330 2067 425 2112 nilllll'a
441 2055 578 2123 formavit,
595 2053 642 2110 SCd
658 2054 730 2124 qllssll
746 2050 900 2107 lJCssedlCllO
955 2075 1054 2130 corpus
1071 2059 1177 2116 Christi
1192 2075 1249 2115 non
1266 2059 1384 2116 desistat
1400 2075 1458 2117 ωε
1474 2059 1757 2132 quoderat,1)iffuum

100 2148 280 2215 consecrarit,
298 2146 486 2216 majoremque
515 2159 576 2198 esse
606 2142 658 2198 vim
690 2140 899 2196 benedictionis.
955 2162 1073 2218 namque
1089 2156 1157 2212 erat,
1173 2155 1201 2202 ut
1221 2148 1350 2220 quiahoc
1372 2148 1424 2203 sibi
1447 2150 1474 2203 in
1497 2147 1586 2218 seipso
1610 2155 1669 2203 erat
1692 2162 1758 2218 pro·

103 2253 187 2307 quam
203 2245 306 2292 nature}
327 2238 388 2305 quia
409 2233 599 2288 benedictione
624 2231 706 2286 etiam
726 2238 819 2284 natura
841 2228 902 2300 ipsa
956 2236 1013 2306 prie
1028 2236 1183 2307 proprium,
1198 2237 1302 2292 caeteris
1315 2236 1372 2291 suis
1388 2237 1517 2308 operibus
1537 2236 1754 2293 incommunica-

100 2334 218 2380 mulalur
236 2327 242 2380 l
262 2326 371 2394 Vll'glim
394 2323 504 2378 lenehlll
519 2322 634 2392 Moyses,
652 2316 771 2390 projecit
794 2334 854 2373 eam
877 2323 904 2371 el
958 2325 1010 2379 bile
1026 2324 1127 2380 faceret
1138 2325 1204 2379 lariti
1218 2326 1259 2380 sui
1271 2325 1393 2396 myslsslll
1408 2325 1578 2382 miraculum,

103 2412 174 2470 lacta
188 2420 228 2469 cst
241 2428 388 2482 serpensu
405 2412 440 2466 lit
455 2419 609 2481 postpauca
626 2427 633 2463 :
652 2432 663 2458 r
681 2407 783 2478 Tetigit
797 2407 904 2476 Moyses
993 2412 1122 2481 Quernas
1148 2422 1248 2482 autem,
1273 2431 1338 2471 cum
1361 2416 1491 2471 pominus
1516 2422 1579 2470 ,ηις
1604 2412 1760 2484 passionem

103 2511 220 2574 aelffini
241 2510 268 2556 el
292 2515 364 2572 aqut
385 2500 420 2555 dc
442 2507 517 2570 petra
540 2497 677 2569 profluxit.
699 2495 827 2565 Nunquid
850 2509 904 2549 non
957 2501 1097 2572 discipulis
1111 2511 1314 2559 sacramentum
1329 2504 1452 2575 corporis
1466 2503 1508 2559 sui
1519 2501 1634 2567 dederit,
1647 2503 1760 2573 quando

101 2600 202 2663 Praeler
224 2598 345 2645 naluraffl
371 2597 482 2658 operm
503 2596 543 2641 082
566 2585 665 2656 gralia,
689 2592 717 2639 ul
734 2600 835 2656 fllium
858 2599 905 2639 VO·
958 2600 1017 2647 erat
1032 2600 1139 2648 naturae
1154 2593 1325 2662 passionibus
1339 2592 1497 2658 obnoxium,
1517 2592 1539 2647 si
1564 2592 1602 2647 ita
1626 2591 1758 2649 incorru-

100 2686 186 2735 mffl'l
199 2687 286 2749 Pella·
302 2694 382 2747 quam
394 2693 448 2732 ¹¹0ss
463 2676 579 2731 habebat
595 2675 711 2729 nalum?
730 2673 904 2728 Advarlifflssi
958 2680 1054 2752 ptibile
1069 2689 1095 2737 et
1110 2681 1265 2738 immortale
1281 2681 1384 2738 dederit
1396 2681 1462 2736 illud
1475 2681 1501 2735 in
1516 2681 1760 2749 sacramento,sic-

102 2768 189 2841 igitur
204 2767 316 2837 majoris
331 2782 393 2821 esse
414 2766 540 2835 graham,
563 2780 644 2836 quam
667 2771 804 2817 naturam.
824 2761 904 2830 Quod
958 2778 987 2824 ut
1000 2769 1080 2824 rlatm
1094 2770 1172 2825 nobis
1186 2770 1278 2837 murlo,
1299 2770 1485 2826 rnerimecum
1499 2769 1614 2825 dixerit:
1640 2771 1695 2826 lloc
1717 2777 1760 2826 cat

103 2856 128 2912 si
153 2864 258 2911 tantum
287 2855 372 2911 valuit
396 2856 512 2909 humana
535 2851 700 2918 benedictio,
724 2859 753 2906 ul
780 2859 904 2905 naturam
958 2875 1059 2930 corpus
1073 2875 1179 2924 meum,
1195 2858 1571 2932 quodpronopmmdgppr5
1588 2858 1760 2915 prmum.

103 2952 284 3014 conrerteret,
300 2944 368 3015 quid
383 2942 498 2998 dicimus
513 2943 547 2998 de
566 2942 624 3013 ipsa
638 2941 844 2998 consecratione
859 2938 903 2992 di·
957 2948 1551 3020 ppt„quapronopigemmeramme,111,
1569 2948 1625 3018 19),
1638 2946 1694 3004 sed
1704 2962 1758 3003 non

108 3034 182 3101 rina,
197 3033 244 3089 ubi
261 3035 342 3090 uerba
354 3031 464 3087 Domini
482 3031 630 3087 saluatoris
649 3030 812 3100 operantur?
834 3028 902 3082 Nam
919 3077 944 3140 C
959 3039 1001 3086 est
1015 3032 1125 3100 miram,
1141 3033 1164 3087 si
1178 3033 1234 3101 ille,
1250 3033 1369 3105 quiante
1380 3031 1538 3104 passionem
1549 3032 1753 3104 transfiguravit

105 3130 304 3179 sacramentum
319 3122 398 3188 istud,
416 3123 489 3192 quod
508 3120 618 3191 accipis,
642 3117 741 3175 Christi
761 3116 903 3174 conficitur
958 3136 988 3176 se
1002 3121 1032 3175 in
1048 3120 1100 3177 tale
1115 3136 1216 3191 cerpus
1231 3121 1410 3192 qualepostet
1420 3119 1644 3177 resurrectionem
1656 3120 1758 3177 habitu·

104 3228 241 3269 sermone.
258 3213 354 3267 Sermo
368 3210 451 3283 igitur
466 3210 578 3277 Christi,
595 3208 641 3279 qui
664 3207 750 3279 potuit
764 3223 795 3261 ea
817 3205 902 3260 nihilo
955 3218 1110 3274 raserat,et
1124 3218 1186 3280 post
1201 3210 1428 3266 resurrectionem
1444 3209 1757 3281 ostenditcorpussuum

111 3301 204 3359 iacere
219 3301 292 3373 quod
306 3312 437 3366 nouerat,
453 3315 508 3355 aon
528 3306 617 3370 potest
639 3313 672 3353 ea
694 3312 755 3367 quae
778 3302 849 3363 sunt,
874 3294 903 3349 in
957 3297 1128 3353 vulneratum
1142 3306 1167 3353 et
1183 3297 1327 3368 palpabile,
1344 3298 1422 3368 quale
1437 3307 1501 3354 aute
1522 3297 1679 3368 passionem
1707 3298 1757 3354 lta·

106 3390 135 3446 id
150 3399 255 3446 mutare
269 3390 340 3460 quod
356 3406 410 3445 non
425 3390 521 3443 erant‘?
536 3387 634 3443 Nonne
649 3385 740 3457 majus
762 3393 802 3439 est
816 3398 902 3439 riores
957 3389 1069 3442 bearat:
1085 3387 1122 3441 ila
1136 3387 1291 3442 immortale
1306 3387 1413 3442 dederit
1435 3403 1534 3456 corpus
1555 3402 1635 3442 suum
1660 3386 1689 3440 ic
1713 3401 1756 3441 sa·

104 3480 185 3537 rebus
200 3478 277 3546 dare,
293 3495 373 3549 quam
391 3485 496 3533 mutare
512 3485 623 3531 naturas
637 3476 652 3528 ‘l
666 3474 737 3545 Quid
752 3487 902 3545 argumen-
957 3484 1094 3532 cremento
1119 3475 1192 3547 quod
1213 3483 1269 3530 erat
1281 3475 1453 3541 moriturum,
1470 3475 1539 3532 sicut
1554 3486 1615 3547 post
1630 3491 1755 3531 resurre-

104 3567 138 3625 tis
152 3569 270 3624 utimur?
290 3567 346 3622 sais
362 3576 468 3622 utamur
484 3564 633 3636 exenrplrs,
649 3563 901 3631 lucarnationisrpre
957 3565 1075 3620 ctionem
1092 3564 1164 3619 idem
1179 3580 1278 3636 eorpus
1292 3580 1373 3620 suum
1384 3564 1458 3633 quod
1473 3568 1533 3619 erat
1543 3563 1757 3629 invulnerabile,

104 3653 230 3724 exemplo
264 3660 412 3707 astruamur
437 3651 560 3722 mysterii
594 3650 751 3703 t'eritutcm·
775 3644 903 3716 Nunquld
957 3652 1076 3708 ostendit
1095 3653 1277 3709 vulneratum.
1298 3653 1373 3709 Sicut
1388 3653 1450 3718 hoc,
1467 3653 1505 3708 sic
1520 3662 1547 3707 et
1567 3652 1634 3707 illud
1658 3652 1757 3708 dirinae

105 3746 208 3796 naturae
230 3758 294 3795 usus
317 3739 454 3809 precessit,
489 3754 551 3792 cum
573 3737 694 3792 Christus
713 3734 844 3790 Dominus
869 3749 903 3788 ex
957 3742 1083 3813 porentia)
1107 3742 1265 3798 ascribatur,
1292 3741 1389 3796 Divina
1412 3740 1484 3796 enirn
1508 3740 1643 3809 operatio,
1669 3748 1698 3796 ut
1722 3740 1759 3796 nit

105 3829 189 3884 hieria
200 3828 381 3883 nasceretur?
398 3827 492 3899 Liquet
506 3842 572 3898 ergo
587 3826 659 3896 quod
678 3832 778 3894 praeter
801 3830 903 3877 naturae
958 3832 987 3885 fl,
1003 3829 1153 3902 Gregorius
1165 3830 1273 3902 (homil,
1293 3832 1328 3886 26
1342 3830 1369 3884 in
1385 3830 1492 3901 Evang,
1511 3845 1542 3883 n,
1556 3829 1582 3894 t,
1593 3829 1649 3886 eol,
1666 3831 1755 3896 1552),

108 3917 233 3974 ordinem
250 3919 329 3988 virgo
348 3915 498 3987 genethlii.
523 3915 555 3969 El
578 3915 628 3969 hOC
648 3912 721 3985 quod
744 3910 903 3967 conficimus
957 3919 980 3973 si
1007 3920 1113 3974 palione
1139 3918 1387 3990 comprabandiluffi
1418 3934 1474 3974 non
1501 3925 1543 3973 est
1570 3916 1755 3983 admirabilis,

106 4021 214 4076 corpus,
228 4021 262 4060 ex
279 4005 445 4075 virgineest.
462 4002 534 4073 Quid
550 4002 593 4056 hic
615 4001 712 4072 qureris
733 4007 835 4055 natura·
860 4014 904 4054 or·
958 4007 1090 4063 aeolides
1113 4008 1196 4063 babet
1216 4007 1355 4075 meritum,
1378 4008 1423 4064 cui
1446 4009 1565 4062 humana
1593 4005 1664 4062 ratio
1683 4022 1755 4078 prae-

107 4093 197 4149 dinem
213 4095 241 4147 in
260 4093 360 4148 Chrieti
375 4107 490 4162 corpore
514 4108 575 4148 cum
600 4099 697 4161 prater
722 4096 843 4144 naturam
871 4088 905 4143 sit
958 4091 1003 4148 bet
1017 4091 1239 4163 experimentum.

108 4180 167 4254 ipsc
182 4181 401 4238 Dominaslcsus
416 4190 506 4252 partus
521 4197 554 4235 ex
570 4178 697 4252 virgine?
720 4180 788 4234 Vera
813 4177 904 4247 utique
994 4180 1047 4251 Qui
1061 4197 1127 4253 ergo
1142 4181 1242 4250 duplici
1258 4179 1354 4249 torma,
1371 4181 1489 4236 humana
1503 4177 1608 4236 scilicet
1621 4187 1648 4235 et
1661 4195 1756 4237 sacra-

109 4286 172 4329 caro
187 4271 297 4337 Christi,
313 4286 373 4342 qnae
385 4267 646 4338 crucifixaesl,quae
660 4268 824 4339 sepultaest.
837 4267 903 4321 Vere
958 4270 1079 4337 mentali,
1094 4280 1253 4341 praesentem
1276 4284 1304 4325 se
1329 4269 1434 4324 exibuit
1453 4269 1530 4340 quasi
1554 4269 1678 4333 alterum,
1696 4286 1757 4326 cum

105 4361 188 4432 igitur
202 4361 290 4416 carnis
305 4359 377 4414 illius
391 4366 592 4414 sacramentum
605 4365 657 4412 est.
682 4357 747 4427 lpse
771 4355 903 4411 Donriuus
957 4359 1068 4413 omnino
1084 4358 1155 4413 idem
1170 4366 1254 4423 esset,
1274 4366 1300 4414 el
1326 4357 1524 4415 comedendum
1552 4374 1583 4413 se
1607 4357 1756 4425 distribuit,

105 4450 184 4505 lesus
197 4449 297 4505 clamat
314 4450 385 4504 :lloc
396 4451 549 4519 estcorpur
564 4462 658 4501 cneum
669 4446 745 4518 (Luc.
759 4461 828 4511 xxii,
841 4448 897 4515 ta).
917 4434 946 4498 D
961 4464 1020 4504 cum
1036 4447 1116 4501 rivus
1131 4455 1158 4503 et
1171 4447 1278 4519 integer
1299 4454 1484 4518 permaneret,
1499 4462 1589 4501 nonae
1605 4446 1631 4500 in
1646 4446 1694 4501 illo
1709 4462 1756 4502 sa-

105 4542 177 4593 Ante
188 4538 405 4593 benedictionem
422 4536 565 4591 verborum
581 4535 743 4602 cmlestium,
760 4534 814 4588 alia
834 4549 901 4604 spe·

105 4626 162 4682 cies
177 4628 346 4693 norninatur3
362 4634 424 4697 post
443 4625 676 4682 consecrationem
691 4639 791 4694 corpus
802 4623 901 4678 Christi

107 4715 288 4788 significatur.
316 4718 378 4786 lpse
406 4715 472 4770 dicit
500 4713 660 4787 sanguinem
698 4729 790 4769 surani.
830 4716 900 4766 Ante

106 4804 339 4861 consecrationem
357 4803 430 4860 aliud
454 4802 561 4868 dicitur,
587 4808 649 4872 post
671 4801 902 4858 consecrationem

106 4893 218 4966 sanguis
232 4901 415 4966 nuncupatur.
429 4917 439 4940 a

142 4984 171 5038 ln
186 4998 239 5054 quo
250 4983 399 5037 notandum
415 4980 530 5051 estquis
546 4982 575 5035 B.
592 4980 753 5035 Ambrosius
778 4979 812 5036 ad
830 4994 903 5034 corn-

23 5086 28 5093 ·
105 5071 276 5143 probandum
289 5070 366 5140 liujus
379 5070 527 5141 singularis
542 5069 663 5139 rnpsterii
685 5070 794 5123 tertium
817 5068 902 5122 mira-

106 5161 209 5227 culum,
232 5160 285 5214 duo
308 5158 441 5213 mirabilia
469 5174 551 5228 opera
575 5157 623 5211 liei
647 5157 794 5227 praemisil3
822 5173 904 5211 unum

106 5247 260 5314 creationis,
272 5263 324 5318 qua
339 5246 401 5301 l'ecit
416 5245 532 5300 existere
551 5261 610 5314 qum
635 5261 688 5298 nun
713 5253 813 5309 cr·ant;
839 5246 904 5299 alte-

106 5352 164 5390 rum
189 5334 353 5400 mutationis,
378 5351 431 5406 qua
446 5352 480 5391 ea
502 5340 653 5404 ‹puarerant
670 5331 808 5391 deriserit
827 5333 899 5404 quod

106 5571 125 5627 p
144 5485 197 5610 (34⁰3)
212 5485 280 5554 Cap.
300 5488 326 5538 8.
343 5485 391 5540 Est
405 5484 472 5542 liber
487 5484 587 5557 vigihi,
608 5486 639 5542 S.
666 5484 817 5557 Augustino
836 5483 904 5541 falso

956 4544 1096 4592 cremento
1126 4552 1155 4591 se
1178 4535 1407 4606 incorruptibilem
1438 4548 1464 4591 ct
1486 4534 1668 4591 immortalem
1689 4552 1758 4604 prie-

957 4624 1050 4680 baisse
1064 4624 1217 4680 credendus
1232 4631 1282 4691 est,
1300 4624 1326 4678 in
1341 4641 1394 4695 quo
1417 4640 1467 4680 uec
1490 4623 1630 4679 morsibus
1651 4624 1757 4679 attritus

957 4713 1104 4784 corrumpi,
1130 4729 1180 4767 nec
1202 4711 1368 4767 comestione
1393 4719 1431 4768 tol
1451 4712 1590 4768 hominnm
1610 4712 1757 4768 devoratus

956 4801 1042 4873 potuit
1056 4799 1142 4856 occidi
1158 4801 1172 4853 ‘i
1187 4800 1261 4856 Sicut
1284 4816 1352 4872 ergo
1377 4800 1522 4855 moriturus
1545 4801 1573 4854 ia
1589 4800 1690 4867 seipso,
1717 4800 1757 4854 ta-

957 4898 1016 4945 ctus
1031 4898 1073 4945 est
1098 4888 1254 4943 immortalis
1277 4888 1304 4943 in
1328 4896 1500 4945 sacramento
1523 4904 1602 4959 supra
1619 4896 1756 4952 naturam,

957 4979 997 5035 sic
1011 4978 1092 5034 etiam
1118 4986 1178 5033 tuac
1192 4994 1254 5033 cum
1274 4993 1336 5033 caro
1359 4979 1428 5048 ejus,
1452 4984 1479 5032 et
1495 4977 1609 5051 sanguis
1635 4977 1705 5032 cibis
1729 4986 1756 5033 et

958 5066 1200 5139 potibusinnotari
1215 5074 1314 5138 posset,
1340 5082 1371 5122 uc
1395 5065 1492 5120 mutari
1507 5082 1559 5135 per
1579 5073 1703 5121 naturam
1728 5067 1757 5122 ia

958 5157 1059 5227 seipso,
1075 5171 1129 5209 non
1145 5163 1234 5209 tamen
1247 5171 1318 5211 novo
1334 5155 1395 5210 rino
1412 5162 1438 5209 et
1457 5169 1528 5209 noro
1547 5169 1616 5224 pane
1629 5154 1756 5211 innovari

958 5243 1124 5298 autmutari
1150 5242 1268 5314 potuisse
1293 5242 1426 5298 credenda
1451 5249 1492 5297 est
1515 5241 1611 5297 eadem
1628 5257 1694 5298 caro
1710 5244 1756 5298 rel

958 5331 1030 5387 idem
1045 5330 1156 5404 sanguis
1170 5330 1198 5385 in
1214 5337 1392 5386 sacramento.
1419 5328 1498 5399 Quod
1521 5337 1608 5385 autem
1634 5329 1756 5402 seipsum

959 5482 1102 5556 ascriptus.
1129 5480 1188 5537 Vid.
1208 5479 1334 5554 append.
1357 5496 1402 5553 op.
1419 5480 1448 5536 S.
1467 5478 1622 5553 Augustini,
1645 5486 1665 5536 ι.
1682 5479 1755 5552 lllll,
