3728 6000
104 249 157 306 599

621 247 808 304 GUlLLELlll
827 246 856 302 S.
877 244 1093 302 attaottotttct
1112 244 1255 301 natatis

1703 240 1756 297 600

108 374 163 430 uati
179 380 250 437 snat,
267 371 440 437 addiderunt,
456 371 545 445 qratia
559 386 608 425 sua
627 370 708 425 solvit
725 379 804 439 atque
825 368 903 424 dele·
917 368 945 431 Α
959 366 1131 431 addiderunt,
1147 366 1233 436 gratia
1248 364 1417 421 remissionis
1437 366 1525 436 datur,
1547 368 1640 438 eisque
1660 367 1755 422 omni-

106 463 158 517 ιιι.
176 461 255 530 Quod
268 460 421 515 evidentius
435 462 461 514 in
476 458 702 531 consequentibus
715 458 790 513 dicit.
806 458 903 512 Verum

109 551 177 606 illud
194 549 353 620 diligentius
367 550 471 605 intuere
486 548 555 618 quod
570 548 616 611 ait,
633 547 668 601 ob
683 547 762 601 unius
777 545 905 602 delicium

109 640 211 695 multos
235 645 366 693 mortuos.
389 638 442 693 Cur
464 638 537 692 enirn
558 636 594 691 oh
615 635 687 689 illins
702 635 790 701 unius,
806 643 832 690 et
850 650 904 690 non

109 730 202 800 potius
217 728 252 782 oh
267 727 366 782 delicta
381 743 430 781 sua
455 725 574 796 propria,
600 725 620 777 si
646 725 698 780 hoc
722 725 782 779 loco
806 722 904 778 intelli-

107 817 198 890 genita
213 824 253 871 est
265 816 395 885 imitatio,
425 830 478 869 non
506 812 687 886 propagatio?
713 811 767 868 Sed
794 813 904 869 attende

106 905 182 976 quod
195 903 324 976 sequitur.

142 995 225 1050 l'aas.
240 996 282 1047 te.
292 1023 328 1032 —-
342 1015 352 1040 a
365 993 460 1048 Etnon
471 991 538 1046 sicut
549 1007 598 1062 per
607 1007 689 1045 uotam
700 998 855 1061 peccatum,
866 991 904 1046 ita

107 1091 134 1140 et
148 1084 259 1139 donum.
275 1081 346 1134 Nam
360 1080 492 1151 judicium
507 1080 616 1151 quidem
631 1097 662 1134 en
674 1097 729 1136 rrno
739 1080 766 1133 in
777 1080 903 1135 cunctem-

106 1172 262 1233 nationem:
282 1169 370 1241 gratia
386 1177 475 1224 autem
492 1185 524 1224 en
539 1169 629 1223 multis
648 1167 755 1223 delictis
775 1169 802 1222 in
823 1168 902 1237 justi·

107 1258 268 1315 ficationem.
293 1259 361 1312 «Ex
380 1274 444 1323 uno,
465 1280 476 1304 ι
511 1257 610 1326 inquit,
630 1280 640 1303 ι
660 1257 686 1310 in
703 1257 903 1312 conclamantia·

106 1363 206 1415 nem,n
224 1362 290 1412 uno,
304 1347 354 1400 nisi
370 1346 489 1402 delicto?
518 1347 576 1400 lloc
596 1345 666 1400 enim
682 1346 817 1414 explanat,
840 1360 901 1400 oum

960 456 1011 510 hus
1025 464 1097 511 tanta
1110 456 1214 525 iustitia
1233 454 1362 516 donatur,
1378 463 1405 509 ut
1420 470 1482 511 eum
1498 456 1585 511 Adam
1605 471 1758 511 consense-

959 544 993 598 rit
1018 545 1053 600 ad
1074 553 1213 615 peccatum
1245 543 1386 612 suadenti,
1413 559 1468 598 non
1489 544 1588 600 cedant
1608 544 1652 599 isti
1675 544 1755 599 etiem

958 633 1089 706 cogenti?
1106 634 1138 687 Et
1152 633 1218 704 quid
1239 640 1290 701 cst,
1311 631 1394 687 multo
1416 633 1504 704 magis
1525 633 1553 687 in
1575 635 1630 687 rita
1651 649 1755 705 regna-

958 722 1033 787 hunt,
1049 737 1111 777 cum
1134 721 1228 776 mortis
1248 737 1360 793 regnum
1375 720 1567 792 multoplures
1582 722 1609 776 iu
1624 730 1754 778 aeternam

957 826 1066 882 paenam
1091 811 1189 876 trahat,
1206 810 1257 864 uisi
1276 810 1465 882 intelligamus
1481 827 1529 866 cos
1543 811 1618 881 ipsos
1633 810 1660 864 in
1676 819 1753 866 utro-

957 915 1013 971 que
1028 899 1082 954 dici
1098 899 1143 970 qui
1156 907 1297 954 transcunt
1317 899 1352 953 ah
1374 899 1470 965 Adam,
1487 899 1514 954 id
1529 907 1569 955 est
1582 914 1599 955 a
1613 907 1701 955 morte
1716 900 1754 956 ad

956 989 1048 1052 vitam,
1069 988 1133 1060 qnia
1161 987 1187 1042 iu
1216 988 1271 1043 rita
1298 996 1396 1043 aterna
1420 988 1477 1042 siue
1506 986 1558 1043 fine
1585 987 1750 1060 regnabunt,

957 1079 1046 1149 magis
1067 1092 1149 1147 quam
1163 1076 1191 1131 iu
1207 1076 1246 1132 eis
1269 1092 1344 1131 mors
1363 1076 1549 1148 temporaliter
1569 1084 1596 1132 et
1617 1092 1677 1133 cum
1698 1075 1752 1132 tino

957 1167 1103 1234 regnavit?

993 1255 1077 1309 l'ans.
1095 1257 1139 1310 18.
1151 1278 1208 1301 -ι
1228 1253 1322 1325 ltaque
1338 1254 1409 1310 sicut
1423 1270 1472 1325 per
1487 1254 1566 1310 unius
1581 1254 1707 1310 delictum
1723 1255 1750 1309 in

956 1357 1051 1397 omnes
1071 1343 1193 1398 homines
1208 1344 1241 1398 ad
1257 1344 1526 1411 condemnationem,
1550 1344 1584 1398 ita
1605 1359 1653 1414 per
1672 1343 1753 1398 unius

105 1437 232 1506 adjungit
248 1455 254 1490 :
273 1458 284 1484 ι
302 1434 392 1489 Gratia
408 1442 497 1490 autem
512 1450 544 1489 ex
560 1435 651 1488 multis
663 1433 768 1488 delictis
782 1434 809 1487 in
822 1433 901 1502 justi·
952 1431 1172 1500 justificationem
1188 1432 1214 1485 ia
1230 1447 1328 1487 omnes
1342 1433 1464 1487 homines
1484 1432 1516 1486 ad
1533 1430 1753 1502 justificationem

105 1524 267 1580 ficationem.
284 1547 295 1572 ι
315 1526 369 1578 Cur
384 1539 451 1596 ergo
465 1523 595 1593 judicium
611 1539 645 1577 ex
660 1539 713 1578 tino
726 1524 753 1576 in
768 1523 899 1578 condem·
956 1518 1027 1573 vitae.
1047 1543 1057 1565 n
1076 1520 1133 1575 lloc
1148 1520 1227 1574 urrius
1242 1520 1378 1588 delictum,
1396 1521 1417 1573 si
1433 1520 1608 1576 imitationem
1623 1520 1752 1576 attenda-

103 1615 243 1669 uationem
257 1627 264 1681 ;
281 1613 371 1685 gratia
385 1627 449 1666 vcro
462 1627 499 1666 ex
514 1611 606 1665 multis
618 1611 725 1665 delictis
736 1611 761 1664 in
769 1609 900 1679 justifica·
956 1623 1027 1673 raus,
1038 1608 1210 1663 noueritnisi
1219 1608 1320 1664 diaboli
1333 1612 1416 1679 (teti).
1428 1610 1481 1664 Sed
1498 1611 1562 1680 quia
1577 1608 1752 1663 manifestam

103 1701 228 1757 tionem?
252 1702 349 1754 Nonne
362 1708 389 1754 et
403 1701 424 1753 si
438 1699 539 1753 nullum
555 1707 597 1753 est
610 1699 744 1770 originale
759 1698 898 1767 delictum,
913 1725 940 1785 Β
955 1703 997 1754 est
1010 1698 1044 1753 de
1059 1698 1157 1765 adnm,
1175 1714 1228 1753 non
1243 1699 1277 1753 de
1292 1698 1403 1754 diaholo
1419 1698 1473 1752 dici
1491 1706 1571 1754 restat
1592 1697 1751 1770 intelligen-

103 1803 160 1845 non
177 1789 264 1844 solum
286 1788 320 1842 ad
342 1786 562 1856 justificationem
578 1787 676 1858 gratia,
694 1787 743 1841 sed
758 1787 839 1842 etiam
851 1788 899 1856 ju·
955 1787 1005 1855 da,
1026 1802 1081 1841 aon
1105 1786 1238 1851 imitatio,
1269 1787 1315 1840 sed
1342 1787 1505 1859 propagatio
1534 1787 1650 1858 peccati.
1682 1788 1750 1841 Nam

103 1877 205 1933 dicium
223 1876 257 1931 ad
272 1876 530 1931 condemnationem
545 1892 576 1929 ex
593 1875 683 1929 multis
697 1875 900 1930 delictishomi·
954 1881 979 1928 et
1008 1874 1080 1945 quod
1114 1875 1150 1929 ait
1183 1875 1218 1931 de
1251 1874 1375 1941 Christo,
1395 1898 1405 1923 ι
1424 1892 1475 1947 ρον
1506 1877 1586 1930 unius
1614 1875 1750 1945 justifica·

100 1980 151 2021 nes
165 1965 259 2020 ducit?
279 1965 374 2035 Neque
389 1965 461 2018 cuim
477 1964 565 2034 gratia
580 1964 664 2017 multa
679 1964 778 2018 delicta
797 1964 898 2029 donat;
954 1962 1064 2029 tionem,
1083 1988 1094 2012 ι
1113 1965 1200 2036 magis
1221 1965 1273 2019 hoc
1294 1964 1432 2034 expressit
1452 1980 1531 2036 quam
1553 1965 1575 2018 si
1597 1981 1646 2035 per
1666 1965 1750 2020 unius

103 2060 130 2108 et
144 2069 198 2109 non
214 2053 292 2108 etiam
306 2052 439 2122 judicium
455 2052 539 2105 multa
550 2051 831 2108 delictacondemnat.
842 2055 899 2109 lmo
949 2051 1083 2119 justitiam
1102 2052 1216 2108 diceret.
1242 2054 1310 2107 Eam
1326 2053 1425 2124 quippe
1440 2051 1657 2122 justificationem
1672 2053 1750 2120 dicit,

105 2156 171 2198 vero
186 2157 236 2196 nos
251 2140 415 2211 Apostolum
432 2140 625 2210 intelligamus,
642 2148 668 2194 et
682 2141 823 2196 videamus
838 2141 900 2198 ideo

103 2229 208 2286 dictum
220 2229 353 2298 judicium
368 2245 402 2283 ex
417 2244 471 2283 uno
484 2228 584 2284 delicto
595 2229 621 2282 in
632 2229 897 2297 condemnationem,

103 2316 168 2388 quia
196 2316 332 2372 sufficeret
359 2316 394 2371 ad
424 2317 695 2384 condemnationem,
716 2317 822 2371 etiamsi
844 2334 899 2373 non

23 2448 27 2455 .
101 2413 174 2460 esset
187 2405 214 2459 in
232 2404 387 2459 hominihus
401 2404 452 2458 uisi
466 2404 597 2476 originale
618 2412 770 2475 peccatum.
796 2404 897 2473 Quam·

99 2489 142 2543 via
156 2487 227 2543 enim
243 2486 433 2542 condemnatio
453 2489 564 2560 gravior
578 2489 622 2553 sit,
637 2504 736 2543 corum
750 2489 795 2558 qui
809 2489 897 2561 origi-

99 2575 153 2631 nali
175 2576 276 2632 delicto
305 2576 384 2631 etiam
411 2578 521 2648 propria
545 2577 768 2645 conjunxerunt:
786 2585 897 2633 ettanto

953 2156 1006 2211 qna
1028 2141 1149 2195 Christus
1168 2141 1298 2209 justificat
1319 2141 1444 2212 impium,
1461 2157 1542 2212 quam
1562 2156 1615 2197 uon
1638 2141 1751 2196 imitan-

952 2227 1015 2283 dam
1037 2233 1189 2299 proposuit,
1211 2230 1259 2284 sed
1279 2228 1354 2283 solus
1375 2231 1426 2284 hoc
1449 2237 1544 2300 potest.
1569 2231 1639 2284 Nam
1664 2231 1751 2300 potuit

952 2317 1097 2386 Apostolus
1112 2325 1184 2372 recte
1200 2318 1308 2372 dicore:
1322 2342 1332 2365 ι
1344 2319 1499 2373 imitatores
1511 2320 1566 2373 mei
1575 2326 1671 2383 estote,
1680 2319 1751 2373 sient

952 2413 979 2458 et
992 2421 1044 2475 ego
1059 2405 1177 2472 Cin-istm
1192 2428 1202 2456 ι
1222 2423 1358 2476 nunquam
1373 2412 1463 2462 autem
1478 2407 1599 2463 diceret:
1615 2406 1749 2463 lustiiica·

952 2494 1018 2547 mini
1034 2510 1049 2548 a
1063 2511 1116 2560 me,
1133 2495 1201 2549 sicut
1223 2505 1248 2550 et
1269 2512 1321 2567 ego
1341 2512 1404 2550 sum
1423 2495 1585 2565 justificatus
1600 2512 1615 2549 a
1630 2495 1747 2562 Christo,

952 2582 1089 2652 quomodo
1111 2592 1224 2654 possunt
1248 2601 1325 2651 esse,
1349 2594 1373 2639 et
1396 2595 1471 2653 stant,
1490 2594 1516 2640 et
1538 2586 1646 2640 luerunt
1672 2585 1748 2639 multi

99 2664 216 2736 singulis
230 2664 351 2737 gravior,
369 2669 472 2734 quanto
487 2665 598 2735 gravius
618 2665 678 2736 quis
704 2666 833 2735 peccavit,
859 2676 897 2720 ta·
947 2670 1013 2739 justi
1029 2671 1161 2738 homines,
1178 2680 1204 2725 et
1219 2672 1357 2737 imitnn‹ii;
1371 2673 1463 2741 justus
1484 2681 1573 2727 autam
1598 2681 1624 2727 et
1642 2672 1748 2741 justiti-

97 2768 161 2807 men
184 2753 265 2807 etiam
290 2751 356 2806 illud
381 2752 468 2807 solum
491 2753 563 2824 quod
588 2753 758 2823 originaliter
782 2761 897 2810 tractum
950 2775 1015 2814 cans
1031 2775 1121 2824 tremo,
1138 2761 1190 2814 nisi
1206 2762 1335 2815 Christus.
1358 2762 1435 2818 Unde
1450 2762 1548 2816 dicitur
1564 2778 1570 2815 :
1589 2785 1600 2809 ι
1619 2761 1747 2818 Credenti

101 2848 152 2907 est,
170 2856 225 2894 nou
242 2849 345 2895 tantum
363 2856 381 2894 a
396 2857 483 2912 regno
499 2841 546 2895 Dei
563 2849 680 2911 separat,
697 2857 751 2912 quo
766 2844 896 2913 parvulos
950 2846 979 2902 iu
992 2864 1057 2901 eum
1072 2848 1116 2918 qui
1129 2848 1257 2917 justitient
1275 2851 1405 2920 impium,
1427 2852 1578 2920 deputatur
1598 2849 1666 2905 fides
1689 2852 1748 2920 ejus

97 2927 159 2983 aine
182 2935 294 2999 accepta
319 2929 414 2984 Christi
438 2930 527 3001 pratia
551 2929 695 2986 defunctos
718 2931 817 2987 intrare
840 2949 896 2988 non
949 2935 1046 3005 (liam.
1067 2940 1165 3006 rum.»
1196 2937 1325 3007 Quisquis
1346 2955 1413 3010 erqo
1435 2955 1516 2994 erasus
1541 2940 1624 2994 luerit
1644 2939 1748 3005 dicere,

95 3031 179 3086 posse
193 3017 244 3086 ipsi
259 3018 339 3071 etiam
365 3017 487 3073 haeretici
511 3017 685 3086 confitentur,
711 3035 809 3074 verum
833 3029 894 3076 ete
948 3024 1072 3080 Justiltco
1095 3034 1129 3093 te,
1146 3040 1315 3097 consequens
1335 3031 1377 3082 cst
1398 3035 1424 3083 at
1448 3028 1518 3082 dicat
1539 3028 1619 3084 etiarn
1637 3046 1643 3081 ι
1661 3029 1748 3085 Crede

100 3105 190 3160 salute
205 3119 236 3160 ao
253 3106 306 3159 rita
323 3114 423 3161 aterna
438 3106 504 3161 iacit
519 3107 625 3162 alienos
643 3122 649 3160 ε
666 3125 728 3178 quae
741 3109 813 3162 nulla
836 3126 896 3166 esse
951 3112 978 3166 in
994 3129 1036 3168 mc
1054 3129 1060 3168 :
1078 3114 1155 3185 quod
1171 3131 1251 3170 nemo
1266 3124 1423 3172 sanctorum
1445 3127 1516 3172 recte
1536 3117 1627 3173 dicere
1649 3119 1745 3189 potuit,

101 3193 152 3248 alia
167 3201 267 3264 potest,
282 3205 384 3264 praeter
407 3211 526 3266 reguum
549 3194 615 3261 Dei,
641 3213 695 3265 quo
718 3196 777 3251 sola
801 3198 898 3254 Christi

99 3282 217 3339 societas
243 3282 399 3338 introducit.
432 3289 470 3339 hc
486 3301 534 3355 per
547 3285 598 3341 hoc
613 3284 648 3339 ah
664 3285 769 3355 Adam,
793 3287 819 3341 in
844 3305 898 3360 quo

102 3385 198 3427 omnes
224 3371 406 3442 peccavimus,
425 3387 478 3427 non
493 3373 583 3427 omnia
599 3381 692 3428 nostra
713 3385 832 3444 peccata,
848 3377 897 3433 sed

98 3466 200 3515 tantum
229 3459 361 3531 originale
390 3460 577 3526 traduximus;
604 3477 621 3516 a
646 3462 751 3518 Christo
777 3481 851 3531 rere,
869 3466 897 3520 in

99 3563 153 3618 quo
167 3563 261 3603 omnes
273 3547 464 3616 justificamur,
476 3565 530 3604 non
546 3549 616 3604 illius
630 3558 731 3606 tantum
746 3552 896 3625 originalis,

98 3635 144 3689 sed
171 3635 250 3690 etiam
273 3645 443 3701 caeterorum,
462 3653 522 3707 quae
537 3637 589 3708 ipsi
602 3638 741 3708 addimus,
765 3650 895 3710 pcccato-

99 3736 159 3777 rum
174 3721 364 3778 remissionem
378 3725 576 3794 consequimur.

137 3808 223 3864 uideo
239 3826 292 3864 uon
310 3811 379 3866 sicut
389 3829 529 3883 perunum
541 3823 690 3884 peccatum,
703 3817 773 3872 itaet
783 3819 893 3874 donum.

97 3897 168 3951 Nam
189 3897 322 3965 jndiciam
349 3900 458 3969 quidem
483 3917 518 3956 cx
541 3917 596 3956 uno
621 3903 738 3972 delicto,
766 3927 780 3951 o
801 3908 823 3960 si
841 3924 895 3962 nou

98 3984 253 4050 remittitur,
282 3985 309 4040 id
337 3995 378 4041 est
403 3988 530 4060 originali
563 3991 619 4043 «in
642 3993 895 4050 condemnationem

96 4068 156 4136 jam
183 4076 273 4140 potest
288 4069 407 4137 ducere3
427 4096 437 4119 ι»
462 4074 551 4145 gratia
574 4091 639 4131 vero
665 4092 698 4132 ex
726 4079 819 4132 multis
849 4096 893 4135 re·

98 4155 197 4223 missis,
214 4155 266 4212 hoo
281 4165 333 4225 ost,
350 4175 406 4213 uon
427 4163 516 4216 solum
539 4162 680 4235 originali,
697 4181 793 4222 rerum
810 4171 895 4224 etiam

100 4244 226 4299 omnihus
238 4248 352 4312 caeteris,
369 4247 403 4301 ad
416 4248 634 4317 justificationem
649 4255 782 4324 perducit.

134 4334 219 4389 Vens.
238 4336 280 4390 Π.
296 4361 331 4376 ·-
348 4359 359 4382 α
377 4337 407 4393 st
423 4340 495 4393 enim
518 4340 554 4396 ob
577 4341 655 4396 unius
675 4343 803 4400 delictum
820 4363 894 4403 mors

952 3201 1002 3255 nisi
1031 3202 1142 3257 Sanctus
1170 3212 1335 3271 sanctorum,
1366 3205 1412 3275 qui
1439 3206 1532 3262 dixit:
1552 3228 1563 3256 ι
1581 3206 1690 3262 Credite
1720 3208 1748 3262 in

951 3289 1049 3357 Deum,
1070 3298 1098 3346 et
1118 3291 1146 3344 in
1167 3308 1210 3346 mc
1230 3294 1347 3358 credite,
1368 3317 1380 3341 ι
1403 3303 1431 3348 ut
1452 3295 1515 3364 qnia
1537 3296 1594 3365 ipse
1613 3295 1750 3365 justificat

952 3378 1076 3450 impium,
1099 3380 1244 3450 deputetur
1264 3381 1332 3437 sides
1346 3384 1403 3451 ejus
1418 3384 1612 3452 adjustitiam.
1636 3386 1706 3439 Nam
1727 3386 1750 3440 si

951 3465 1011 3522 sola
1026 3467 1143 3523 imitatio
1168 3469 1229 3524 lecit
1252 3478 1410 3539 peccatores
1431 3489 1480 3543 per
1504 3474 1602 3538 Adam,
1626 3488 1674 3528 cur
1694 3489 1750 3529 non

951 3555 1031 3611 etiarn
1048 3571 1095 3625 per
1111 3556 1244 3611 Christum
1261 3560 1318 3612 sola
1333 3559 1446 3615 imitatio
1458 3561 1548 3629 justos
1564 3560 1645 3615 lacit?
1662 3562 1748 3618 Porro

950 3643 972 3698 si
986 3651 1132 3714 propterea
1150 3646 1272 3700 Christus
1288 3665 1357 3702 unus
1381 3657 1431 3713 est,
1447 3648 1474 3703 in
1490 3665 1543 3721 qao
1558 3665 1657 3705 omncs
1669 3651 1747 3718 justi-

951 3731 1072 3799 ficentur,
1091 3734 1222 3804 quianon
1244 3737 1331 3789 saltim
1353 3737 1413 3805 ejus
1434 3737 1545 3794 imitatio
1563 3739 1649 3807 justos
1672 3740 1746 3804 lacit,

950 3821 997 3874 scd
1021 3823 1209 3892 perspiritum
1231 3840 1400 3893 regenerans
1419 3826 1524 3896 gratia,
1549 3836 1696 3897 propterea
1720 3837 1746 3883 et

950 3909 1035 3964 Adam
1059 3927 1129 3966 unus
1144 3920 1200 3978 est,
1222 3913 1248 3966 iu
1271 3930 1325 3984 qno
1350 3930 1444 3968 omnes
1466 3924 1660 3986 peccaverunt,
1684 3919 1745 3987 qnia

950 4013 1003 4052 non
1019 3999 1076 4053 sola
1092 4000 1152 4068 ejas
1167 4001 1280 4057 imitatio
1296 4012 1454 4071 peccatores
1468 4005 1541 4069 facit,
1558 4006 1606 4060 sed
1623 4022 1671 4074 per
1684 4021 1746 4061 car-

949 4102 1009 4140 nem
1044 4103 1181 4158 generans
1213 4107 1307 4161 paena.
1346 4093 1389 4145 tlh
1408 4094 1460 4147 hoc
1483 4095 1565 4148 etiam
1579 4095 1681 4150 dictum
1696 4107 1748 4162 cst,

952 4198 963 4222 ι
985 4190 1079 4231 earnes
1094 4185 1120 4232 et
1134 4193 1229 4234 omnes
1247 4196 1283 4235 :a
1310 4198 1398 4252 neque
1419 4182 1490 4235 oraim
1513 4184 1556 4253 qni
1581 4193 1749 4254 generantur

950 4279 998 4334 per
1014 4265 1097 4319 liciam
1117 4265 1198 4320 iidem
1224 4266 1274 4337 ipsi
1299 4284 1396 4324 omnes
1411 4287 1461 4338 per
1476 4271 1613 4326 Christum
1628 4290 1746 4345 regene-

949 4360 1058 4419 rantur,
1079 4355 1128 4409 sod
1143 4356 1193 4410 hoc
1214 4364 1285 4411 recte
1306 4358 1409 4413 dictum
1430 4367 1486 4426 ast,
1510 4361 1570 4431 quia
1592 4361 1660 4416 sicut
1682 4365 1745 4418 nul-

100 4424 225 4494 regnavit
240 4440 288 4494 per
302 4441 396 4494 unum,
412 4428 500 4483 multo
520 4430 612 4501 magis
633 4431 678 4502 qui
699 4432 891 4492 abundantiam
906 4436 932 4496 D
948 4442 998 4496 lius
1014 4443 1130 4498 carnalis
1151 4448 1290 4515 genoratio
1305 4447 1354 4500 nisi
1369 4464 1418 4518 par
1435 4448 1530 4509 Adarrr,
1547 4451 1586 4506 sic
1600 4451 1746 4521 spiritualis

99 4511 197 4583 gratiae
213 4520 240 4566 et
251 4513 361 4579 justitiae
383 4517 518 4586 accipiunt
541 4519 568 4573 in
591 4521 645 4575 vita
669 4523 819 4591 regnabunt
845 4542 893 4596 per

101 4616 184 4655 uuura
206 4602 297 4656 lesum
320 4603 467 4660 Christum.
494 4631 504 4652 n
535 4608 589 4661 Cur
609 4610 645 4663 oh
666 4611 745 4665 unius
765 4612 892 4669 delictum

99 4703 173 4744 mors
187 4691 311 4761 regnarit
325 4709 375 4762 por
391 4710 488 4758 tinum;
512 4696 563 4749 uisi
588 4698 653 4768 quia
675 4701 770 4753 mortis
786 4701 893 4758 t'inrtrlo

100 4777 260 4832 tenebantur
275 4780 303 4832 in
318 4780 363 4835 ilio
378 4797 441 4849 uno,
463 4783 489 4836 in
512 4800 565 4853 quo
586 4801 683 4840 omues
698 4800 891 4858 peccaverunt,

101 4864 275 4921 etiamsinon
292 4867 422 4924 adderent
436 4872 544 4943 propria
560 4876 693 4943 peccata‘?
714 4877 822 4948 Alioqui
839 4896 892 4934 non

100 4951 136 5007 ob
151 4953 230 5008 unius
250 4955 375 5011 delictam
392 4974 468 5013 mors
484 4976 627 5030 perunum
644 4967 779 5034 regnavit.
795 4968 841 5021 sed
857 4970 893 5022 oh

97 5039 195 5096 delicta
223 5044 370 5100 multorum
400 5064 448 5117 pec
474 5065 694 5120 unumquemque
717 5064 887 5121 peccantem.

97 5127 168 5196 Quid
183 5137 272 5186 autem
288 5154 299 5179 ι
316 5133 511 5190 obtrudantiam
522 5139 616 5208 gratiae
631 5147 657 5192 et
673 5140 810 5208 injustitiae
824 5145 892 5198 acci·

96 5217 183 5286 piant,
202 5241 213 5266 n
231 5219 280 5273 uisi
296 5222 372 5292 quod
387 5239 439 5278 nou
456 5225 496 5279 eis
512 5233 617 5280 tanturn
640 5239 777 5298 peccatum
794 5232 820 5285 in
836 5250 890 5304 quo

97 5319 193 5361 omnes
207 5316 399 5378 peccarerunt,
415 5311 572 5379 dimittitur;
588 5316 636 5372 sed
651 5319 730 5373 etiam
743 5319 769 5373 iu
780 5321 819 5375 eis
829 5338 890 5393 quae

948 4531 1056 4594 nullius,
1080 4532 1130 4585 uisi
1152 4549 1200 4603 per
1221 4535 1368 4591 Chnstum.
1397 4538 1465 4591 Nam
1488 4539 1509 4591 si
1532 4539 1615 4610 aliqui
1634 4551 1746 4610 possent

947 4635 1028 4674 came
1049 4621 1184 4689 qenemri,
1202 4638 1254 4677 uon
1280 4640 1328 4693 per
1346 4624 1448 4685 ildam;
1470 4637 1496 4681 et
1515 4628 1596 4697 aliqui
1617 4632 1746 4700 generari

948 4707 1053 4777 spiritu,
1084 4725 1138 4763 non
1164 4726 1213 4779 per
1241 4712 1392 4779 Christum
1424 4731 1477 4770 non
1508 4716 1610 4786 liquide
1637 4733 1744 4784 omncs,

947 4795 1003 4850 sivo
1018 4796 1072 4864 hic,
1087 4797 1145 4852 sive
1160 4797 1207 4863 ihi,
1223 4799 1383 4856 dicerentur.
1408 4803 1523 4858 Eosdem
1545 4813 1633 4859 autem
1649 4822 1745 4862 omnes

947 4893 1040 4955 postea
1068 4887 1166 4943 multos
1181 4888 1255 4944 dicit.
1286 4890 1395 4945 l‘ussuut
1423 4894 1526 4963 qnippe
1555 4895 1581 4947 in
1611 4895 1745 4962 aliquare

947 4989 1042 5028 omues
1056 4991 1125 5045 csse,
1143 4978 1188 5046 qni
1205 4979 1282 5047 pntrci
1302 4986 1375 5034 sunt.
1397 4981 1450 5036 Sed
1475 4983 1573 5037 rrrultos
1598 4983 1680 5038 hahet
1699 5002 1745 5055 gr·

946 5063 1051 5115 necatio
1066 5064 1193 5124 carnalis,
1211 5065 1309 5119 multus
1325 5077 1351 5121 ct
1366 5070 1524 5138 spiritualis,
1543 5073 1669 5140 quamvis
1692 5091 1747 5129 nou

946 5155 1000 5203 tam
1023 5151 1122 5205 maritos
1146 5153 1203 5205 irasc
1215 5154 1368 5223 spiritualis,
1386 5174 1464 5222 quant
1487 5158 1531 5211 illa
1555 5160 1679 5213 carnalis.
1698 5164 1748 5217 l'c·

946 5246 1096 5291 rumtameu
1117 5241 1343 5311 quemadmodum
1369 5246 1385 5296 ii
1400 5266 1412 5297 :t
1437 5263 1534 5298 citrinos
1560 5247 1642 5302 hethei
1657 5250 1747 5304 homi-

945 5341 1002 5392 nes,
1019 5327 1057 5382 sic
1072 5327 1122 5382 ista
1137 5344 1233 5384 ornnes
1247 5330 1335 5400 justos
1351 5335 1485 5401 hominus,
1503 5337 1566 5407 qum
1582 5337 1652 5391 sicut
1666 5355 1746 5393 nemo

130 5540 205 5613 (130)
226 5544 311 5601 «Non
326 5548 416 5621 agitur
428 5549 475 5614 hin
487 5550 522 5607 de
535 5561 647 5628 peccato
660 5552 826 5623 imitationis,
842 5555 891 5611 sed
905 5555 1029 5629 originis.
1052 5582 1064 5609 a
