3728 6000
152 276 201 332 151
540 269 667 328 mutet
685 267 891 330 CHRONICON
908 269 1209 330 nanntmactmstt.
1223 300 1260 315 -
1272 270 1344 329 ua.
1363 271 1399 328 11.
1746 267 1798 322 lta

152 402 180 457 et
195 405 302 472 pratum
315 398 454 471 quoddam
464 397 544 470 juxta
571 399 680 454 bortum
701 405 837 465 nostrum,
853 406 879 453 et
891 402 947 454 ter·
961 398 990 459 Α
1003 396 1086 468 pitur,
1101 402 1128 451 et
1143 411 1207 451 eum
1222 396 1264 451 bis
1278 396 1405 452 omnibus
1424 393 1469 467 qui
1492 408 1584 452 seeum
1612 399 1758 459 venerant,
1772 398 1800 448 et

151 490 239 546 rutam
253 498 315 546 ante
334 490 492 560 granchiam
513 487 547 544 de
573 487 739 543 bellovidere
766 488 859 555 sitam,
886 504 947 559 quae
1000 485 1046 557 qui
1070 483 1105 540 de
1133 485 1253 542 castellis
1268 485 1325 541 suis
1339 494 1523 552 occurrerant,
1539 482 1716 540 devotissime
1731 496 1793 554 pro·

152 579 232 636 ualde
247 579 325 634 uubis
341 577 494 635 necessaria
508 584 596 644 eraut,
624 577 688 633 huic
713 576 788 633 dedit
810 577 946 635 ecclesiae.
1000 581 1121 630 curatur.
1136 573 1170 630 Et
1186 577 1269 629 abbas
1284 574 1394 647 quidam
1411 584 1474 630 tunc
1500 572 1586 628 siluit.
1602 572 1656 627 Sed
1672 571 1716 626 die
1729 585 1798 641 pos·

151 667 219 738 Qua
238 666 499 740 idendignarelatu
518 665 684 737 judicamus,
713 666 776 737 quia
799 667 853 724 boc
874 667 947 723 velut
1001 668 1067 726 tera,
1084 679 1144 734 quae
1160 663 1376 730 Dominicaiuit,
1400 679 1461 718 cum
1481 661 1691 732 erimusquend
1708 661 1797 716 Sanc-

149 756 179 813 in
204 757 359 813 vestituram
379 755 453 811 dedit
469 767 547 812 rerrae
563 758 777 818 haevtnearum,
794 773 857 829 quae
876 757 947 813 circa
1001 756 1056 806 tum
1086 752 1227 807 Amulium
1245 753 1278 809 de
1307 753 1434 827 aquilina
1462 752 1628 814 deduxisset.
1644 750 1680 805 ibi
1695 764 1797 805 rursus

149 861 304 917 proxumam
322 844 478 902 ecclesiam.
495 845 523 901 S.
538 845 667 901 Germani
688 844 790 914 jacent,
813 846 947 917 totiusque
1000 855 1063 895 eum
1078 855 1139 896 cum
1150 843 1324 909 processione
1339 843 1512 913 suscepisset,
1522 841 1696 896 audientibus
1705 837 1797 892 multis

152 935 282 990 territorii
310 937 383 1009 quod
409 936 479 989 inira
500 934 658 1006 parochiam
685 934 757 989 illam
781 935 901 1002 tenebat,
921 934 947 990 si
1000 929 1171 1001 proceribus,
1188 931 1232 1002 qui
1247 933 1393 1002 partibuse
1408 931 1524 986 diversis
1540 929 1606 985 illuc
1619 929 1796 993 advenerant,

50 1036 54 1041 ·
153 1023 231 1079 unica
251 1022 364 1093 parvula
383 1021 512 1078 liliasine
537 1023 648 1078 baerede
676 1031 835 1090 moreretur,
865 1038 946 1094 quam
1000 1015 1086 1073 abbas
1100 1019 1135 1075 de
1150 1020 1273 1075 donando
1299 1022 1448 1076 clamorem
1472 1019 1545 1083 iecit,
1561 1026 1588 1075 et
1600 1027 1630 1073 ut
1643 1017 1693 1072 sibi
1719 1015 1798 1088 iusti·

154 1112 281 1168 babebat.
312 1114 460 1167 instaurata
489 1126 597 1183 quoque
626 1112 748 1167 secundo
774 1113 893 1168 virorum
915 1127 948 1167 aa
1001 1103 1063 1160 tiam
1080 1105 1191 1173 iaceret,
1207 1108 1319 1164 rationis
1334 1119 1414 1182 atque
1429 1108 1532 1165 servitii
1544 1106 1722 1177 compedibus
1738 1104 1799 1161 reli·

154 1200 299 1258 mulierum
341 1200 543 1271 stampensium
584 1198 814 1264 confraternitate,
856 1200 948 1256 vitreae
1000 1202 1094 1266 gutum
1109 1195 1796 1271 Wltlonemcoegil·N80m⁰fflrdle⁵⁰b⁸0¹l¹¹0⁰²0r

152 1304 249 1347 omnes
259 1289 339 1359 bujus
354 1289 485 1354 ecclesiae,
501 1287 634 1361 simulque
647 1304 714 1361 pons
729 1289 852 1360 lapideus
865 1305 948 1359 super
1001 1283 1073 1353 tpud
1088 1285 1318 1357 nupera-nortem
1333 1289 1474 1344 Boramdus
1500 1288 1534 1342 ad
1552 1285 1680 1356 justitiam
1708 1283 1797 1339 dedu-

153 1377 278 1444 fluvium,
299 1378 423 1450 perlecta
442 1385 514 1434 sunt.
531 1378 572 1433 ad
587 1378 639 1434 boc
647 1377 788 1449 exemplar
803 1386 830 1434 et
845 1378 947 1434 llober·
1001 1370 1080 1439 citur,
1101 1382 1127 1429 et
1151 1384 1381 1448 praesentemque
1400 1377 1540 1433 annitente
1554 1373 1689 1443 Guidone,
1707 1373 1797 1429 ΒΜ·

153 1475 198 1525 tus
211 1468 321 1538 quidam
347 1468 496 1523 monachus
523 1474 624 1537 noster,
649 1483 700 1538 per
721 1467 838 1522 vicinam
853 1470 946 1540 regio·
1002 1462 1125 1531 pensium
1141 1463 1315 1534 vicecomite,
1331 1465 1465 1522 Gnidouis
1478 1466 1549 1522 illius
1566 1472 1696 1538 cognato.
1709 1471 1733 1519 et
1745 1461 1799 1518 loci

152 1572 215 1614 nem
237 1556 271 1614 de
300 1573 409 1613 annona
436 1557 515 1613 valde
529 1555 620 1612 utilem
636 1555 887 1612 confraternitatem
903 1557 947 1612 in.
1001 1550 1508 1628 istiusamicissimo,abbassibiquae
1522 1555 1600 1612 nobis
1616 1551 1800 1610 forisfecerat

153 1646 246 1702 stituit.
276 1646 390 1704 Necnon
402 1653 428 1701 et
443 1645 640 1714 Garsadonius,
667 1644 771 1701 anselli
795 1644 947 1702 laudatoris
1002 1640 1174 1707 condonavit,
1188 1650 1215 1699 et
1235 1644 1292 1715 ipse
1310 1661 1371 1702 cum
1399 1661 1485 1702 uxore
1501 1653 1527 1702 et
1541 1644 1602 1701 liliis
1621 1644 1677 1700 suis
1691 1643 1799 1698 calum·

152 1736 239 1792 nostri
255 1733 333 1803 lilius,
356 1735 472 1805 primurn
488 1734 598 1808 quidem
614 1734 732 1803 Stampis
746 1750 838 1792 coram
855 1735 947 1790 multis
960 1755 988 1818 B
1003 1731 1077 1785 niam
1093 1746 1177 1801 quam
1197 1731 1312 1789 iaciebat
1330 1734 1438 1800 dimisit,
1455 1742 1586 1791 eteorum
1603 1733 1722 1788 omnium
1739 1745 1799 1802 quae

153 1823 313 1896 primatibus
327 1823 401 1880 illius
420 1825 482 1890 loci,
497 1825 596 1881 deiude
624 1838 689 1880 vero
710 1840 772 1880 curu
794 1824 949 1896 llierosoly-
1004 1818 1084 1875 uobis
1100 1819 1285 1877 Garsadonius
1300 1830 1326 1880 et
1351 1832 1426 1896 pater
1440 1823 1500 1894 etus
1511 1824 1678 1879 donaverant
1688 1835 1800 1877 conces·

153 1913 260 1970 misire
275 1914 444 1984 disponeret,
465 1914 493 1969 in
512 1912 629 1986 capitulo
648 1922 741 1969 nostro
756 1912 790 1968 de
804 1912 950 1969 Gammar-
1003 1908 1109 1964 sionem
1125 1908 1200 1966 lecit.
1232 1912 1293 1968 Post
1311 1914 1409 1970 nimios
1435 1912 1521 1987 igitur
1534 1912 1652 1978 labores,
1670 1917 1728 1982 post
1744 1922 1800 1964 cxx

156 2001 220 2059 villa
245 2002 348 2057 douram
375 2001 449 2071 iecit,
474 2003 538 2058 utsi
554 2003 583 2057 in
598 2001 641 2057 via
657 2002 716 2069 Dei,
745 2003 818 2074 quod
841 2001 949 2069 accidit,
1004 1995 1133 2054 librarum
1162 2008 1190 2055 et
1211 2015 1244 2056 eo
1263 2001 1378 2073 amplius
1406 2003 1610 2074 expensionem,
1631 1998 1753 2071 depulsis
1774 2005 1801 2052 et

155 2102 314 2161 moreretur,
330 2107 380 2148 uos
394 2107 453 2148 earn
468 2090 539 2161 (erat
565 2089 679 2145 enimin
695 2090 863 2152 vadimonio)
880 2091 951 2146 redi·
1004 2086 1066 2142 aliis
1087 2090 1269 2158 quorumdam
1292 2092 1445 2159 calumniis,
1462 2089 1658 2147 Gummarvilla
1677 2103 1694 2143 a
1722 2085 1801 2142 nobis

155 2197 301 2241 meremus.
319 2189 346 2238 et
359 2181 386 2237 iu
401 2191 564 2252 perpetuum
578 2178 767 2253 possidendam
776 2180 948 2236 haberemus.
1005 2174 1117 2248 pacifice
1142 2193 1266 2249 possessa
1290 2181 1497 2237 eminandum
1522 2178 1640 2238 confinio
1669 2178 1800 2234 buxetum

161 2269 222 2340 Quo
237 2280 356 2335 urortuo,
372 2286 432 2325 cum
449 2269 608 2325 validissimi
631 2267 840 2325 calumniatores
855 2278 951 2326 contra
1004 2265 1146 2333 babemus,
1175 2268 1254 2338 cujus
1293 2269 1490 2327 dimidietatem
1523 2269 1648 2325 ansellus
1676 2267 1801 2322 fundator

158 2373 211 2414 uos
226 2359 408 2431 insurgerent,
425 2358 609 2428 potiusallei
620 2374 700 2428 quam
714 2359 749 2412 ab
770 2358 889 2414 bominis
901 2375 951 2416 uos
1005 2362 1097 2410 noster
1129 2358 1279 2429 antiquitus
1311 2375 1371 2415 cum
1414 2359 1440 2414 iu
1473 2359 1628 2429 Hispaniam
1672 2362 1800 2428 pergeret

154 2463 214 2504 eum
230 2447 369 2518 accepisse
383 2449 466 2512 dono,
480 2446 685 2518 patientissimis
704 2447 811 2504 indiciis
825 2447 949 2504 declara-
1004 2441 1088 2498 dedit.
1117 2445 1255 2502 lisiardus
1290 2464 1355 2504 vcro
1392 2448 1472 2504 aliam
1513 2448 1720 2506 dimidietatem.
1752 2443 1801 2499 Bn-

155 2543 278 2592 tumeat.
299 2536 536 2608 ldelaisoamque
556 2535 718 2592 Garsadouii
746 2545 843 2607 mater,
872 2544 899 2594 et
922 2536 950 2592 in
1005 2532 1105 2587 nardus
1135 2535 1204 2590 Petri
1228 2535 1308 2604 iilius,
1332 2538 1430 2593 milites
1447 2538 1621 2606 stampenses
1633 2535 1714 2591 totius
1729 2533 1802 2588 illius

153 2625 214 2681 aliis
229 2633 254 2680 et
269 2625 296 2680 in
309 2627 360 2681 boc
374 2626 493 2695 primum
511 2625 620 2697 quidem
644 2625 717 2682 dono
732 2625 811 2682 nobis
827 2630 949 2683 benette·
1006 2620 1131 2677 lerrilorli
1147 2623 1280 2681 decimam
1294 2626 1435 2683 dederuut.
1452 2627 1497 2684 sie
1512 2627 1548 2681 ibi
1566 2626 1712 2681 maximam
1732 2637 1800 2695 pos-

152 2711 312 2780 leutissima,
344 2715 393 2768 sed
422 2722 517 2786 postea
552 2714 676 2771 muliebri
699 2714 810 2771 levitate
838 2724 947 2784 mutata,
1004 2711 1154 2767 sessionem
1177 2715 1397 2772 llauriniaeensis
1426 2716 1548 2772 Ecclesia
1578 2715 1677 2770 divinae
1705 2710 1801 2784 propi·

152 2816 214 2859 cum
229 2804 264 2859 de
278 2801 351 2859 douo
377 2802 520 2873 cujusdam
544 2803 634 2858 divitis
656 2804 740 2876 pedes
755 2812 947 2872 reverteretur,
1002 2800 1122 2857 tintinnis
1138 2802 1328 2875 largitionibus
1343 2806 1443 2879 adapta
1458 2814 1511 2862 est.
1532 2805 1599 2861 Sunt
1609 2812 1637 2859 et
1650 2802 1704 2857 alia
1728 2801 1802 2856 dona

152 2889 200 2946 ubi
214 2893 249 2947 de
263 2890 459 2961 impedimento
474 2891 549 2948 istius
569 2892 634 2947 doni
658 2891 748 2948 lucrat
762 2892 905 2961 collocuta,
920 2893 948 2949 iu
1004 2905 1074 2959 qtiae.
1090 2892 1153 2963 quis
1168 2894 1312 2951 mediocria
1337 2903 1402 2950 suut
1424 2903 1452 2951 et
1465 2895 1531 2951 alibi
1556 2894 1656 2964 scripta
1670 2898 1744 2953 suut,
1760 2890 1801 2945 si·

151 2978 242 3036 media
265 2981 346 3053 plana
376 2980 420 3035 via
448 2981 521 3039 nullo
535 2982 679 3039 obstaculo
693 2981 780 3055 posito
795 2983 906 3052 corruit,
922 2990 950 3038 et
1002 2975 1089 3035 leutio
1109 2983 1245 3052 praeterire
1268 2984 1454 3042 decrevimus.
1479 2983 1620 3040 llordebat
1635 2989 1725 3039 autem
1753 2981 1801 3034 ab·

152 3069 192 3126 sic
216 3071 313 3142 pedem
338 3070 463 3139 extorsit,
488 3071 561 3142 quod
590 3071 714 3127 inomni
742 3071 798 3127 vita
812 3088 862 3127 sua
876 3080 949 3129 recta
1004 3065 1073 3123 batis
1087 3072 1239 3127 etaliorum
1253 3074 1432 3143 quorumdam
1458 3073 1573 3128 fratrum
1593 3069 1799 3138 conscientiam,

963 3118 989 3183 C

151 3158 293 3215 ambulare
308 3174 361 3215 nou
377 3159 769 3232 potuitstephauusquidam,
785 3162 830 3231 qui
847 3162 947 3232 neptim
1003 3157 1076 3228 quod
1103 3168 1291 3218 antecessores
1327 3163 1412 3218 nostri
1443 3162 1578 3219 ecclesias
1619 3175 1652 3217 ao
1681 3159 1802 3214 decimas

43 3304 46 3309 ,
151 3246 228 3304 istius
242 3247 367 3305 mulieris
381 3249 409 3305 iu
434 3249 705 3323 conjugiobabebat,
734 3250 846 3306 llerardi
866 3249 945 3316 iilius,
1000 3247 1131 3315 quasdam
1160 3266 1215 3306 nou
1243 3252 1331 3307 solum
1350 3252 1443 3318 donis,
1474 3249 1649 3307 verumetiam
1680 3246 1801 3321 pecuniis

152 3335 198 3393 vit·
225 3338 436 3410 potentissimus,
466 3347 494 3395 et
527 3338 631 3394 malitia
663 3339 896 3412 ingeniosissimus
920 3340 946 3395 id
1001 3336 1195 3406 acquisierant.
1224 3341 1319 3412 Neque
1346 3341 1419 3396 enim
1451 3349 1524 3408 tune,
1555 3340 1673 3395 ininitio
1700 3336 1803 3393 scilieet

150 3440 293 3498 nunquam
321 3428 486 3501 permittere,
515 3429 660 3485 stationem
696 3442 772 3483 suam
800 3428 828 3484 iu
857 3429 947 3484 villam
1001 3426 1199 3484 constitutionis
1214 3430 1296 3501 bujm
1315 3430 1456 3494 Ecclesiae,
1467 3430 1573 3503 questio
1585 3429 1620 3484 de
1633 3424 1751 3482 simonia
1762 3424 1802 3481 sic

149 3513 292 3583 laserese
318 3517 470 3572 monachos
498 3516 653 3574 interficere
674 3516 765 3574 iurens
792 3517 945 3585 adiurabat.
1000 3516 1129 3574 ventilata
1156 3526 1225 3585 erat,
1250 3519 1320 3574 sicut
1346 3528 1515 3592 posterorum
1545 3514 1801 3592 diligentiaiectum

149 3605 185 3661 dt
198 3620 259 3659 cum
273 3606 408 3660 nullorum
431 3606 561 3677 precibus
581 3607 661 3676 vinci,
686 3622 738 3664 nec
765 3606 850 3680 regiis
867 3607 946 3664 mitris
1000 3614 1051 3661 est.
1068 3604 1123 3662 Sed
1137 3607 1160 3661 si
1175 3607 1241 3681 quid
1260 3608 1474 3664 ecclesiasticum
1489 3625 1504 3664 a
1518 3606 1693 3664 saecularibus
1710 3605 1801 3662 bomi-

151 3692 287 3766 potuisset
305 3693 433 3767 mitigari,
458 3694 550 3750 divino
569 3694 674 3764 judicio
699 3710 854 3765 percussus,
870 3704 896 3753 et
910 3696 946 3752 ad
999 3693 1080 3747 nibus
1094 3703 1239 3767 emeretur,
1261 3712 1313 3752 non
1329 3697 1441 3770 emptio,
1470 3698 1521 3754 sed
1549 3697 1701 3767 redemptio
1717 3709 1798 3751 voea-

151 3789 277 3837 extrema
290 3781 429 3853 deductus,
444 3797 535 3838 coram
560 3784 651 3839 multis
674 3783 787 3839 testibus
799 3793 826 3840 et
840 3784 945 3842 clamo·
1000 3781 1090 3838 batur.
1113 3784 1166 3840 Sed
1188 3801 1252 3842 cum
1281 3784 1382 3842 diutius
1404 3803 1486 3859 super
1500 3788 1551 3844 bac
1579 3802 1609 3842 re
1629 3784 1800 3853 titubassent,

151 3885 209 3926 rem
224 3869 327 3925 dimisit
346 3879 372 3927 et
395 3872 478 3927 vitam
492 3870 590 3929 amisit.
607 3872 737 3928 Hostibus
748 3880 839 3930 autern
853 3874 944 3929 omui·
998 3871 1090 3928 diuina
1117 3874 1285 3943 providentia
1305 3876 1411 3932 iactum·
1436 3884 1479 3933 est
1504 3884 1533 3932 ut
1561 3890 1654 3930 rursus
1683 3874 1801 3929 domnus

151 3956 203 4014 bus
217 3959 330 4032 nequior
345 3958 423 4016 miles
437 3960 557 4032 quidam,
574 3961 684 4018 nomine
699 3963 846 4027 benardus,
864 3964 946 4020 bomo
999 3959 1076 4018 Cono
1097 3964 1275 4021 Praenestinus
1303 3967 1458 4037 episcopus,
1486 3972 1513 4021 et
1542 3964 1698 4036 apostolice
1725 3961 1802 4018 sedis

151 4047 273 4119 profante
287 4047 709 4114 mentis,(larsadoniisororem
729 4052 872 4126 conjugem
892 4054 945 4109 ba·
999 4051 1115 4124 lagatus.
1140 4053 1212 4125 apud
1246 4068 1297 4109 nos
1336 4054 1490 4126 hospitandi
1518 4054 1608 4128 gratia
1635 4052 1800 4119 divertisset,

148 4134 229 4202 bens,
250 4144 346 4193 contra
364 4152 413 4194 nos
440 4137 598 4206 insurrexit,
614 4149 640 4197 at
654 4141 744 4212 primo
766 4142 876 4214 quidem
893 4142 945 4197 vil·
999 4139 1105 4196 babens
1119 4157 1210 4197 secum
1233 4143 1306 4198 velut
1333 4143 1518 4200 auxiliatorem
1538 4158 1669 4214 magnum
1691 4140 1801 4196 Willel·

148 4223 205 4280 lam
229 4224 314 4293 illam,
343 4226 444 4284 deiude
464 4231 625 4302 granchiam
651 4230 686 4286 de
703 4231 823 4295 blesum,
852 4236 946 4303 postea
1000 4246 1074 4286 mum
1090 4232 1313 4288 catalaunensem
1329 4231 1499 4304 episcopum,
1513 4231 1559 4304 qui
1572 4231 1702 4287 sublimes
1716 4231 1800 4286 sebo-

148 4312 177 4370 in
189 4311 251 4370 loco
266 4315 309 4386 qui
325 4332 411 4387 super
437 4316 630 4389 Stripiniacum
658 4319 762 4389 positus
780 4318 945 4375 'souchetum
1001 4319 1042 4374 ias
1052 4331 1166 4389 reserat,
1182 4330 1209 4378 et
1223 4331 1287 4377 tuuc
1314 4321 1399 4376 selum
1427 4322 1477 4377 Dei
1492 4322 1594 4377 habena
1611 4336 1693 4394 super
1706 4334 1803 4375 omues

148 4410 271 4468 vocatur,
287 4404 538 4479 domosquasdanu,
553 4414 579 4463 et
606 4406 634 4462 iu
649 4407 689 4463 eis
711 4407 795 4463 bores
808 4423 865 4472 sex,
881 4422 947 4463 ores
1000 4414 1146 4484 episcopos
1178 4411 1260 4468 totius
1286 4413 1392 4477 Gallim,
1423 4412 1574 4467 divinarum
1600 4410 1801 4481 scripturarum

150 4491 248 4565 viginti
264 4509 312 4549 sex
327 4493 421 4551 decies
435 4494 499 4568 igne
514 4503 645 4551 nocturno
655 4495 851 4553 concremarit.
865 4496 948 4551 llabi·
962 4479 987 4542 D
1002 4501 1116 4558 scientia
1141 4500 1275 4575 fulgebat.
1302 4501 1395 4557 abbas
1411 4501 1496 4574 igitur
1509 4500 1535 4554 in
1551 4514 1633 4555 mauu
1657 4498 1802 4555 cardinalis

148 4581 225 4636 tabat
241 4598 306 4638 vero
317 4583 343 4638 iu
359 4591 431 4641 terra
446 4583 588 4653 (luidonis,
604 4583 708 4641 domini
722 4585 757 4641 de
772 4584 946 4655 Rupe-Furti,
1002 4589 1485 4662 omniailludeqnibusscrupulum
1515 4589 1643 4655 babebat,
1673 4588 1802 4655 reddidit,

147 4669 193 4744 qui
210 4679 274 4727 tuuc
289 4672 483 4742 Hierosolymis
496 4681 564 4738 erat,
580 4681 607 4730 et
623 4672 686 4731 ideo
697 4673 797 4729 autvix
814 4681 860 4728 aut
876 4690 948 4730 uua·
1002 4686 1032 4734 ut
1046 4680 1072 4734 in
1088 4679 1148 4751 ejus
1172 4680 1342 4753 lispositioue
1370 4688 1439 4735 esset
1467 4677 1599 4750 quidquid
1627 4676 1689 4734 inde
1711 4676 1803 4734 lacere

150 4762 280 4829 quemad
294 4760 429 4831 justitiam
459 4769 566 4834 poterat
590 4762 700 4819 adduci.
722 4761 846 4834 Cumque
862 4762 952 4818 nimiis
1001 4759 1141 4816 voluisset.
1157 4760 1206 4816 Dic
1220 4761 1410 4832 subsequente,
1436 4758 1486 4813 viri
1502 4757 1638 4828 sapientes
1666 4766 1693 4813 et
1710 4756 1802 4814 eccle-

149 4841 305 4899 daemonum
321 4845 550 4919 exagitationibus
574 4846 716 4912 insaniret,
741 4855 768 4903 et
789 4861 844 4902 non
860 4846 947 4903 solum
1001 4843 1100 4899 siastiei
1115 4844 1315 4915 dispensatores
1334 4852 1396 4900 ante
1416 4842 1591 4915 presentium
1615 4856 1690 4897 suam
1714 4841 1803 4897 abba·

150 4936 256 4996 nostra,
272 4929 321 4984 scd
337 4931 418 4986 etiarn
440 4931 526 5003 ipsam
551 4931 631 4986 istam
659 4931 812 4997 ecclesiam,
830 4930 880 4986 nisi
899 4930 949 4986 ril·
1003 4934 1055 4984 tem
1072 4937 1246 4994 rocaverunt,
1263 4938 1291 4985 et
1305 4936 1374 4986 utea
1389 4929 1423 4984 de
1450 4942 1533 4983 urrann
1550 4926 1621 4980 beati
1638 4925 1707 4982 Petri
1729 4925 1803 4982 acci-

149 5014 205 5072 lam
232 5014 354 5086 relinque
371 5031 459 5082 emus,
484 5031 515 5071 se
538 5029 715 5072 concremare
726 5016 871 5086 jactasset,
887 5031 949 5086 pro·
1001 5020 1091 5083 peret.
1116 5029 1211 5069 secure
1227 5015 1254 5069 in
1270 5013 1380 5070 abbatia
1396 5014 1454 5069 Deo
1467 5012 1593 5078 serviret,
1610 5026 1657 5081 per
1668 5009 1803 5066 obedieu-

148 5101 265 5175 pitiaute
282 5101 340 5156 Deo
355 5099 454 5163 Guido,
467 5098 502 5154 de
516 5098 712 5172 Hierosolymis
726 5100 833 5157 rediens
845 5100 948 5171 impro-
1002 5097 1066 5154 tiam
1082 5097 1266 5166 iniunxeruut.
1293 5099 1358 5156 llaec
1385 5099 1489 5155 idcirco
1516 5097 1673 5164 dictasunt,
1692 5105 1721 5151 ut
1735 5110 1803 5166 pus·

148 5187 225 5244 visus
243 5184 363 5240 advenit.
381 5181 465 5253 Cujus
478 5182 613 5238 adrentus
625 5194 755 5257 percepto
774 5183 948 5242 suadelas·
1002 5188 1050 5243 teri
1067 5183 1150 5242 nostri
1164 5193 1191 5239 et
1205 5185 1239 5239 de
1253 5183 1352 5239 talibus
1374 5183 1543 5255 provideant,
1563 5189 1590 5239 et
1612 5179 1804 5238 domassetis

149 5271 223 5328 tinus
237 5269 321 5326 abbas
334 5265 361 5322 ei
387 5266 486 5323 obvius
500 5267 626 5325 occurrit.
644 5269 707 5325 viro
719 5268 847 5333 salutato,
864 5271 948 5340 atqua
1001 5270 1128 5327 timorem
1144 5284 1197 5325 non
1214 5267 1341 5324 babeant.

148 5357 218 5414 aiem
231 5369 291 5410 moa
305 5350 398 5424 exigit,
414 5350 545 5419 osculato,
561 5361 591 5409 ut
603 5353 637 5408 ad
648 5369 698 5411 nos
712 5353 868 5426 hospitandi
881 5369 947 5429 gra·
1036 5359 1143 5415 luteres
1157 5353 1286 5411 defuncto
1308 5351 1462 5419 Willelmo,
1487 5350 1588 5408 anselli
1604 5349 1720 5424 depilari
1734 5366 1801 5425 ger·

147 5444 186 5498 tia
200 5439 356 5501 diverteret,
372 5444 397 5491 et
412 5435 556 5510 sesuscipi
570 5451 632 5494 cum
648 5437 830 5512 processione,
847 5437 948 5509 quippe
1000 5454 1092 5504 mano,
1118 5438 1270 5510 Stephanus
1306 5436 1494 5503 cancellarius,
1536 5436 1571 5492 de
1599 5452 1654 5510 quo
1677 5435 1802 5507 superius

148 5526 185 5584 da
208 5519 399 5594 lliurosnlyrna
421 5520 542 5590 rediens,
567 5523 744 5594 permitteret,
761 5523 849 5580 abbas
863 5523 899 5581 ab
913 5537 946 5581 so
1000 5524 1115 5583 lecimus
1129 5522 1304 5588 mentionem,
1325 5520 1410 5577 irater
1431 5520 1584 5586 amborum.
1605 5519 1695 5592 major
1716 5519 1802 5593 regim

147 5605 295 5683 postularit
314 5614 343 5665 et
368 5604 538 5681 impetrarit.
567 5605 843 5668 llouoridoaatiaaima
856 5606 944 5667 sussi-
999 5608 1099 5670 domat
1119 5614 1235 5668 stactus
1261 5614 1310 5665 est.
1326 5606 1384 5664 llos
1406 5605 1549 5664 retroactis
1576 5604 1802 5681 gananaoatbas
