3728 6000
61 181 131 239 rear
808 180 1006 241 suerum.
1513 258 1515 263 ,
1701 188 1821 270 affl

10 310 16 345 ²
57 310 274 367 santumnium
284 311 887 384 potestatesetomniumjuraregnorurn,
904 310 929 365 Α
943 310 1491 385 RomanuEcclesiarpromptissimam
1498 328 1534 369 uc
1542 312 1777 373 devotissimam

58 399 153 456 felicis
173 400 326 456 memoria
343 406 484 472 patruum
504 417 540 458 ac
559 401 734 457 nutritorem
752 403 888 456 nostrum
942 397 1770 472 defensionemsuscipimuabacseilicetordinisratione‚

57 488 225 561 gloriosum
243 492 446 547 Romanorum
459 507 559 563 regem
576 491 747 548 conradum
761 490 799 547 de
812 505 890 563 prte-
944 493 976 544 ut
1000 504 1188 562 quacunque
1211 490 1250 547 ad
1268 489 1477 547 liberationem
1493 497 1522 548 et
1534 492 1771 564 ¹honorationem

57 577 134 634 senti
154 578 215 634 vita
233 593 370 643 evocare,
391 579 521 636 universi
539 579 691 654 principes
708 579 803 650 regni,
824 583 889 635 tan·
943 578 1117 651 apostolieae
1142 579 1225 636 sedis
1249 578 1419 636 intenderat
1443 587 1472 637 et
1496 579 1696 647 ordinaverat.
1714 597 1772 640 noe

57 682 154 740 qnam
168 667 272 725 divino
288 669 397 741 Spiritu
413 670 555 735 suscitati,
567 669 687 726 decima
701 668 828 741 septima
841 666 891 723 die
943 668 1262 740 constanterperlicere
1271 667 1539 736 studeamus,itant
1546 669 1634 743 juxta
1645 670 1771 736 laticem.

56 760 129 828 post
138 756 357 830 depositionem
366 758 441 829 ejus,
452 758 483 814 in
496 758 643 830 oppidum
657 757 889 822 Frankenevurt,
943 761 982 812 ad
994 760 1131 812 sanctum
1142 757 1251 825 virum,
1266 757 1383 813 [lumini
1396 758 1629 829 promissionem
1644 758 1772 817 inimicis

58 848 121 901 tam
137 861 237 918 perse
252 845 441 920 ipsosquam
457 862 511 920 per
523 845 712 919 responsales
726 844 890 902 honoratos
944 845 1047 901 restris
1058 844 1189 901 inimicis
1202 845 1309 914 simus,
1321 851 1350 903 et
1373 846 1508 904 odientes
1520 863 1574 905 ros
1587 847 1771 922 mergamus,

57 939 274 1002 convenerunt,
295 935 411 1008 absque
431 935 519 992 ullius
539 951 630 993 moras
649 935 804 1006 interjecto
822 949 890 1007 spa·
944 934 1019 991 Saue
1049 935 1287 1005 praenominatus
1313 933 1425 1006 lagatos
1452 941 1571 993 nostros
1597 936 1774 1008 benignitati

59 1023 110 1090 tio,
131 1024 237 1081 eadem
253 1023 301 1080 die
317 1039 385 1080 cum
398 1025 511 1095 ingenti
524 1024 666 1081 divinitus
681 1024 753 1080 data
765 1038 890 1080 cuncor-
943 1027 1048 1079 restrae
1070 1027 1181 1080 attente
1199 1024 1426 1092 committimus,
1458 1029 1490 1082 ιιι
1508 1040 1561 1082 eos
1584 1041 1640 1099 pro
1661 1031 1773 1085 nostres

58 1112 121 1178 dia,
132 1113 187 1184 ipsi
202 1113 352 1186 principes
360 1120 389 1170 et
399 1116 496 1171 caeteri
506 1128 645 1187 proceres
656 1129 724 1170 cnm
738 1114 826 1169 totius
838 1128 889 1185 po·
939 1113 1108 1171 dilectionis
1118 1114 1227 1170 intuitu
1238 1113 1369 1186 benigne
1382 1115 1523 1185 tractatis,
1538 1121 1566 1173 et
1579 1117 1609 1172 in
1624 1116 1686 1173 suis
1701 1117 1772 1191 peti·

59 1199 123 1273 puli
145 1201 246 1258 lavore
266 1207 294 1258 et
317 1202 470 1260 alacritate
494 1219 557 1260 nos
573 1205 604 1259 in
626 1201 710 1274 regni
736 1200 887 1272 fastigium
943 1201 1073 1258 tionibus
1088 1201 1248 1259 clementer
1259 1203 1437 1268 exaudiatis,
1448 1205 1551 1260 intime
1561 1207 1652 1262 etism
1664 1221 1773 1279 rogan·

58 1288 223 1360 elegerunt.
233 1291 343 1357 Quinta
351 1291 549 1364 postmodum
563 1291 622 1361 die,
635 1290 667 1347 id
681 1296 724 1348 est
737 1294 889 1348 transacta
943 1296 996 1358 tes,
1013 1296 1045 1347 nt
1058 1290 1216 1348 dominnm
1232 1291 1373 1349 abbatem
1388 1292 1426 1349 de
1443 1296 1534 1351 livere
1549 1294 1647 1362 nobis,
1663 1300 1726 1352 tam
1739 1295 1772 1354 in

59 1379 195 1451 proxime
214 1379 367 1437 mediante
386 1381 628 1453 quadragesima,
649 1381 715 1454 pari
734 1384 763 1437 et
780 1378 888 1435 eodem
942 1380 1771 1454 divinisqnamiorebusbumsnisnecessariumiiberum

58 1483 211 1525 consensu
221 1485 290 1525 cum
301 1469 557 1543 benevolapopuli
569 1469 787 1527 acclamatione
797 1467 890 1540 inop·
943 1468 1030 1525 nobis
1045 1468 1210 1526 remittatis.

58 1555 131 1630 pido
145 1558 325 1629 Aquisgrani
343 1573 399 1615 nos
414 1573 465 1631 per
484 1560 699 1616 sacratissimas
718 1558 817 1615 devoti
836 1556 889 1614 lilii
943 1557 1773 1632 (Rescriptamiiupeaiividesaprotateripeiaeepistolas

58 1647 148 1702 vestri
167 1646 288 1703 arnoldi
308 1647 494 1705 Coloniensis
509 1646 739 1721 metropolitani,
759 1652 788 1703 et
803 1639 924 1703 rene-B
1231 1631 1286 1686 iub
1304 1646 1387 1687 nam.
1408 1633 1482 1702 5⁰4i·

57 1734 201 1793 rabilium
212 1737 423 1809 episcoporum
439 1753 548 1795 manns
562 1736 629 1794 oleo
644 1735 888 1794 sanctificationis
1317 1729 1408 1786 XXIV·

58 1824 199 1896 regaliter
218 1833 377 1892 unxerunt,
394 1830 421 1883 et
440 1826 470 1883 in
485 1826 560 1884 solio
578 1826 662 1897 regni
681 1842 751 1883 cnm
766 1825 886 1882 benedi·
943 1822 1090 1882 blideriet'
1104 1823 1122 1880 l
1134 1823 1324 1894 imperaturis
1339 1832 1461 1894 poetam
1487 1840 1553 1884 cam
1572 1827 1709 1901 Euoeaie
1722 1826 1772 1885 itt

57 1914 155 1971 ctione
168 1914 297 1971 solemni
308 1914 540 1972 collocaverunt.
555 1918 614 1973 Nos
625 1930 695 1972 rero
707 1916 739 1972 in
749 1914 889 1988 multipli-
1260 1911 1343 1967 papo
1363 1896 1450 1968 (155).

50 2003 145 2060 ‘cibus
162 2004 252 2076 regim
267 2004 422 2074 dignitatis
436 2004 632 2074 ornamentis,
649 2003 760 2077 qtribus
778 2004 887 2077 partim
1174 1993 1270 2065 iA¹¹¹¹0
1289 1998 1365 2059 ¹¹5³,
1385 1997 1465 2052 Utri·
1482 1994 1541 2069 93.)

57 2092 889 2167 perlaicorumprincipumobsequia,par·timpervene-
1154 2089 1279 2164 ipsura,
1297 2092 1382 2156 ibid„
1401 2108 1471 2165 pag.
1491 2092 1557 2168 tte]

57 2182 169 2239 randes
183 2181 361 2256 pontificum
375 2183 596 2240 benedictiones
607 2183 701 2239 vestiti
711 2199 827 2251 sumus,
844 2198 887 2239 re·
977 2178 1772 2248 lnnomineltominiemenlloecestiurmaeoneurdies

58 2270 139 2341 gium
151 2271 287 2328 animum
301 2271 466 2340 induimus,
477 2276 538 2328 tota
554 2271 660 2329 mentis
677 2272 783 2329 virtute
795 2272 887 2328 inten·
940 2269 1180 2326 etconventionis
1192 2269 1269 2326 inter
1277 2270 1435 2327 dominum
1446 2287 1558 2344 papam
1567 2272 1733 2344 Eugenium
1740 2277 1773 2332 el

57 2358 171 2426 dentes,
196 2366 229 2416 nt
248 2362 336 2435 juxta
359 2360 554 2434 proiessionis
577 2366 686 2418 nostra
712 2360 885 2426 lormuiam,
941 2356 1769 2429 dominumregemltomanorunriridericumoonstitute,

57 2465 151 2522 quam
159 2450 198 2506 ab
208 2450 382 2507 orthodoxis
393 2449 572 2522 praesulibus
580 2450 886 2523 inipsoregnitbrono
941 2445 1145 2503 mediantibus
1158 2446 1362 2504 cardinalibus
1377 2447 1520 2520 Gregorio
1543 2450 1658 2507 Sanctae
1671 2448 1772 2507 ilario

56 2543 84 2595 et
97 2539 236 2595 unctione
247 2555 333 2596 sacra
344 2539 531 2611 accepimus,
543 2538 689 2595 bonorem
700 2538 788 2595 robis
801 2544 828 2595 et
843 2538 886 2595 di·
942 2543 1022 2594 trans
1031 2535 1169 2600 Tiberim,
1185 2535 1300 2594 Ubeido
1311 2537 1426 2594 Sanctae
1437 2537 1585 2606 heredis,
1600 2539 1772 2597 bernbardo

57 2625 227 2693 lectionem,
242 2632 271 2684 et
285 2633 481 2684 sacrosancte
499 2627 602 2683 matris
618 2633 727 2684 nostrae
743 2628 885 2684 Romanae
941 2624 1620 2690 Sanctictemenus,uctsvisnossnetscecilie
1627 2627 1772 2687 ltollando

58 2715 194 2772 Ecclesiae
209 2721 237 2772 et
251 2717 394 2773 omnibus
408 2716 618 2774 ecclesiasticis
633 2716 768 2788 personis
783 2732 886 2790 prom·
941 2713 1039 2771 Sancti
1072 2715 1171 2781 llarci.
1199 2714 1340 2786 Gregorio
1369 2715 1469 2773 Sancti
1498 2716 1614 2788 angeli,
1648 2717 1772 2777 widone

55 2809 140 2877 ptam
152 2812 180 2861 et
189 2804 321 2862 debitam
331 2805 477 2877 justitiam
487 2821 523 2861 ac
534 2804 738 2862 defensionem
748 2805 887 2863 exhibes·
940 2804 1055 2861 Sancta
1063 2805 1160 2861 ttaria
1168 2804 1197 2860 in
1208 2805 1341 2869 Pontico.
1356 2803 1466 2863 abbate
1479 2807 1618 2864 &unone
1630 2806 1669 2865 de
1681 2810 1773 2869 Gara·

56 2910 134 2961 mus,
150 2894 246 2950 viduis
263 2909 299 2950 ao
318 2894 450 2966 pupillis,
470 2900 499 2952 et
520 2894 657 2952 universo
670 2895 784 2967 populo
799 2893 886 2951 nobis
940 2890 1771 2970 sitteexpartedominipapazsnsetmuttaretbsrgsnst,

55 2983 230 3050 commisso,
247 2983 345 3054 legem
361 2988 391 3041 et
405 2998 510 3057 pacem
526 2982 672 3041 iaciamus
686 2989 715 3040 et
731 2999 886 3041 conserve-
903 2992 924 3049 c
941 2981 1122 3039 llerimanno
1136 2982 1350 3040 constantiensi
1365 2983 1524 3056 episcopis,
1539 2985 1710 3044 Outbeirioo
1732 2986 1772 3044 da

55 3088 135 3128 mus,
149 3074 222 3129 Cum
237 3074 317 3130 enim
333 3073 394 3130 duo
410 3072 478 3139 sint,
495 3072 606 3145 quibus
623 3072 825 3145 principaliter
837 3073 885 3130 bio
941 3069 1141 3153 benceburcb,
1154 3072 1276 3128 Widone
1288 3072 1401 3137 Werra.
1418 3073 1545 3131 Widone
1556 3075 1771 3135 blandratense

55 3162 188 3217 mundns
202 3163 325 3232 regitur,
345 3161 480 3219 videlicet
494 3162 655 3217 auctoritas
670 3177 755 3218 sacra
770 3162 885 3236 pontili-
939 3159 1111 3225 comitibus,
1119 3175 1153 3217 ex
1162 3160 1610 3233 partedominiregisliominus
1618 3164 1771 3239 siquidem

54 3266 124 3306 cum
133 3250 426 3322 stregalispotestas‚
435 3251 572 3306 omnium
584 3248 885 3307 Christisacerdotnm
939 3249 1098 3318 resjurarc
1111 3247 1198 3306 iaciat
1210 3264 1303 3306 unum
1314 3249 1352 3307 de
1366 3249 1613 3309 ministerialibus
1627 3252 1771 3313 inanima

54 3337 233 3395 obedientiae
245 3338 344 3395 devoti
357 3337 434 3396 colla
445 3337 619 3394 submittere
629 3339 846 3409 paratisnrnus,
854 3342 887 3394 nt
939 3337 1030 3405 regis,
1041 3336 1140 3408 etipse
1151 3335 1231 3394 idem
1245 3352 1338 3395 mann
1350 3340 1474 3411 propria
1483 3339 1555 3398 data
1564 3340 1625 3398 lide
1634 3341 1664 3400 in
1674 3356 1771 3401 manu

55 3427 185 3500 propitia
198 3426 368 3494 munitate,
381 3426 567 3499 temporibus
578 3427 671 3482 nostri
690 3425 883 3500 principatus,
939 3423 1029 3494 legati
1038 3424 1155 3481 domini
1164 3440 1251 3499 papea
1261 3427 1421 3498 promittet,
1430 3429 1584 3502 quodipse
1592 3445 1648 3488 nec
1656 3436 1771 3493 trevam

54 3517 181 3574 verbnm
198 3518 246 3573 bei
265 3517 402 3588 expedite
424 3532 541 3572 currere
562 3531 622 3571 non
639 3515 841 3587 probibentur.
857 3521 885 3573 et
941 3528 994 3569 nec
1007 3529 1112 3586 pacem
1128 3515 1216 3571 laciet
1236 3531 1307 3572 cunr
1322 3516 1476 3584 Romanis,
1490 3533 1545 3574 nec
1559 3534 1629 3576 eum
1644 3521 1770 3591 liugeriu

53 3614 195 3680 paternas
215 3605 336 3676 regulas
357 3621 392 3661 ac
410 3605 529 3662 decreta
546 3605 742 3661 sanctissimis
758 3604 885 3663 diffinita
940 3601 1055 3670 Sicilire,
1072 3603 1137 3660 sine
1149 3602 1243 3660 libero
1257 3619 1408 3661 consensu
1422 3610 1448 3661 et
1463 3605 1612 3665 ιοιιιιιιιιο
1627 3611 1769 3669 summ

51 3694 187 3751 conditis
197 3694 297 3750 nultus
307 3695 418 3751 audeat
428 3692 544 3766 absque
557 3709 652 3765 poenoe
663 3694 810 3765 gravioris
821 3694 885 3750 rin·
939 3691 1076 3749 Ecclesia
1089 3696 1118 3749 et
1128 3691 1244 3748 domini
1257 3708 1343 3765 papas
1355 3694 1491 3765 eugenii,
1505 3696 1552 3753 vel
1564 3712 1769 3757 sueuoesorurn

53 3782 131 3839 dicta
138 3782 259 3852 violare,
272 3788 422 3855 quatenus
435 3798 487 3854 per
497 3782 586 3839 studii
602 3784 693 3839 nostri
708 3783 884 3841 instantiam
937 3780 1004 3852 ejus
1016 3779 1068 3853 qui
1080 3785 1213 3838 tenorem
1222 3781 1400 3853 subscriptae
1411 3784 1581 3842 concordias
1593 3791 1770 3847 tenere-cam

53 3870 200 3929 catholica
213 3870 342 3929 Ecclesia
355 3887 417 3928 sote
430 3871 583 3942 dignitatis
591 3870 754 3943 privilegiis
763 3873 884 3929 decore·
938 3882 1008 3939 rege
1022 3869 1169 3925 Friderico
1183 3869 1339 3937 voluerint,
1355 3874 1384 3927 et
1394 3887 1449 3943 pro
1463 3871 1577 3931 viribus
1589 3874 1673 3948 regni
1686 3874 1770 3935 tabu

55 3966 110 4027 tur,
127 3967 156 4016 et
171 3961 296 4017 Romani
310 3960 426 4033 imperii
440 3960 586 4017 celsitudo
601 3960 632 4015 in
646 3961 806 4033 pristinum
821 3977 884 4019 suae
938 3957 1770 4036 rabitltomanossuangaredominopaprsetiiemente

53 4048 235 4107 excellentia
251 4049 353 4118 robur,
376 4051 436 4106 Deo
451 4049 627 4121 adiurante,
648 4049 834 4108 reformetur.
850 4053 884 4109 Et
939 4046 1086 4112 Ecclesiae,
1100 4046 1176 4104 sicut
1192 4062 1327 4121 unquam
1341 4047 1462 4107 inerunt
1476 4058 1627 4111 euentum
1642 4054 1771 4117 mast

53 4138 198 4211 quurriam
205 4138 658 4196 beatitudinisvestraanimum
668 4138 883 4212 deobitnprm·
938 4143 1026 4193 retro.
1040 4138 1189 4193 Honorem
1205 4144 1334 4210 papatus
1348 4143 1377 4196 et
1388 4139 1500 4211 regalia
1511 4141 1590 4199 beati
1605 4143 1680 4201 Petri
1693 4143 1770 4205 sieut

53 4226 123 4283 dicti
145 4227 327 4285 serenissimi
349 4228 491 4302 principis
514 4231 628 4285 scimus
652 4244 713 4286 non
734 4229 884 4287 immerito
938 4225 1063 4283 devotus
1072 4234 1100 4283 et
1112 4226 1249 4298 specialis
1258 4227 1425 4287 advocatus
1435 4236 1548 4289 uncta
1562 4234 1704 4291 itomana
1717 4232 1768 4291 Eo·

55 4318 273 4388 perturbatum,
302 4318 387 4375 robis
420 4325 565 4391 tanquam
598 4318 676 4390 patri
704 4317 883 4375 charissimo
899 4341 923 4399 ὓ
939 4314 1147 4372 clesiaecontre
1161 4316 1640 4391 hominespropossesuoeidem
1650 4337 1770 4381 eoam·

52 4412 226 4463 constanter
237 4408 447 4479 promittimus,
461 4408 546 4480 quod
560 4406 741 4464 sicuteidem
753 4406 884 4478 glorioso
940 4404 1019 4461 rabit
1030 4411 1059 4461 et
1071 4403 1221 4471 defendet,
1231 4421 1300 4477 quau
1313 4421 1393 4464 nunc
1404 4407 1506 4465 babet.
1523 4411 1594 4476 oue
1607 4424 1678 4468 raro
1688 4425 1769 4469 nuuc

52 4494 208 4566 quondam
223 4496 285 4566 regi
303 4495 334 4551 iu
346 4497 432 4566 regni
445 4496 520 4553 solio
536 4497 749 4562 successimus,
763 4496 806 4553 ita
825 4495 884 4553 bm-
938 4508 1000 4552 non
1011 4492 1113 4560 babet,
1123 4509 1298 4566 recuperare
1306 4511 1361 4568 pro
1370 4513 1458 4570 posse
1466 4497 1596 4569 juvabit,
1610 4504 1770 4574 ursum

52 4584 224 4642 reditariam
236 4584 426 4642 dilectionem
441 4591 502 4642 tam
517 4586 556 4642 ad
577 4592 706 4643 vestram
720 4600 884 4659 personam
937 4587 1004 4643 rata
1018 4582 1168 4640 delendet.
1184 4585 1355 4642 Graecorum
1368 4601 1492 4659 quoque
1506 4589 1571 4658 regi
1583 4587 1698 4647 nullam
1712 4594 1770 4649 ter·

52 4675 178 4730 omnino
196 4673 369 4747 specialem,
389 4690 481 4749 quarn
505 4675 544 4731 ad
564 4682 762 4732 sacrosanctae
781 4675 884 4732 matris
938 4686 1004 4728 ram
1019 4671 1123 4728 exista
1139 4676 1220 4744 parte
1232 4672 1323 4730 maris
1336 4674 1488 4733 concedet.
1502 4677 1626 4744 Quodsi
1637 4677 1768 4737 lorteille

87 4780 163 4853 (155)
183 4785 304 4838 Pactum
323 4782 413 4856 quale
435 4798 452 4838 a
470 4782 574 4853 legatis
596 4782 734 4839 Fridsrici
748 4786 777 4839 et
795 4797 883 4855 papas
937 4792 1008 4849 rege
1021 4777 1234 4834 confirmatum
1249 4778 1339 4836 luisse
1352 4779 1494 4850 legimus,
1510 4783 1629 4841 medela
1643 4784 1766 4859 indiget,

52 4852 160 4909 initum
175 4861 230 4921 est,
246 4860 342 4911 exstat
361 4854 436 4911 inter
449 4853 593 4924 epistolas
610 4854 739 4911 Wibatdi
755 4854 880 4919 abbatis,
938 4866 1001 4924 qua
1015 4865 1095 4907 anno
1108 4850 1322 4907 incarnationis
1336 4856 1416 4919 rtet,
1431 4870 1445 4908 r
1484 4855 1515 4911 ni
1533 4870 1564 4923 ιι,
1579 4854 1736 4916 indictioni
1746 4875 1768 4927 ι,

54 4923 134 4994 apud
149 4926 323 4982 ttartenium
337 4926 537 4999 tltttmpliss.
549 4925 745 4992 Collectionis,
756 4941 804 4995 ep.
818 4925 882 4990 385,
938 4922 1118 4993 assignetur,
1138 4937 1207 4978 cum
1223 4929 1251 4978 et
1267 4922 1446 4981 iriderioum
1482 4927 1508 4982 ie
1532 4930 1566 4984 23
1585 4929 1770 4987 llartisanai

53 4994 140 5064 cuius
156 4999 269 5051 textum
284 4998 514 5055 emendavimus
534 5012 591 5067 ope
611 4996 723 5053 codicis
740 4996 883 5052 tlalmun-
940 4998 1011 5075 1152,
1023 4992 1151 5050 coioniae
1168 5000 1328 5075 muratum,
1351 5000 1379 5050 et
1394 4994 1507 5122 legatos
1529 4998 1662 5069 Eugenii,
1679 4998 1767 5073 pacti,

52 5064 200 5122 doriensis
214 5067 474 5124 confirmationem
485 5069 596 5135 regiam
609 5067 725 5139 primus
738 5068 881 5123 baronius
939 5071 969 5121 ut
986 5065 1111 5132 videtur,
1124 5069 1293 5136 portitores.
1311 5066 1420 5123 berner
1444 5080 1494 5125 nm
1510 5072 1541 5126 tt.
1560 5070 1590 5125 S.
1609 5070 1768 5130 Clementis

52 5135 93 5194 ad
117 5152 167 5193 an.
187 5142 262 5203 tite,
285 5155 352 5221 pag.
368 5142 430 5204 ³78,
448 5155 483 5194 ex
504 5140 606 5194 codice
621 5139 719 5195 Genuii
740 5137 882 5194 Vaticano
937 5142 966 5193 et
980 5135 1154 5206 Gregorium
1175 5140 1216 5217 ιι..
1234 5137 1263 5193 S.
1278 5137 1376 5219 ¹itarius
1392 5137 1648 5222 ia'iranstiberim
1672 5142 1769 5201 cardi·

53 5208 881 5288 evulgaverattantrsreroinandisreicrtam.utnostram
936 5208 1031 5273 nates,
1047 5213 1136 5279 prout
1149 5222 1185 5264 ex
1200 5209 1301 5263 litteris
1317 5225 1403 5338 ριέἓω
1418 5209 1457 5266 ad
1473 5211 1638 5270 Wrbeldum
1651 5215 1769 5286 scriptis

53 5279 149 5336 codrot
167 5287 174 5334 t
194 5280 339 5337 Vaticano
354 5296 384 5337 n.
400 5284 483 5346 2040,
500 5282 588 5348 mbr„
602 5296 670 5337 saec.
685 5296 747 5347 xiv,
763 5296 813 5347 xv,
831 5280 882 5339 ubi
937 5284 1029 5352 patet,
1050 5293 1153 5336 mense
1176 5278 1300 5335 demum
1323 5283 1342 5337 F
1382 5283 1483 5339 ruario
1507 5291 1560 5341 aut
1572 5285 1674 5344 liertio
1696 5286 1767 5345 enni

53 5349 125 5407 iulio
140 5350 174 5407 53
188 5350 578 5421 legitur,inniram‚merito
593 5353 685 5408 inulto
698 5350 882 5409 emendatio
939 5354 1006 5407 rtet
1033 5349 1158 5422 Alpibus
1184 5350 1314 5421 trajectis
1334 5352 1364 5408 in
1391 5353 1580 5412 Germaniam
1611 5355 1769 5415 advenisse

53 5438 117 5479 rem
132 5426 329 5479 consessitec
339 5430 439 5480 tamen
449 5424 494 5479 vel
505 5423 546 5480 ita
554 5424 656 5480 omnia
670 5431 776 5481 sanata
788 5421 881 5479 inisse
938 5425 1062 5478 constet.
1078 5451 1113 5464 -
1126 5423 1224 5488 Patara,
1239 5422 1372 5480 lionam.
1390 5423 1580 5496 cerastas,
1592 5428 1685 5501 ¹legg.
1701 5424 1768 5500 tit,

53 5493 267 5551 contendimus
280 5509 289 5561 ι
303 5502 378 5553 nota
391 5496 472 5554 enim
491 5497 634 5569 temporis
647 5508 703 5569 pro
724 5500 881 5569 paetum-e
937 5509 968 5569 p.
986 5495 1033 5551 se.
1624 5528 1627 5533 -
