3728 6000
98 173 103 189 '
127 192 197 255 raon
820 185 966 245 aucauu
986 184 1025 243 111
1044 185 1147 243 erra
1769 184 1837 242 isos

124 318 294 380 cessoribus
313 321 342 376 et
363 316 697 392 illibalapermaneant.
713 315 745 370 ln
766 312 952 388 quibushac
968 311 1056 377 aris,
1090 309 1268 369 canonicam
1293 309 1384 367 vitam
1403 309 1555 384 protessis,
1578 309 1611 367 in
1645 312 1835 383 perpetuum.

124 409 253 484 propriis
276 406 419 465 duximus
438 404 636 479 exprimenda
659 403 828 461 vocabulis:
840 402 960 480 Locum
1042 401 1163 466 Quoties
1190 399 1263 457 illud
1283 399 1403 457 anobis
1422 400 1532 474 petitur
1552 399 1635 473 quod
1657 398 1797 470 religioni
1811 405 1837 455 et

8 542 11 547 .
125 497 262 556 videlicet
276 495 388 570 ipsum,
400 494 431 552 ln
446 509 508 570 quo
529 494 595 567 ipsa
610 492 734 550 abbatia
747 491 872 548 lundata
897 495 951 557 est,
1006 487 1155 546 honestati
1172 489 1332 547 convenire
1348 489 1544 560 dignoscitur,
1560 489 1663 546 animo
1684 504 1742 544 nos
1754 487 1838 546 decet

125 586 282 659 grangiam
299 583 639 655 flsrtnusengrsngism
652 580 780 647 lobach,
794 578 952 651 grangiam
1006 577 1108 635 libenti
1119 577 1835 651 concedere‚etpetentiumdesideriiscongruum

124 672 333 738 llohenscheit,
347 673 504 744 grangiam
521 669 701 736 wilinbach,
718 669 874 740 grangiam
897 669 951 724 Su·
1006 666 1150 741 impertiri
1165 666 1353 738 suffragium·
1368 667 1541 741 Eapropter‚
1554 665 1653 724 dilecti
1666 667 1697 722 in
1710 666 1836 724 Domino

124 764 285 830 velnbeim,
301 764 458 833 grangiam
467 763 581 826 Gerute,
589 760 744 830 grangiam
755 756 951 820 Buttenheim,
1006 756 1068 822 filii,
1078 757 1184 814 vestris
1191 757 1280 828 justis
1289 757 1543 829 postulationibus
1556 755 1719 812 clementer
1731 755 1835 812 annui·

125 854 284 925 grangiam
303 850 539 916 atmonsvillere,
560 849 717 920 grangiam
740 846 950 904 Hecbenheim.
1006 860 1084 912 mus,
1101 846 1329 919 etpratatamS.
1340 845 1613 913 ilarlaecclesiam,
1623 845 1726 918 inqua
1736 843 1835 901 divino

125 943 203 1001 Sane
221 942 361 1000 taborum
376 947 543 998 vestrorum
565 954 643 1013 quos
668 937 796 1012 propriis
811 936 951 993 manibus
1006 935 1169 1008 mancipati
1187 935 1259 992 estis
1282 935 1439 1008 obsequio,
1464 935 1521 991 sub
1549 937 1578 991 Β.
1593 934 1668 991 Petri
1687 938 1718 990 et
1738 940 1834 990 nostre

124 1037 175 1090 aut
189 1030 359 1106 sumptibus
381 1030 488 1096 colitis,
504 1043 558 1085 seu
578 1026 616 1085 de
630 1026 819 1085 nutrimentis
834 1029 950 1082 vestro·
1006 1023 1188 1098 protectione
1205 1025 1397 1097 suscipimus,
1413 1030 1441 1081 et
1454 1023 1610 1096 prasentia
1622 1022 1728 1096 scripti
1754 1022 1834 1095 privi-

124 1136 193 1180 rum
208 1118 384 1178 animalium
413 1117 545 1176 nullusa
568 1115 656 1174 vobis
675 1115 810 1174 decimas
835 1114 952 1186 exigere
1004 1111 1083 1185 legio
1097 1113 1332 1181 communimus
1350 1112 1656 1187 imprimissiquidem
1672 1117 1831 1169 statuentes

125 1213 300 1285 prasumat.
1005 1207 1038 1259 ut
1049 1201 1124 1259 ordo
1138 1203 1301 1259 canonicus
1315 1202 1368 1276 qui
1386 1203 1554 1260 secundum
1574 1201 1606 1259 B.
1617 1201 1779 1272 Augustini
1789 1203 1832 1257 lie·

160 1292 952 1367 Decernimusergoutnultiomninohominumticeat
1006 1291 1830 1363 gulametPramonstratensiumfratruminstitulioncm

125 1387 253 1462 praiata
266 1384 423 1443 ecclesiam
437 1391 546 1441 temere
555 1383 730 1457 perturbare
744 1382 869 1454 antejus
884 1396 952 1454 pos·
1005 1378 1188 1437 ibinoscitur
1197 1381 1357 1448 institutus,
1372 1381 1523 1454 perpetuis
1534 1380 1641 1437 tuturis
1647 1385 1708 1437 tem
1714 1379 1829 1453 poribus

125 1475 276 1534 sessiones
288 1472 414 1539 auterre,
427 1471 474 1529 vel
482 1472 597 1530 ablatas
604 1473 739 1539 retinere,
751 1471 952 1539 minuere,seu
1005 1467 1113 1526 ibidem
1121 1468 1829 1544 inviolabiliterconservetur3quascunqueetiarn

124 1563 311 1640 quibuslibet
331 1561 473 1619 molestiis
484 1561 619 1632 fatigare,
641 1560 695 1617 sed
721 1561 824 1617 omnia
837 1561 952 1631 integra
1006 1559 1224 1631 possessiones,
1240 1574 1429 1633 quacunque
1453 1559 1535 1616 bona
1556 1560 1585 1615 in
1608 1557 1830 1632 presentiarum

125 1658 337 1711 conserventur
352 1666 467 1718 eorum,
484 1666 538 1724 pro
552 1666 683 1723 quorum
694 1648 912 1720 gubernatione
922 1651 952 1703 et
967 1665 989 1722 g
1004 1648 1085 1719 juste
1099 1649 1276 1706 etcanouice
1289 1649 1512 1721 possidetis‚aut
1524 1650 1552 1705 in
1568 1649 1705 1706 futurum
1720 1663 1832 1704 conces

124 1742 339 1800 sustentatione
366 1755 509 1796 concessa
530 1743 609 1806 sunt,
640 1738 746 1795 usibus
767 1735 951 1794 omnimodis
1006 1738 1089 1796 sione
1111 1738 1296 1810 pontificum,
1311 1737 1468 1810 largitione
1488 1753 1592 1808 regum
1607 1737 1832 1810 velprincipum

125 1831 289 1905 protutura,
307 1829 476 1886 satvasedis
484 1827 655 1900 apostolica
663 1828 872 1885 auctoritateret
880 1825 952 1882 dia·
1005 1826 1157 1884 oblatione
1171 1827 1316 1894 fidelium,
1329 1843 1381 1884 seu
1394 1827 1461 1884 aliis
1472 1828 1563 1899 justis
1581 1828 1687 1895 modis,
1698 1829 1760 1884 ileo
1775 1842 1833 1900 pro

126 1918 228 1976 cesani
245 1917 379 1991 episcopi
404 1915 552 1974 canonica
568 1917 694 1988 iustitia.
711 1914 741 1974 Si
763 1931 825 1988 qua
837 1929 909 1985 ergo
920 1913 951 1969 in
1007 1915 1079 1988 pitio
1093 1915 1225 1989 poteritis
1242 1915 1380 1988 adipisci,
1390 1916 1477 1972 firma
1492 1916 1578 1973 vobis
1595 1916 1762 1989 vestrisque
1777 1931 1833 1972 suc·

126 2006 259 2065 futurum
284 2004 486 2063 ecclesiastica
510 2004 696 2062 secularisve
716 2019 857 2077 persone,
871 2003 952 2059 hanc
1005 2003 1175 2062 sessoribus
1193 2010 1222 2062 et
1239 2004 1355 2062 illibata
1373 2010 1579 2079 permancant.
1596 2003 1758 2078 inquibus
1777 2005 1833 2061 hac

127 2101 236 2153 nostr&
248 2093 468 2152 constitutionis
482 2093 626 2166 peginam
646 2093 755 2158 witus.
772 2096 951 2149 contraitum
1006 2093 1184 2152 nominatim
1200 2094 1342 2150 duximus
1357 2094 1554 2168 exprimenda
1576 2092 1755 2150 :allodium
1773 2096 1833 2149 Dor·

15 2220 26 2235 =
126 2189 236 2243 temere
250 2184 347 2241 venire
363 2184 525 2248 tentaverit,
539 2182 674 2240 secundo
687 2182 808 2239 tertiove
818 2194 953 2237 commo·
1008 2183 1115 2249 cheim,
1131 2182 1276 2239 decimam
1290 2188 1320 2240 et
1334 2182 1479 2241 allodium
1491 2182 1704 2250 wlucrsheim,
1713 2197 1833 2239 censum

126 2274 202 2338 nita,
226 2274 326 2331 sinon
353 2271 554 2329 satisfactione
578 2286 712 2342 congrua
736 2269 950 2336 emendaverit,

126 2362 281 2435 potestatis
295 2361 480 2433 honorisque
493 2359 539 2415 sui
556 2359 700 2430 dignitate
726 2366 836 2423 careat,
857 2372 952 2413 ream·

126 2466 185 2523 qne
200 2466 231 2507 se
244 2449 347 2505 divino
359 2448 474 2521 judicio
482 2449 608 2505 existere
620 2447 657 2504 de
671 2452 838 2519 perpetrata
846 2445 951 2518 iniqui·

125 2542 184 2596 tate
196 2542 370 2608 cognoscat,
384 2542 413 2593 et
426 2553 445 2594 a
463 2536 668 2594 sacratissimo
683 2551 807 2608 corpore
835 2552 870 2592 ac
886 2549 953 2591 san-

126 2628 217 2700 guine
237 2626 289 2684 Dei
305 2632 334 2683 et
346 2626 464 2683 Domini
474 2626 568 2683 nostri
578 2625 649 2683 Jesu
661 2626 766 2682 Christi
778 2624 876 2682 aliena
889 2624 950 2696 liat,

126 2723 216 2790 utque
227 2715 258 2771 in
269 2718 402 2772 extremo
426 2715 564 2771 examine
578 2713 718 2771 districta
733 2713 837 2770 ultioni
853 2713 953 2784 subja·

126 2810 200 2863 caat.
215 2803 335 2863 Cunctis
346 2807 447 2860 autem
466 2802 565 2859 eidem
580 2802 644 2861 loco
657 2802 738 2874 justa
754 2801 951 2870 servantibus,

1007 2275 1036 2327 et
1054 2285 1143 2327 omne
1154 2271 1288 2328 debitum
1306 2272 1404 2328 mansi
1425 2278 1452 2329 et
1465 2270 1582 2329 dimidii
1594 2272 1832 2343 vinearumquas

1006 2358 1121 2416 hahetis
1134 2361 1164 2416 in
1179 2360 1332 2417 Everbach
1348 2367 1376 2419 et
1389 2361 1419 2418 in
1439 2361 1504 2418 Alta
1517 2361 1594 2429 villa,
1616 2378 1687 2434 qua
1702 2360 1832 2417 videlicet

1006 2464 1129 2506 censum
1158 2454 1187 2504 et
1201 2449 1333 2506 debitum
1348 2450 1524 2507 venerabilis
1539 2450 1631 2506 irater
1646 2456 1752 2506 noster
1768 2450 1833 2506 ilen-

1005 2537 1085 2596 ricus
1098 2539 1286 2610 ltoguntinus
1299 2539 1544 2612 archiepiscopus
1555 2538 1640 2596 vohis
1649 2540 1799 2595 concessit
1809 2543 1833 2594 et

1006 2626 1256 2707 scriptcthrmavit
1268 2626 1431 2685 libertatem
1446 2643 1597 2701 quoquae
1614 2628 1705 2685 bona
1727 2644 1831 2685 memo

1007 2714 1058 2771 ria
1073 2714 1192 2772 aiberto
1206 2717 1377 2788 itoguntinn
1397 2716 1626 2789 archiepiscopo
1647 2716 1783 2774 ecclesia
1794 2733 1831 2773 ve

1008 2805 1830 2878 stracoucessam,etscriptosuofirmatam,vobisnihil

17 3852 20 3857 ’
124 3870 229 3928 Velum
241 3875 382 3926 Aureum.

126 2893 165 2951 sit
182 2909 242 2967 pax
268 2891 384 2950 Domini
404 2891 499 2948 nostri
521 2893 591 2948 Jesu
611 2891 727 2963 Christi,
750 2897 899 2964 quatenus
924 2896 954 2947 et
1007 2893 1129 2950 ominus
1151 2894 1379 2963 confirmamus,
1397 2900 1429 2951 ut
1444 2895 1515 2951 nulli
1531 2895 1670 2952 videlicet
1690 2894 1829 2954 archidia-

125 2983 175 3041 hic
186 2980 718 3054 fructumhonaactionispercipiant
728 2987 756 3036 et
765 2979 848 3053 apud
857 2978 954 3036 distri·
970 3015 990 3072 C
1007 2995 1153 3038 conorum
1167 2982 1395 3040 velclericorum
1409 2983 1585 3057 tinguntina
1601 2984 1766 3056 parocbia,
1782 2981 1831 3040 nisi

125 3068 952 3144 ctumjudicempraemissurusparisiacenisntamen.
1007 3069 1061 3127 soli
1087 3071 1310 3144 archiepiscopo
1334 3071 1514 3146 respondere
1534 3072 1682 3130 debeatis.
1698 3072 1832 3131 Prohibe·

161 3164 223 3232 Ego
238 3160 387 3232 Eugenius
398 3159 554 3217 catholica
563 3157 700 3216 Ecclesia
709 3158 880 3231 episcopus.

161 3251 221 3320 Ego
244 3248 398 3305 albericus
414 3248 555 3305 Ostiensis
569 3245 740 3320 episcopus.

1008 3175 1077 3216 mus
1101 3161 1225 3230 insuper
1248 3165 1279 3217 ut
1298 3161 1398 3217 nullus
1417 3160 1504 3218 vobis
1536 3162 1703 3220 advocatus
1734 3166 1832 3237 prater

1008 3265 1202 3307 communem
1226 3256 1354 3308 vestrum
1371 3266 1531 3309 assensum
1553 3252 1582 3308 in
1600 3257 1758 3323 posterum
1771 3266 1831 3310 eoa

161 3341 223 3411 Ego
238 3337 422 3395 liumbnldus
444 3337 599 3410 presbyter
611 3335 773 3394 cardinalis
788 3334 872 3394 titulo
883 3336 954 3392 San·
1009 3339 1156 3405 situatur,
1182 3339 1235 3395 sed
1252 3355 1372 3412 semper
1399 3341 1462 3397 sine
1477 3340 1605 3414 alicujus
1620 3341 1763 3399 advocati
1778 3356 1831 3414 per

127 3432 244 3487 ciorum
254 3427 378 3485 loannis
391 3431 420 3484 et
433 3426 525 3483 Pauli.
1009 3428 1186 3496 turbatione,
1195 3428 1424 3486 sicuthactenus
1434 3429 1529 3486 luisse
1539 3429 1832 3500 dignoscitur,vestra

161 3520 222 3589 ago
233 3517 327 3574 lulius
344 3515 445 3590 presb.
459 3514 541 3573 card.
555 3515 596 3571 tit.
611 3517 640 3573 S.
653 3513 791 3571 Marcelli.
1008 3516 1134 3574 ecclesia
1144 3515 1238 3574 libera
1250 3517 1382 3590 quietate
1398 3523 1603 3591 permaneant.

162 3609 221 3678 Ego
236 3607 319 3676 tingo
328 3605 427 3678 presb.
446 3605 529 3663 card.
541 3603 584 3661 tit.
593 3604 623 3660 in
636 3604 755 3660 Lucina.
1043 3607 1236 3663 Decernimus
1250 3622 1322 3678 ergo
1331 3607 1833 3666 utnulliomninohominumliceet

162 3697 224 3766 Ego
241 3693 391 3751 terdenus
407 3693 505 3765 presb.
516 3693 598 3750 card.
611 3693 654 3749 tit.
667 3694 784 3748 Sancta
793 3693 949 3749 Susanna.
1006 3693 1162 3767 pralatam
1187 3694 1341 3754 ecclesiam
1366 3702 1474 3755 lemme
1496 3696 1684 3771 perturbare,
1699 3702 1752 3754 ant
1775 3697 1833 3770 eius

161 3785 222 3853 Ego
241 3780 306 3838 0do
319 3780 465 3838 diaconus
484 3780 646 3839 cardinalis
660 3780 761 3838 Sancti
780 3780 894 3853 Georgii
910 3779 950 3838 ad
1006 3784 1214 3857 possessiones
1227 3785 1403 3853 aulerrc,vel
1418 3785 1535 3844 ablatas
1545 3786 1831 3855 relinere,minuere,

1006 3888 1060 3931 seu
1079 3873 1262 3947 quibuslibet
1277 3874 1423 3932 molestiis
1436 3874 1632 3946 latigarc,sed
1648 3878 1751 3934 omnia
1765 3874 1832 3932 inte·

161 3963 223 4032 Ego
243 3957 421 4016 Octavianus
432 3956 510 4013 diac.
520 3958 603 4015 card.
622 3955 663 4012 tit.
678 3957 707 4013 S.
722 3956 834 4014 Nicolai
845 3957 876 4013 in
886 3958 954 4014 Car·
1006 3969 1604 4038 graconserventureorum,proquorum
1618 3964 1832 4035 gubernatione

126 4064 190 4107 cere
200 4046 346 4106 Tulliano.
1006 4056 1035 4109 et
1054 4054 1265 4110 sustentatione
1279 4069 1424 4111 concessa
1438 4060 1518 4121 sunt,
1535 4055 1638 4111 usibus
1653 4053 1833 4113 omnimodis

161 4140 223 4209 ligo
234 4134 330 4194 Guido
342 4133 418 4190 diac.
429 4132 513 4190 card.
526 4134 567 4190 tit.
579 4132 675 4191 llaria
690 4133 720 4191 in
733 4133 861 4191 Porticu.
1005 4139 1171 4215 protutura,
1196 4141 1280 4199 salva
1303 4143 1475 4215 apostolica
1501 4142 1581 4200 sedis
1605 4144 1786 4201 auctoritate
1810 4145 1833 4199 et

160 4227 221 4297 ligo
234 4221 419 4298 Hyacinthus
437 4221 512 4279 diac.
529 4221 611 4279 card.
627 4222 669 4278 tlt.
685 4223 712 4280 S.
728 4222 824 4280 tiaria
837 4221 868 4279 in
882 4223 952 4280 Cos·
1006 4229 1170 4301 tlcguntini
1186 4230 1402 4304 archiepiscopi
1424 4231 1708 4304 canonicatustitia.
1726 4231 1760 4290 Si
1777 4245 1833 4307 qua

126 4315 240 4373 medin.
1004 4317 1832 4394 igiturinposterumecclesiasticasacularisvepersona,

160 4405 363 4476 Egotoanncs
380 4401 497 4474 Populo
520 4400 598 4457 diae·
610 4398 692 4457 cord·
709 4399 754 4457 tit·
770 4399 799 4455 S·
815 4399 950 4461 Adriani·
1004 4407 1084 4465 hanc
1103 4414 1212 4464 nostra
1222 4409 1440 4466 constitutionis
1454 4411 1597 4483 paginam
1613 4411 1833 4477 sciens,contre

159 4496 267 4551 Datum
277 4489 464 4548 Allissiodoli
479 4503 671 4562 permultum
684 4486 949 4547 Guidonissunclae
1003 4511 1071 4554 eam
1094 4501 1203 4554 temere
1231 4500 1331 4555 venire
1361 4499 1526 4568 tentaverit,
1556 4499 1692 4556 secundo
1712 4501 1833 4558 tertiove

123 4585 266 4640 Romana
278 4579 414 4637 Ecclesia
424 4577 541 4636 diaconi
561 4576 721 4635 cardinalis
731 4582 760 4634 et
770 4577 948 4645 cancellarii,
1003 4586 1226 4651 commonita,si
1238 4587 1834 4660 nonssusracttonecongrnaemendare

29 4664 33 4673 “
122 4687 153 4728 ιιι
167 4675 265 4729 Nonas
278 4669 412 4740 Augusti,
422 4665 583 4724 indictione
595 4665 724 4734 decima,
733 4665 949 4724 iucarnationis
1002 4673 1049 4738 rit,
1057 4675 1212 4746 potestatis
1222 4674 1406 4750 honorisque
1417 4677 1462 4733 sui
1474 4677 1617 4747 dignitate
1626 4684 1834 4745 careetream·

122 4760 283 4817 [lominica
294 4772 376 4816 auno
393 4758 472 4823 llll,
488 4755 680 4828 pontificatus
700 4755 883 4813 verodomni
898 4758 949 4812 iiu-
1003 4762 1834 4842 quesedivinojudicioexisteredeperpetratainiquitate

123 4849 202 4920 genii
213 4864 300 4922 papa
313 4861 394 4904 anno
409 4860 450 4901 ιιι.
1003 4853 1774 4927 cognoscat.etasacratissimocorporeacsanguine
1786 4859 1833 4913 tle

479 4933 590 4990 ccxvi.
1003 4939 1076 4997 mini
1085 4940 1178 4997 nostri
1190 4942 1258 4997 lesu
1272 4941 1549 5010 Christialienaflat,
1564 4944 1692 5017 etquein
1702 4951 1833 5002 extremo

157 5025 251 5083 Bulla
264 5039 321 5095 pro
331 5020 715 5080 ltcenstcdtecsisileetesie
725 5021 948 5094 confirmatione
1003 5028 1288 5087 examinedistrictae
1301 5030 1406 5088 ultioni
1419 5031 1584 5103 subjaceat.
1605 5033 1832 5090 Cunctisautem

369 5111 553 5185 (ennolttl,
568 5117 642 5181 Aug.
658 5112 699 5182 8.)
1003 5116 1101 5174 eidem
1118 5117 1184 5176 loco
1202 5120 1284 5191 justa
1298 5121 1497 5191 servantibus,
1514 5121 1554 5178 sit
1568 5136 1627 5194 par
1647 5122 1772 5180 llomini
1787 5136 1833 5180 no·

263 5200 495 5276 [bimaitanai.
508 5199 615 5265 Prnm,
627 5199 648 5268 l,
662 5200 719 5266 Pr,
731 5196 808 5273 dih]
1003 5206 1055 5263 stri
1082 5207 1153 5264 Jesu
1179 5207 1295 5279 Christi,
1318 5216 1468 5284 quatenus
1481 5214 1511 5267 et
1524 5209 1573 5268 hic
1596 5210 1729 5268 fructum
1747 5211 1831 5270 bona

157 5290 478 5363 Eucaerusepiscopus,
493 5303 599 5344 servus
615 5302 772 5345 servorum
791 5287 852 5357 Dei,
879 5287 950 5345 dile·
1003 5295 1128 5352 actionis
1157 5297 1332 5370 percipiant,
1353 5303 1382 5355 et
1402 5298 1484 5371 apud
1514 5297 1681 5356 districtum
1701 5299 1833 5372 jndicem

121 5381 175 5438 ctis
188 5380 394 5437 filiistrrosro
408 5377 566 5452 preposito
582 5379 677 5434 Beata
696 5377 839 5436 ilariade
856 5377 949 5436 ilben-
1002 5385 1126 5455 pramis
1149 5390 1265 5443 aterna
1283 5386 1367 5460 pacis
1388 5387 1554 5447 inveniant.
1583 5388 1692 5456 Amen,
1726 5391 1831 5464 Amen,

121 5467 196 5535 stad,
207 5468 332 5542 ejusque
345 5466 485 5526 fratribus
494 5471 556 5525 um
567 5465 949 5543 presentibusquamlntu·
1008 5485 1109 5531 amen.
