3728 6000
59 249 116 313 ‘th
628 246 675 307 DE
699 250 956 310 sucnaunnao.
969 283 1006 294 —
1019 253 1091 309 tta.
1115 254 1140 310 Ι.
1668 260 1720 320 778

61 395 119 437 non
130 380 196 437 est?
213 380 265 436 Est
279 394 345 452 ergo
361 379 390 433 in
404 377 484 434 uobis
499 377 559 449 ipse
573 392 622 448 per
636 392 758 446 carnem,
774 385 804 433 et
817 393 865 433 su·
879 379 908 440 A
920 377 1042 433 lambere
1056 378 1231 450 cupientibus
1240 396 1313 448 cum,
1325 388 1351 436 et
1365 397 1427 436 cum
1442 381 1634 441 benedictione
1644 402 1716 442 corn-

62 483 126 524 mus
136 469 166 524 in
181 483 227 534 eo,
244 467 309 523 dnm
332 483 425 524 secum
440 468 492 522 hoc
506 465 579 537 quod
593 480 644 520 nos
658 482 752 522 sarnus
767 466 794 521 in
809 467 868 522 Deo
923 467 1015 537 plecti,
1033 466 1116 539 litque
1130 469 1182 525 boc
1195 473 1281 525 toturn
1297 469 1349 526 snb
1363 471 1449 527 oculis
1465 471 1597 530 humanis.
1618 497 1629 522 ι
1654 477 1721 531 ιιειιι

63 565 117 613 εει.
134 578 147 605 a
162 557 199 612 ιιι
213 565 273 628 post
287 571 373 627 penca
389 571 395 608 :
411 557 498 610 «llaec
512 569 579 625 ergo
594 555 658 610 vitre
673 563 774 611 nostrae
788 569 871 611 cause
923 554 983 626 ipse
998 555 1056 621 (lib.
1068 573 1105 621 rr,
1117 571 1142 612 c.
1154 558 1200 625 ll:
1215 560 1302 614 uCum
1318 559 1447 615 sacerdos
1457 561 1586 631 Spiritum
1596 571 1720 620 sanctum

61 653 115 714 est,
131 645 205 717 quod
230 645 258 699 in
283 644 364 700 nobis
378 644 536 700 cernalihns
551 658 600 714 per
613 658 722 698 carnem
737 644 869 700 Christum

66 743 224 790 manentem
252 732 398 800 habemus,
419 731 530 788 victuris
557 732 636 787 nobis
662 747 714 802 per
740 748 813 801 eum,
837 748 871 789 ea

63 822 223 880 ccrrditione
238 837 292 892 qua
307 821 373 876 vivit
387 821 432 876 ille
448 836 500 890 per
515 821 633 887 Putrem,
654 845 664 867 ι

99 914 169 968 item
190 911 326 967 Eusebius
349 910 509 965 Emissenus
526 927 533 963 :
552 932 563 957 ι
579 908 705 964 Coelestis
727 907 870 965 confirmat

64 998 225 1062 auctoritas,
238 1000 303 1071 quia
318 1015 383 1056 cero
398 1014 461 1054 mee
476 1014 538 1054 vere
554 997 737 1058 estricourt
753 998 869 1069 sanguis

62 1104 147 1145 meuc
157 1104 221 1144 uere
236 1092 280 1144 ert
291 1092 383 1160 potus.
397 1087 515 1142 Recedet
526 1102 593 1155 ergo
607 1102 687 1141 omne
701 1085 869 1142 intidelitetis

63 1177 225 1249 ambiguum
242 1191 249 1230 ι
266 1174 489 1247 quandoquidem
505 1175 550 1244 qui
573 1182 667 1230 auctor
680 1178 721 1229 est
735 1175 867 1242 muneris,

61 1266 124 1338 ipse
138 1265 219 1320 etiam
235 1263 314 1320 testis
328 1272 369 1319 εει
382 1263 515 1318 veritatis.
534 1287 545 1312 ι
564 1263 631 1319 ιιειιι
646 1262 828 1333 Hieronymus
839 1261 867 1316 in

63 1354 147 1426 epist.
157 1353 194 1410 ed
208 1352 353 1408 lledibiarn
363 1353 475 1425 (quest.
485 1356 511 1418 Ξ,
521 1359 542 1408 ι.
555 1352 577 1418 l,
589 1352 642 1408 col.
655 1352 717 1419 ιιι,
727 1352 760 1407 ed
772 1351 867 1406 Venet.

63 1435 258 1513 innutritos
279 1446 371 1498 antem
396 1441 537 1496 audiemus
561 1456 660 1512 panem
682 1456 763 1512 quem
789 1438 869 1512 tregit

66 1531 216 1600 Dominus,
236 1531 368 1602 deditque
387 1530 539 1600 discipulis,
560 1545 621 1584 esse
643 1544 744 1598 corpus
758 1529 869 1584 Domini

924 644 1109 712 advocaverit,
1124 653 1150 700 et
1165 647 1342 702 reverendum
1357 647 1430 703 illem
1447 650 1563 704 hostiam
1592 651 1721 708 immola·

924 733 1008 800 verit,
1037 749 1263 806 communemque
1291 736 1411 790 omnium
1440 738 1583 793 Dominum
1605 741 1721 799 subinde

924 821 1081 894 contigerit,
1097 822 1143 876 ubi
1158 822 1245 889 illum,
1261 822 1307 879 dic
1321 824 1397 892 mibi,
1424 832 1518 881 nostra
1542 830 1721 885 estimatione

923 911 1076 980 ponemus?
1090 909 1224 978 Quantam
1240 912 1275 967 ab
1298 928 1332 968 en
1355 913 1540 986 integritatem
1557 917 1721 988 exigemus?

923 1006 1053 1068 quantam
1068 1000 1251 1070 religionem‘t
1267 1001 1397 1070 Expende
1409 1003 1482 1057 enirn
1494 1004 1588 1076 qualos
1599 1015 1721 1078 oporteat

923 1086 984 1155 ejus
999 1102 1057 1141 esse
1071 1102 1169 1142 manus
1183 1093 1319 1143 tantarum
1336 1105 1426 1145 rerum
1448 1092 1596 1161 ministras,
1612 1096 1721 1166 qualem

924 1173 1045 1245 linguam
1061 1176 1144 1231 verba
1158 1175 1205 1230 illa
1219 1177 1388 1247 fundentem,
1404 1190 1449 1234 aut
1469 1197 1522 1252 quo
1544 1198 1645 1253 genere
1666 1200 1721 1240 non

922 1263 1093 1319 mundiorem
1109 1272 1134 1318 et
1149 1266 1313 1321 sanctiorem
1329 1268 1461 1338 animam,
1477 1270 1538 1323 talis
1553 1271 1664 1341 spiritus
1679 1289 1721 1328 re-

923 1352 1079 1421 ceptricem.
1096 1353 1173 1407 Tunc
1187 1354 1270 1408 etiarn
1285 1355 1377 1426 angeli
1395 1356 1568 1412 circumstant
1587 1361 1720 1417 sacerdo-

923 1447 987 1503 tem,
1007 1448 1033 1494 et
1048 1440 1168 1495 tribunal
1181 1450 1262 1514 etque
1286 1443 1376 1497 altaris
1401 1444 1474 1500 locus
1498 1446 1653 1503 caelestibus
1669 1450 1722 1504 rir-

922 1529 1023 1583 tutibus
1038 1529 1209 1600 adimpletur,
1226 1531 1254 1584 iu
1269 1531 1399 1587 honorem
1423 1533 1497 1588 illius
1523 1537 1570 1605 qui
1594 1536 1722 1593 immola-

67 1619 637 1692 Seivamds,ipsodicenteadeos21loeest
648 1633 746 1689 corpur
756 1634 868 1685 meum,-
922 1624 974 1685 tur,
1003 1625 1086 1672 etc.»
1113 1620 1178 1673 ltem
1201 1620 1350 1690 Gregorius
1373 1622 1400 1675 in
1423 1630 1519 1692 quarto
1545 1624 1721 1696 Dialogorum

69 1716 97 1765 et
109 1709 225 1766 calicem
240 1708 318 1764 illurn
333 1725 394 1764 esse
418 1708 452 1762 de
476 1723 532 1780 quo
555 1708 660 1763 loeutus
684 1714 725 1762 est
748 1707 843 1762 iterum
859 1725 867 1763 ι
882 1730 909 1791 Β
924 1705 995 1760 libro
1008 1706 1080 1776 (cap.
1097 1710 1140 1773 58,
1158 1714 1177 1760 t.
1193 1708 1228 1773 ll,
1245 1707 1298 1763 col.
1314 1709 1377 1779 tta)
1394 1727 1401 1763 ε
1420 1733 1431 1759 c
1447 1708 1515 1777 Quis
1535 1712 1653 1768 fidelium
1669 1717 1720 1769 hn-

67 1800 119 1855 llia
142 1802 186 1854 est
209 1799 431 1869 conquiramus
453 1796 517 1853 noni
542 1797 726 1862 testamenti,
748 1797 796 1868 qui
817 1812 868 1867 pro
926 1795 989 1850 berc
1004 1795 1116 1849 dubium
1136 1796 1232 1866 possit,
1250 1796 1276 1850 in
1292 1797 1353 1866 ipsa
1376 1799 1571 1856 immolationis
1595 1802 1664 1857 hora
1688 1804 1723 1858 ad

72 1888 175 1942 multis
190 1886 354 1958 effundetur
370 1886 400 1939 in
416 1885 610 1941 remissionem
623 1888 816 1956 peccatorum.
841 1883 872 1938 Si
925 1882 1076 1938 sacerdotis
1091 1899 1184 1939 rocem
1201 1884 1285 1940 coelos
1299 1887 1411 1956 eperiri,
1427 1888 1453 1941 in
1469 1888 1515 1943 illo
1539 1890 1602 1944 lesu
1623 1892 1723 1948 Christi

70 1990 139 2048 ergo
153 1974 233 2047 penis
246 1975 292 2045 qni
305 1974 339 2028 de
348 1974 418 2029 coelo
429 1973 579 2039 descendit,
591 1980 741 2044 corpusest
751 1970 870 2038 Domini,
925 1972 1054 2042 mysterio
1081 1973 1242 2045 angelorum
1269 1975 1368 2029 choros
1390 1976 1505 2042 edesse,
1529 1980 1641 2034 summis
1671 1981 1725 2037 ima

68 2076 100 2120 ct
112 2065 208 2120 vinum
230 2063 304 2134 quod
327 2061 468 2132 discipulis
491 2061 576 2130 dedit,
601 2061 715 2133 sanguis
738 2066 781 2115 est
800 2060 872 2114 illins
926 2061 1039 2126 sociari,
1050 2070 1155 2118 terrena
1167 2062 1324 2116 coelestibus
1330 2063 1422 2136 jungi,
1435 2081 1517 2120 unum
1528 2083 1560 2120 ex
1571 2067 1724 2124 visibilibus

72 2152 139 2210 noti
153 2151 320 2219 testamenti,
332 2150 378 2223 qui
393 2148 496 2204 effusus
511 2151 595 2204 estin
611 2149 796 2205 remissionem
812 2165 873 2220 pec·
926 2159 1005 2218 atque
1020 2149 1206 2205 invisibilibus
1220 2149 1299 2205 fieri‘?
1315 2151 1371 2205 Sed
1384 2168 1495 2209 necesse
1504 2164 1545 2208 est
1556 2163 1584 2209 ut
1594 2172 1654 2211 cum
1666 2158 1725 2214 haec

68 2249 205 2306 catorum,
221 2255 276 2295 non
291 2240 399 2310 ltoyses
414 2238 490 2293 dedit
504 2238 583 2293 nobis
596 2254 694 2308 panem
710 2254 813 2302 rerum,
824 2237 873 2292 sed

66 2329 206 2385 Dominus
227 2329 315 2385 iesus.
336 2330 400 2397 lpse
414 2327 540 2391 conviva,
556 2327 614 2397 ipse
633 2327 796 2394 convivam,
814 2327 872 2396 ipse

68 2417 229 2487 comedens,
245 2416 333 2487 etqui
348 2416 508 2472 comeditur.
533 2415 608 2470 lllius
622 2415 743 2470 bibimus
756 2416 872 2487 sangui-

66 2523 153 2573 nem;
168 2505 227 2562 sine
242 2506 302 2576 ipso
317 2505 404 2576 potari
419 2520 473 2560 non
489 2520 652 2575 possumus,
670 2511 698 2558 et
709 2504 829 2576 qnotidie
844 2505 873 2559 in

68 2593 214 2651 saerihciis
239 2595 299 2663 eius
320 2595 355 2650 de
377 2594 500 2665 germine
529 2593 594 2647 vitis
627 2608 717 2660 verae,
740 2601 767 2648 et
785 2593 873 2648 viueae

926 2238 1045 2308 agimus,
1054 2239 1237 2309 nosmetipsos
1247 2239 1305 2294 Deo
1315 2240 1343 2293 in
1355 2240 1445 2295 cordis
1455 2243 1614 2299 contritione
1625 2253 1725 2301 macte·

928 2327 1724 2400 mus,etqnipassionisDominicaemysteriacelebramus,

926 2414 1061 2470 debemus
1076 2415 1174 2469 imitari
1191 2416 1264 2484 quod
1279 2417 1396 2487 agimus.
1410 2440 1420 2465 ι
1433 2419 1508 2473 Tunc
1522 2435 1587 2486 ergo
1603 2437 1666 2476 vere
1676 2437 1725 2492 pre

927 2503 1007 2559 nobis
1023 2505 1080 2559 Deo
1096 2505 1184 2559 hostia
1198 2503 1256 2572 erit,
1274 2520 1334 2559 curn
1359 2521 1410 2560 nos
1431 2506 1504 2576 ipsos
1528 2508 1585 2563 Dco
1610 2511 1726 2565 hostiam

927 2593 1085 2648 fecerimus.
1112 2592 1190 2648 Unde
1204 2592 1372 2665 Augustinus
1393 2593 1419 2647 in
1444 2594 1513 2650 libro
1528 2613 1546 2649 ιι
1561 2599 1600 2652 De
1616 2598 1726 2655 civitate

66 2684 174 2740 Sorech
187 2699 248 2754 quae
263 2683 455 2753 interpretatur
470 2683 575 2747 eiecta,
591 2697 689 2736 novum
711 2681 803 2736 vinum
827 2681 873 2735 bi·
926 2681 976 2737 Dei
991 2685 1064 2752 (cap.
1080 2685 1125 2746 tto,
1143 2680 1199 2736 col.
1217 2683 1282 2752 256)
1295 2698 1326 2737 :a
1345 2684 1375 2736 ln
1391 2681 1475 2737 lorum
1489 2685 1562 2739 servi
1576 2687 1651 2742 Deus
1666 2703 1727 2742 ma-

64 2771 160 2827 bimus
175 2771 202 2826 in
218 2787 303 2844 regno
327 2773 425 2838 Patris,
451 2771 478 2824 id
502 2778 545 2825 εει
569 2771 598 2824 in
620 2785 704 2841 regno
726 2770 871 2834 Ecclesiae,
926 2771 975 2825 luit
990 2770 1154 2826 sacr-ilicium
1169 2785 1227 2824 csse
1245 2786 1324 2838 quam
1339 2787 1459 2836 sumere,
1476 2789 1508 2827 ne
1524 2790 1573 2844 per
1587 2776 1656 2830 hanc
1669 2776 1727 2831 sal·

64 2876 125 2916 non
140 2860 167 2915 in
183 2867 316 2916 vetustate
332 2861 440 2924 litterae,
457 2858 505 2914 sed
528 2858 556 2912 in
578 2859 697 2912 novitate
712 2858 837 2928 spiritus.
858 2880 870 2907 ι
927 2861 982 2911 tem
997 2860 1168 2913 occasionem
1184 2858 1327 2929 qnisquam
1349 2860 1527 2926 existimaret,
1545 2864 1659 2919 cuilibet
1680 2881 1726 2920 sa-

105 2948 274 3005 Testimonio
287 2948 384 3003 Christi
406 2955 489 3002 testes
510 2948 578 3001 alios
594 2946 723 3001 adhibere
738 2962 870 3015 praesum·
927 2946 1099 3001 criticandum
1115 2962 1174 3001 esse
1189 2955 1330 3001 creaturae.
1355 2948 1405 3002 Pro
1431 2949 1482 3004 hoc
1497 2958 1525 3003 et
1538 2953 1667 3007 sacerdos
1688 2961 1728 3009 est

60 3037 123 3109 psi;
140 3038 191 3093 sed
206 3037 270 3108 quia
289 3037 348 3107 ipse
374 3036 482 3106 quidem
508 3051 618 3105 semper
631 3050 708 3101 vere,
724 3035 870 3104 aliquando
927 3035 987 3104 ipse
1011 3033 1138 3101 offerens,
1154 3034 1213 3103 ipse
1235 3042 1263 3089 et
1282 3035 1383 3090 oblatio
1400 3053 1406 3088 :
1424 3037 1501 3106 cujus
1515 3039 1554 3092 roi
1569 3056 1726 3096 sacramen-

66 3134 160 3181 umen
180 3124 300 3198 loquitur
322 3124 443 3197 proprie,
457 3124 605 3194 aliqnando
620 3121 746 3195 figurate,
760 3123 868 3179 andito·
884 3083 909 3148 C
925 3132 993 3189 tum,
1012 3122 1203 3194 quotidianum
1217 3123 1305 3178 voluit
1319 3139 1379 3178 esse
1396 3123 1560 3179 sacriticium
1583 3129 1723 3196 Ecclesiae,

68 3230 173 3285 reaque
189 3231 256 3270 suos
271 3214 307 3269 ita
321 3214 460 3280 discrerit,
472 3218 501 3267 ut
516 3212 557 3266 his
568 3212 661 3266 datum
672 3213 798 3267 sitnosse
813 3228 871 3283 my·
923 3229 984 3282 quae
1000 3227 1061 3266 cum
1073 3212 1172 3281 capitis
1187 3211 1380 3282 ipsiuscorpus
1392 3212 1435 3277 sit,
1448 3213 1567 3283 seipsam
1578 3217 1724 3286 peripsum

68 3308 184 3359 sterium
200 3303 276 3375 regni
285 3302 344 3370 Dei,
355 3303 459 3358 ceteris
474 3309 564 3356 autem
579 3301 607 3354 in
621 3300 769 3371 parabolis,
782 3301 871 3355 sciens
923 3300 1004 3356 discit
1018 3299 1129 3355 offerro.
1143 3325 1154 3350 ι
1166 3302 1196 3354 ln
1213 3317 1266 3372 quo
1280 3301 1428 3355 notandum
1446 3309 1495 3368 est,
1508 3303 1536 3355 in
1550 3313 1722 3361 sacramento

61 3391 146 3462 cujus
168 3391 282 3462 spiritus
305 3397 397 3446 essent
420 3389 531 3459 (narrt.
548 3406 607 3456 xru,
632 3389 673 3459 3).
705 3387 785 3457 Quod
800 3388 869 3460 ipsis
923 3404 986 3444 vere
1001 3388 1050 3444 Dei
1064 3404 1174 3444 carnem
1189 3405 1260 3456 esse,
1276 3406 1336 3458 quae
1355 3395 1437 3443 tautae
1462 3390 1606 3460 diguitatis
1623 3401 1672 3458 cst,
1690 3399 1720 3448 ut

63 3480 171 3539 sanctis
187 3496 240 3535 non
254 3480 363 3551 pigrum
386 3478 436 3532 suit
458 3477 588 3542 scribere,
606 3478 789 3532 necessarium
805 3478 870 3533 duxi
923 3492 983 3531 earn
998 3476 1131 3548 angelicae
1149 3477 1263 3531 virtutes
1278 3478 1410 3532 honorent
1424 3477 1608 3544 ministrando,
1625 3488 1651 3534 et
1667 3483 1719 3537 bo-

64 3577 209 3643 repetere,
220 3568 316 3639 utipse
327 3567 490 3632 intellectus
502 3565 626 3620 veritatis
636 3580 689 3620 non
700 3581 769 3620 meae
779 3565 869 3620 videe—
922 3567 1010 3620 mines
1025 3564 1174 3630 adorando,
1191 3572 1217 3619 ει
1232 3565 1336 3635 seipsos
1351 3565 1454 3620 hostias
1469 3565 1619 3622 esserendo.

66 3668 115 3716 tur
129 3656 360 3730 presumptionis,
372 3655 421 3711 sed
436 3654 577 3710 catheticae
587 3654 763 3720 auctoritatis,
776 3670 869 3709 eorum
957 3655 1014 3709 llac
1038 3653 1196 3709 certitudine
1211 3653 1297 3708 sancti
1312 3653 1472 3709 nranducari
1488 3655 1620 3709 Christum
1643 3657 1719 3712 affir-

63 3748 112 3820 qui
135 3747 175 3801 ita
198 3744 379 3809 crediderunt,
396 3752 422 3798 et
442 3746 480 3798 ite
501 3741 600 3798 salvari
615 3749 786 3811 mernerunt;
803 3743 868 3815 quia
920 3750 1005 3797 ment.
1034 3742 1201 3813 Augustinus
1226 3742 1253 3795 in
1279 3758 1362 3796 serm.
1380 3743 1414 3796 ιιι
1430 3744 1658 3815 superio-aunem
1677 3749 1716 3816 (ιι.

60 3835 132 3891 fides
143 3833 297 3890 Christiana
313 3847 365 3903 quo
381 3829 411 3886 sit
425 3833 536 3897 certior,
548 3847 581 3886 eo
596 3838 638 3885 est
648 3830 747 3887 utilior.
757 3831 790 3886 Ut
800 3847 866 3903 ergo
919 3832 965 3898 ao,
982 3838 1000 3884 t.
1016 3830 1146 3899 lll,p.11,
1163 3829 1218 3885 col.
1238 3831 1301 3899 bot)
1318 3847 1324 3882 :
1344 3854 1355 3877 ι
1374 3830 1570 3900 Temporaliter
1584 3832 1611 3885 in
1626 3835 1692 3903 prol
1709 3865 1719 3876 ·

58 3924 161 3981 certior
174 3922 219 3990 sit,
234 3920 352 3977 eliorum
375 3929 530 3976 sanctorum
554 3918 688 3974 subdatur
710 3917 864 3975 auctoritas.
919 3925 961 3974 cto
977 3918 1137 3986 moriuntur,
1156 3918 1201 3990 qui
1216 3917 1352 3972 Christum
1367 3920 1541 3984 manducent,
1557 3921 1605 3975 sed
1622 3923 1719 3979 vivunt

93 4011 141 4068 Ait
155 4010 328 4084 Augustinus
342 4009 370 4064 iu
384 4009 560 4078 expositione
580 4007 678 4078 psalmi
693 4007 864 4078 nonagesimi
917 4007 945 4061 in
958 4017 1099 4073 aeternum,
1117 4006 1179 4078 qnia
1194 4006 1319 4061 Christus
1342 4015 1384 4062 est
1406 4008 1462 4062 rita
1485 4013 1598 4063 aeterne.
1617 4033 1628 4061 ι
1651 4012 1717 4067 ltem

58 4100 151 4158 octavi
165 4100 195 4171 (t.
212 4098 259 4165 lt,
276 4098 331 4155 cot.
352 4098 433 4168 1065)
451 4112 457 4152 ι
480 4120 489 4146 ι
508 4096 621 4151 lnvenio
643 4096 782 4167 quomodo
805 4096 863 4151 sine
916 4095 991 4150 idem
1001 4097 1029 4150 in
1039 4095 1152 4150 homilis
1161 4095 1382 4165 secundapsalmi
1393 4098 1573 4164 muntem,
1583 4107 1600 4152 t.
1612 4101 1656 4165 tv,
1664 4102 1717 4158 col.

57 4188 204 4260 impietate
218 4186 346 4242 adoretur
369 4193 452 4254 terra,
482 4185 540 4239 sine
567 4183 706 4254 impietate
735 4183 864 4239 adoretur
916 4184 979 4252 ιιι)
997 4203 1002 4238 :
1022 4205 1033 4231 ι
1051 4183 1332 4238 Accesserantlndaei
1353 4192 1383 4237 ut
1407 4183 1549 4238 Christum
1571 4186 1715 4258 crucifige-

57 4276 209 4334 scabcllum
224 4275 325 4347 pedum
341 4273 414 4343 ejus.
438 4272 564 4344 Suscepit
590 4271 665 4327 enirn
689 4272 812 4327 Christus
827 4271 862 4327 de
914 4280 989 4340 ront;
1006 4287 1056 4327 nos
1078 4270 1112 4326 ad
1136 4287 1198 4326 eurn
1221 4271 1395 4338 accedamus,
1422 4279 1450 4325 ut
1475 4288 1573 4342 corpus
1597 4275 1657 4343 ejus
1682 4291 1715 4331 ac

56 4374 133 4423 terra
156 4373 269 4432 terram,
286 4363 332 4436 qui
347 4378 410 4418 caro
434 4361 468 4417 de
493 4370 567 4417 terra
591 4367 648 4430 est;
675 4359 758 4415 etde
781 4376 861 4416 carne
914 4360 1078 4433 sangninem
1102 4359 1278 4430 accipiamus.
1306 4359 1348 4413 Ilii
1371 4359 1406 4413 dc
1428 4359 1558 4415 crucifixo
1583 4362 1715 4418 tenebrati

56 4453 153 4511 llariae
166 4466 278 4509 carnem
294 4450 407 4522 accepit.
428 4451 463 4504 Et
487 4450 552 4521 qnia
578 4447 606 4502 iu
629 4450 689 4519 ipsa
711 4462 794 4503 carne
815 4448 860 4504 hic
874 4439 900 4500 D
915 4457 994 4512 sunt;
1016 4464 1065 4504 nos
1080 4447 1269 4503 manducando
1293 4447 1452 4504 crucitixum
1468 4457 1494 4503 ot
1508 4450 1627 4504 bibendo
1652 4451 1716 4507 illu-

57 4541 222 4610 ambularit,
234 4543 261 4596 et
277 4539 366 4612 ipsam
380 4553 488 4594 carnem
500 4537 579 4593 nobis
590 4536 810 4592 manducandam
826 4536 860 4593 ad

57 4630 177 4686 salntem
191 4627 284 4700 dedit;
302 4642 381 4682 nemo
397 4633 486 4682 autern
500 4626 575 4681 illam
589 4641 698 4681 caruem
714 4626 859 4682 manducat

56 4719 113 4775 nisi
128 4716 206 4791 prius
229 4715 392 4773 adoraverit.
415 4716 555 4771 Inventum
570 4720 610 4771 est
625 4714 857 4786 quemadmodum

56 4807 111 4863 tale
126 4805 278 4863 scabellum
294 4806 394 4876 pedum
409 4803 519 4858 Domini
534 4803 690 4872 adoremus,
706 4809 733 4858 et
747 4819 801 4858 non
815 4820 858 4859 so·

57 4893 116 4951 lum
131 4910 186 4950 non
202 4909 347 4966 peccemus
359 4891 509 4961 adorando,
524 4891 573 4948 sed
596 4899 622 4947 et
645 4906 790 4962 peccemus
804 4907 859 4948 non

55 4982 211 5041 adorando.
231 5007 242 5032 ι

90 5072 172 5130 Ileac
186 5070 235 5126 dlii
249 5072 300 5128 Dei
315 5087 379 5129 rere
393 5069 559 5127 adorandam
572 5087 683 5128 carnem
697 5071 727 5128 B.
744 5070 857 5126 Basilius

54 5170 149 5241 (ioan.
165 5168 320 5241 chrysost,
337 5170 377 5225 De
392 5168 527 5225 sacerdot.
553 5168 602 5224 lib.
627 5183 667 5234 ur,
683 5183 708 5224 c.
725 5168 752 5238 ι)
767 5167 857 5223 admi-

53 5285 130 5340 rans,
141 5269 181 5326 ait
194 5268 223 5325 in
237 5268 347 5343 dialogo
361 5284 411 5324 suo
426 5269 465 5323 De
480 5267 612 5340 dignitate
623 5267 767 5324 sacerdotii
783 5287 788 5322 :
808 5290 817 5316 ι
832 5263 856 5324 0

53 5364 230 5436 miraculum,
246 5381 263 5422 o
278 5366 331 5421 Dei
345 5363 372 5419 in
387 5381 437 5421 nos
461 5363 696 5421 benevolentiemt
719 5361 771 5431 Qui
795 5379 856 5418 sur·

51 5479 116 5522 sum
129 5462 209 5521 sedet
221 5464 258 5520 ad
272 5464 414 5520 dexteram
428 5462 525 5530 Patris,
539 5460 666 5519 secrilicii
680 5469 771 5516 tamen
785 5468 857 5517 tern-

49 5576 123 5635 pore
157 5560 302 5620 hemmam
334 5559 462 5618 manibus
499 5560 661 5631 continetur,
691 5558 857 5634 traditurque

160 5710 444 5775 Dumium.

912 4538 1058 4592 minamur.
1078 4559 1089 4584 ι
1121 4536 1154 4590 Et
1167 4544 1229 4607 post
1243 4536 1334 4605 aliqua
1351 4549 1357 4589 :
1382 4560 1392 4584 r
1408 4536 1476 4591 Vere
1492 4552 1606 4607 magnus
1620 4540 1714 4595 Domi-

912 4642 964 4680 nus
975 4634 1001 4680 te
1011 4639 1112 4697 magna
1122 4624 1311 4679 misericordie
1326 4624 1386 4694 ejus
1398 4639 1472 4690 vere,
1485 4625 1530 4694 qui
1547 4625 1624 4680 nobis
1637 4627 1714 4683 dedit

912 4729 1110 4785 corpussunm
1134 4711 1309 4780 manducare,
1336 4713 1365 4764 in
1390 4729 1443 4783 quo
1469 4719 1540 4767 taum
1564 4731 1713 4784 perpessus

912 4810 963 4870 est,
979 4809 1006 4856 et
1021 4800 1182 4872 sanguinem
1202 4816 1280 4854 sunm
1302 4799 1408 4854 bibere.
1428 4824 1439 4847 »ι
1468 4803 1535 4855 ltem
1551 4803 1713 4859 Ambrosius

912 4891 951 4944 De
966 4889 1146 4945 sacrementis
1162 4889 1211 4960 (De
1226 4888 1362 4959 mysteriis
1377 4887 1499 4942 initiand.
1514 4906 1573 4962 cap.
1585 4893 1611 4959 8,
1624 4909 1652 4947 n.
1666 4895 1709 4960 i'i,

913 4984 931 5033 t.
944 4980 979 5044 ll,
992 4977 1045 5034 col.
1058 4977 1121 5047 eat)
1139 4994 1146 5031 ι
1166 5000 1176 5025 «ι
1195 4978 1248 5030 lsta
1263 4992 1324 5031 esca
1340 4993 1421 5047 quam
1437 4978 1548 5049 accipis,
1566 4979 1615 5033 iste
1630 4983 1711 5049 panis

911 5067 989 5124 vivus
1005 5066 1098 5139 quide
1114 5066 1184 5122 coelo
1207 5065 1358 5132 descendit,
1375 5065 1438 5121 vitae
1452 5072 1563 5122 aeternae
1583 5069 1710 5124 substen-

913 5167 977 5222 tiem
991 5164 1190 5233 subministrat,
1205 5170 1232 5219 et
1247 5162 1405 5235 quicunque
1420 5165 1493 5220 hunc
1506 5166 1711 5223 manducaverit

911 5281 966 5320 non
987 5264 1122 5319 morietur
1145 5262 1173 5316 in
1197 5269 1340 5329 aeternum,
1356 5269 1383 5316 et
1398 5276 1497 5334 corpus
1511 5271 1552 5317 est
1567 5264 1677 5319 Christi.
1696 5288 1707 5315 ιι

911 5365 978 5420 ltcm
1002 5362 1075 5417 idem
1092 5361 1142 5428 (De
1156 5358 1333 5416 sacramentis
1356 5358 1404 5415 lib.
1421 5376 1458 5430 ιι,
1474 5377 1535 5432 cap.
1551 5379 1570 5430 ι,
1586 5371 1607 5417 ι.
1627 5365 1661 5430 ll,
1678 5380 1706 5421 c.

910 5461 975 5535 ³79)
992 5478 999 5514 :
1021 5483 1032 5508 ι
1052 5460 1128 5515 Sicut
1143 5474 1224 5518 verus
1240 5461 1281 5513 cst
1295 5458 1347 5515 Dei
1366 5459 1448 5515 Filius
1464 5461 1596 5517 Dominus
1619 5473 1713 5520 noster

909 5560 990 5617 lesus
1005 5557 1137 5629 Christus,
1152 5572 1209 5617 uon
1220 5555 1292 5616 sicut
1313 5557 1406 5615 ceteri
1422 5558 1550 5617 homines
1571 5577 1623 5634 per
1645 5577 1713 5636 gra·

1569 5714 1608 5772 25
