3728 6000
68 239 121 296 bid

615 240 810 298 uxeostmo
829 243 964 300 autaut
981 245 1020 301 lN
1038 240 1179 302 canuc.
1202 253 1204 256 ’

1663 246 1734 303 sat·
1837 246 1841 255 “

68 365 163 420 clausa
177 373 220 421 eat
235 374 312 437 petra
326 367 462 435 Christus,
472 367 520 423 sed
536 367 615 423 babet
626 363 870 438 foraminaquibus
885 364 973 434 Aest,
983 367 1193 427 laeduntmentes
1214 369 1402 427 beoeaffeotas
1416 370 1646 444 suggestiunculae
1661 370 1716 425 ini-

68 453 208 508 rerelatur
222 455 309 527 Deus3
319 463 346 510 et
360 455 563 527 macerialegis‚
575 455 692 527 qundno
706 470 762 510 ase
773 451 866 524 populi

67 539 255 612 disparantur,
270 542 460 614 penetrabiles
474 543 556 599 babet
569 559 701 599 earemas
728 543 755 597 in
780 541 866 596 uerbo

68 629 128 693 Dei,
144 630 219 702 quod
242 631 436 701 penetrabilius
449 640 491 686 est
520 632 594 687 omni
621 632 714 704 gladio
741 631 863 700 aneiplti‚

68 717 167 788 quibus
195 718 304 775 diuersa
331 721 382 774 sibi
411 728 437 776 et
463 721 578 775 adversa
606 721 793 776 conciliantur.
814 719 864 775 Ubi

68 804 152 860 etiam
179 813 288 877 tempus
311 808 457 879 putationis
480 817 539 875 est;
557 808 621 878 quia
647 807 865 864 nascentibusiis

68 909 132 962 quae
147 894 225 948 utilia
238 902 311 964 sunt,
326 896 415 951 solent
428 895 587 968 plerumque
601 896 744 951 internasci
758 894 865 950 inubtia

67 989 95 1035 et
107 982 202 1048 ιιοιίιι,
212 983 264 1037 nisi
292 985 397 1039 sautius
425 985 615 1055 praecidantur.
627 984 770 1057 Sequitur:
783 1005 795 1033 r
808 984 864 1040 Os·

66 1069 150 1126 tende
169 1072 239 1126 mibi
259 1071 358 1127 taciem
380 1082 623 1140 tuam3sonetvnx
646 1082 691 1128 tua
704 1073 732 1126 io
755 1072 865 1128 auribus

65 1159 151 1214 maia·
163 1159 223 1214 Vox
238 1162 311 1215 enim
336 1170 382 1215 tua
397 1161 495 1228 dulcis,
511 1170 538 1216 et
553 1161 636 1217 iacies
651 1169 696 1215 tua
723 1161 832 1216 decora.
848 1182 860 1209 r

66 1245 143 1301 Solet
152 1246 182 1301 in
193 1247 375 1304 foraminibus
384 1259 468 1320 patrm
483 1248 622 1304 nidificare
640 1249 780 1313 columba,
796 1258 822 1303 ot
836 1248 864 1302 in

64 1335 192 1390 cavernis
216 1337 342 1393 maceriae
356 1355 364 1401 ;
381 1345 407 1391 et
421 1338 486 1393 inde
500 1339 644 1394 ostendere
664 1337 761 1393 taciem
775 1353 862 1406 suern,

64 1432 89 1478 et
104 1423 224 1478 ιιιιιὶιιιιι
239 1423 330 1481 lacere
344 1440 438 1482 rocem
453 1442 540 1490 suam,
553 1426 760 1497 laciemgrstam
770 1433 798 1481 et
811 1431 863 1480 v'o·

919 455 982 512 mici
1010 458 1164 513 subtiliores
1191 459 1248 514 sive
1275 460 1402 529 parvulas
1416 460 1601 515 demoliuntur
1622 459 1716 514 rideas

919 544 1095 601 fraudulentae
1120 547 1311 603 scandalorum
1343 548 1536 602 immissiones.
1567 549 1716 616 Utrumque

918 633 992 687 enim
1008 633 1090 688 habet
1104 635 1176 704 quod
1200 636 1331 707 sequitur,
1348 636 1401 705 vel,
1420 659 1430 684 r
1449 637 1546 707 Capite
1562 636 1639 689 nobis
1653 635 1714 688 vul-

919 735 968 789 pes
984 721 1118 790 paruulus,
1128 739 1188 794 quae
1198 724 1382 778 demoliuntur
1397 725 1501 789 vineas,
1517 746 1528 772 r
1544 724 1596 788 vel,
1609 723 1714 792 «capite

918 807 1109 879 nobiavulpes,
1121 825 1220 880 parvas
1231 827 1293 881 quae
1303 812 1486 866 demoliuntur
1496 813 1601 867 vinens.
1618 833 1629 859 a
1647 813 1714 865 Por-

918 910 969 949 vas
983 896 1082 967 quippe
1094 897 1186 952 vineas
1206 899 1302 970 culpes
1325 900 1509 955 demoliuntur
1521 915 1527 968 ;
1538 915 1605 970 quas
1630 899 1715 953 vineae

918 986 1104 1052 provectiores
1119 1001 1174 1041 non
1201 987 1306 1042 timent.
1321 989 1384 1042 Non
1397 989 1470 1043 enim
1498 988 1716 1043 scandalizantur

917 1071 967 1124 uisi
982 1073 1081 1142 pusilli,
1093 1072 1126 1128 de
1141 1075 1238 1146 quibus
1252 1076 1384 1130 Dominus
1398 1076 1478 1131 dicit:
1493 1099 1505 1123 υ
1528 1076 1580 1143 Qut
1596 1076 1715 1131 scanda-

917 1157 1039 1214 lizaverit
1049 1177 1134 1215 uuum
1144 1162 1179 1216 de
1194 1163 1300 1233 pusillis
1317 1163 1376 1217 istis
1386 1164 1497 1227 (linttb.
1510 1168 1600 1232 xviri).
1616 1195 1650 1204 -
1661 1164 1715 1218 Ca·

917 1248 982 1316 pite,
995 1248 1110 1320 »inquit
1125 1272 1136 1298 r
1149 1251 1230 1305 nobis
1247 1251 1351 1322 vulpes.
1368 1273 1380 1299 a
1401 1251 1561 1322 Vulpesbas
1579 1251 1633 1306 sibi
1643 1251 1716 1322 capit

918 1335 1081 1407 quicunque,
1098 1337 1289 1395 discretionem
1317 1340 1457 1410 spirituum
1475 1340 1592 1407 habens,
1607 1340 1715 1410 peccati

917 1423 1090 1494 subrepentis
1105 1424 1316 1481 fraudulentiam
1331 1429 1384 1482 cito
1399 1426 1589 1497 deprehendit,
1607 1436 1635 1481 et
1649 1427 1716 1481 sub-

64 1525 123 1565 cem
138 1512 353 1582 gemebundam.
365 1512 502 1582 Quidnam
517 1514 568 1568 boc
578 1521 628 1576 est,
640 1513 694 1567 nisi
706 1513 822 1568 solidata
836 1512 864 1567 in
914 1510 1036 1580 jicitsibi
1051 1513 1198 1584 appetitum
1211 1515 1284 1584 ejus.
1297 1516 1415 1585 Sapiens
1439 1523 1529 1570 tamen
1554 1531 1656 1586 sponse
1670 1530 1716 1569 ro-

65 1598 173 1654 Clrristo
184 1604 215 1655 et
229 1600 255 1655 in
270 1599 323 1656 lide
338 1601 409 1672 ejus,
427 1601 532 1658 tructus
546 1601 656 1672 spiritus
680 1601 782 1657 iaciens
795 1616 864 1656 con·
917 1607 965 1671 gat
975 1616 1022 1655 eas
1036 1601 1095 1671 capi
1111 1602 1175 1668 sibi,
1191 1604 1244 1658 boc
1257 1611 1298 1658 est
1316 1603 1349 1657 ad
1367 1603 1505 1658 utilitatem
1525 1618 1602 1657 suam
1617 1619 1634 1657 a
1648 1602 1715 1657 doc·

65 1687 191 1754 seientia,
202 1696 308 1759 gratam
320 1690 354 1743 ad
363 1689 863 1754 Deumbabensvocemeonsessionis,
878 1712 904 1773 Β
918 1689 1022 1744 toribus
1031 1691 1144 1759 sanctis,
1153 1691 1210 1747 sive
1226 1707 1242 1746 a
1256 1691 1473 1764 sanetisangelis
1490 1692 1646 1746 custodibus
1661 1691 1716 1745 suis

64 1776 125 1830 etin
136 1777 346 1847 speratur-orum
356 1779 505 1849 gemituum
516 1778 650 1833 dilationis
658 1780 755 1833 illanc
768 1777 864 1834 faciem

63 1862 174 1934 Sponsa
187 1865 305 1920 ostendit
319 1865 429 1935 Sponso
446 1866 622 1935 desideranti,
637 1883 699 1922 cum
715 1867 742 1920 in
763 1866 864 1922 lumine

64 1952 158 2006 rultus
187 1954 248 2021 eius
273 1962 366 2009 saneta
388 1954 554 2010 conscientia
580 1962 652 2009 amat
671 1969 801 2024 apparare
816 1969 865 2010 suo

64 2039 196 2096 Creatori.
212 2041 275 2097 llaec
289 2057 340 2096 rox
356 2042 469 2113 Sponsae
496 2043 524 2096 in
538 2043 648 2097 auribus
660 2042 758 2113 Sponsi
776 2042 864 2097 dulcis

62 2129 280 2210 est,eumsicad
301 2145 365 2184 eum
385 2131 517 2200 pervenit,
534 2130 714 2201 quomodoab
727 2147 762 2186 ee
778 2128 863 2202 protr-

61 2216 185 2282 cisoitnr,
198 2217 327 2273 ‘videlicet
342 2218 409 2273 sieut
420 2235 480 2274 eam
495 2233 572 2273 amor
586 2219 725 2290 exprimit.

97 2304 255 2361 Redeamus
280 2306 417 2377 paululum
432 2307 467 2362 ad
492 2308 642 2378 superiora,
657 2317 685 2363 et
711 2308 809 2363 seriam
824 2309 862 2363 rei

60 2393 212 2448 secundm
226 2395 352 2449 ordinem
366 2404 516 2467 gestorum,
533 2405 557 2450 et
573 2396 702 2450 rationem
716 2397 861 2452 verbomm

60 2497 263 2538 recenseamus.
280 2482 399 2539 Sedebat
428 2484 536 2555 Sponsa
562 2500 647 2554 penes
676 2487 861 2555 semetipsam,

60 2574 225 2639 exspectans
251 2571 366 2626 reditum
382 2572 490 2642 Sponsi,
505 2573 606 2644 pignus
629 2573 733 2627 babens
748 2573 862 2643 spiritus

60 2666 170 2714 mature
182 2674 245 2713 eum
273 2660 434 2725 rediturum,
450 2675 544 2726 orans,
560 2661 681 2729 plorans,
705 2661 862 2716 desiderans

59 2753 91 2800 nt
103 2745 220 2802 rediret.
240 2747 274 2801 Et
294 2748 384 2802 subito
397 2748 506 2802 videtur
520 2749 571 2802 sibi
586 2751 673 2819 primo
686 2748 779 2803 audire
789 2749 863 2819 quod

59 2847 116 2888 nen
130 2833 214 2902 sidet,
226 2836 360 2890 etsentire
382 2852 464 2890 sensu
486 2836 614 2892 interiore
624 2837 696 2906 quod
716 2853 768 2891 nou
780 2837 861 2891 intel-

58 2921 130 2993 tigit,
146 2923 320 2993 presentiam
348 2924 503 2993 divinitatis,
517 2934 544 2979 at
558 2926 624 2980 dicit
641 2943 648 2979 ι
669 2946 680 2976 ι
700 2926 756 2980 vox
772 2925 862 2982 dilecti

919 1792 1088 1849 nequaquam
1103 1794 1120 1833 a
1145 1779 1254 1849 proprio
1268 1794 1363 1845 sensu,
1378 1780 1437 1834 sive
1452 1795 1466 1833 a
1483 1780 1592 1850 propria
1608 1778 1714 1844 virtuto,

917 1865 1090 1936 semetipsam
1104 1866 1207 1921 satisin
1224 1868 1276 1922 hoc
1299 1867 1521 1934 eredenssibi,ut
1544 1866 1658 1921 sufficiat
1668 1881 1716 1920 aas

918 1968 1015 2023 capere
1025 1954 1119 2009 sibilis
1135 1953 1189 2010 hoo
1203 1956 1275 2010 enim
1296 1957 1341 2026 qui
1352 1959 1486 2010 tentantur
1499 1955 1635 2009 manifesti
1647 1953 1716 2008 liunt

918 2042 979 2111 quis
994 2042 1027 2096 ad
1042 2043 1222 2113 probandum,
1239 2045 1300 2112 quis
1315 2043 1349 2097 ad
1363 2043 1564 2113 reprobandum
1577 2050 1714 2097 tentetur:

918 2130 991 2201 quod
1005 2129 1073 2185 alter
1086 2146 1181 2185 eorum
1197 2131 1224 2184 in
1242 2131 1435 2186 tentationibus
1463 2131 1519 2185 suis
1540 2130 1715 2199 semetipsum

917 2218 984 2272 nulli
999 2218 1088 2273 minus
1098 2219 1276 2292 creditquam
1298 2219 1350 2272 sibi
1360 2238 1366 2283 ;
1378 2219 1448 2273 alter
1463 2234 1527 2274 vero
1548 2218 1613 2272 nulli
1626 2217 1714 2272 credit

918 2306 1105 2378 semetipsum,
1134 2306 1186 2362 nisi
1212 2307 1274 2362 sibi.
1299 2307 1353 2377 ipsi
1371 2316 1463 2361 autem
1485 2308 1596 2377 Sponsae
1623 2307 1717 2376 vulpes

918 2394 1070 2466 capiuntur,
1087 2395 1151 2467 quia
1175 2394 1260 2466 ipsius
1275 2395 1394 2449 maxime
1409 2393 1515 2465 proficit
1537 2394 1625 2461 saluti,
1642 2394 1718 2466 quod

916 2482 1073 2539 intemerata
1098 2483 1203 2553 sponso
1232 2484 1311 2538 uinea
1339 2499 1392 2538 sua
1419 2491 1606 2538 conservatur.
1632 2484 1715 2550 Nam,

916 2570 1014 2643 inquit,
1025 2594 1036 2619 ιι
1053 2572 1130 2627 vinea
1147 2580 1239 2627 nostra
1254 2571 1355 2626 floruit.
1375 2574 1464 2627 »Non
1483 2572 1590 2641 penitus
1605 2572 1717 2627 deserta

916 2670 967 2728 est,
988 2660 1067 2730 eujus
1081 2660 1170 2714 adbuc
1196 2660 1277 2716 vinea
1304 2660 1492 2724 intimabas
1519 2668 1563 2714 est
1592 2677 1668 2715 meos
1689 2662 1717 2715 in

915 2763 963 2818 spe
971 2753 1022 2803 est.
1033 2749 1094 2802 Non
1106 2748 1177 2802 enim
1189 2763 1310 2818 eousque
1322 2765 1382 2820 quae
1393 2748 1499 2818 Sponsa
1510 2756 1559 2813 ast,
1571 2748 1717 2819 aliquando

915 2835 1077 2891 deseritura
1093 2836 1209 2906 Sponso,
1217 2845 1248 2891 ut
1258 2836 1365 2891 deserat
1374 2836 1545 2891 deserentem
1559 2851 1565 2903 ;
1578 2842 1716 2906 praesente

916 2922 1007 2978 bueus
1033 2924 1178 2991 humiliter,
1194 2934 1221 2979 et
1235 2924 1376 2978 absentem
1400 2924 1539 2978 sustinens
1563 2924 1711 2994 patienter.

918 3010 981 3082 lpse
995 3012 1069 3066 enim
1082 3020 1123 3068 est
1148 3012 1228 3068 uinea
1257 3012 1365 3067 Domini
1380 3012 1510 3075 Sabaoth,
1526 3012 1561 3066 de
1583 3028 1635 3083 qua
1650 3012 1715 3067 dicit

56 3010 124 3067 mei.
139 3012 330 3068 »Hilareseunt
357 3029 452 3068 sensus
481 3029 576 3068 ornnes
592 3015 692 3069 aoixnae
721 3013 818 3079 tidelis,
834 3023 861 3071 et
875 3058 900 3120 C

56 3100 144 3171 gestit
156 3100 186 3154 in
196 3115 350 3165 decursum,
367 3117 427 3156 oum
455 3103 594 3171 paululum
621 3118 765 3174 progressa
786 3103 861 3159 videt
915 3100 1046 3155 Dominus
1066 3101 1273 3172 adPropbetam
1293 3101 1431 3170 (Osann).
1451 3099 1620 3154 «Fodieam
1637 3100 1713 3169 mibi,

56 3189 292 3245 cumvenientem
307 3190 342 3244 ad
365 3205 395 3244 sa
410 3189 542 3254 saliendo,
559 3190 587 3244 id
603 3200 648 3245 est
675 3191 858 3262 properando,
913 3195 940 3245 et
954 3187 1009 3242 dixi
1024 3189 1048 3243 ei
1063 3207 1069 3243 :
1085 3189 1151 3244 Dies
1180 3188 1279 3244 inultos
1305 3187 1478 3259 exspectabis
1494 3203 1537 3243 me
1555 3207 1562 3255 ;
1578 3204 1632 3243 non
1654 3188 1713 3243 tor-

56 3275 261 3332 tranailientem
274 3286 367 3332 autem
379 3293 437 3342 eos,
454 3279 500 3348 qui
516 3278 630 3334 modicae
644 3277 708 3334 fidei
717 3284 790 3346 suut,
808 3295 859 3335 neo
911 3276 1056 3345 nieaberis,
1073 3282 1103 3333 et
1117 3292 1171 3332 non
1184 3277 1240 3332 eris
1266 3277 1345 3345 viro;
1362 3277 1411 3331 sed
1438 3283 1464 3331 et
1478 3291 1531 3346 ego
1546 3277 1712 3345 exspectabo

57 3362 202 3420 sufficiunt
210 3366 348 3436 suscipere
355 3367 500 3421 adventum
511 3368 695 3438 properantis,
707 3366 750 3423 rel
764 3383 859 3438 super·
912 3371 947 3421 te.
965 3385 976 3415 ι
995 3366 1107 3435 Propter
1119 3365 1192 3434 quod
1206 3365 1262 3436 ipsa
1291 3379 1402 3436 sponse,
1419 3380 1480 3435 quae
1495 3371 1521 3418 et
1548 3364 1637 3430 vinea,
1663 3382 1709 3419 se-

55 3451 202 3508 salieutem
212 3467 323 3507 omnam
351 3453 529 3519 intellectum,
544 3464 571 3513 et
585 3456 778 3511 transilientem
792 3471 856 3511 om·
910 3453 1035 3523 quituret
1048 3452 1113 3508 dicit
1129 3472 1135 3508 :

54 3555 120 3596 nem
136 3539 281 3596 rationem.
299 3541 437 3598 lituidens
466 3559 529 3598 eum
545 3543 747 3599 venientemad
765 3544 856 3610 se,ad
947 3541 1099 3598 «Dilectus
1122 3557 1201 3620 meus
1227 3539 1303 3604 milri,
1320 3547 1347 3594 et
1373 3540 1477 3611 eguilli
1494 3554 1500 3608 ;
1517 3539 1562 3611 qui
1591 3541 1708 3608 pascitur

54 3627 260 3700 suscipiendum
275 3645 337 3685 eum
351 3630 484 3702 recolligit
499 3632 673 3702 semetipsam
690 3630 718 3685 in
733 3648 773 3698 se,
788 3648 853 3686 sen·
908 3623 979 3684 inter
988 3628 1054 3695 lilia,
1071 3629 1159 3685 donec
1180 3628 1281 3698 aspiret
1294 3628 1364 3694 dies,
1380 3636 1408 3683 et
1428 3628 1591 3683 inclinentur
1604 3629 1707 3684 umbrae

54 3715 126 3773 tiens
148 3717 416 3789 appropinquantem
444 3727 471 3775 et
485 3728 600 3775 stantem
615 3729 677 3789 post
704 3720 848 3790 parietem.

55 3805 216 3876 Videasque
230 3823 293 3862 eum
320 3807 495 3878 aspicientem
512 3825 561 3878 per·
575 3808 722 3877 fenestras,
742 3808 853 3878 prospi-

53 3894 175 3951 cientem
200 3911 250 3966 per
272 3896 419 3962 cancellos,
444 3904 471 3951 et
497 3897 671 3965 semetipsam
692 3895 852 3951 offerentem

52 3982 232 4049 desideranti,
248 3982 343 4054 incipit
365 3984 422 4054 ipsa
446 3984 612 4054 experientia
623 3984 774 4056 intelligere
789 4000 852 4055 my·

907 3718 1002 3787 (Cant.
1016 3732 1047 3782 ιι,
1064 3717 1140 3786 16).»
1154 3716 1231 3772 Felix
1246 3731 1335 3784 mens,
1352 3724 1379 3771 et
1394 3715 1473 3770 beata
1489 3715 1665 3782 conscientia,
1679 3725 1706 3771 et

905 3822 969 3861 vere
983 3819 1086 3874 sponsa
1097 3804 1200 3874 sponsi,
1209 3805 1288 3874 qu'us
1297 3804 1413 3859 desertas
1426 3819 1476 3859 vos
1494 3805 1552 3858 brec
1563 3809 1614 3868 est,
1626 3805 1703 3874 cujus

906 3893 1033 3948 delictum
1048 3893 1207 3947 interiorum
1222 3901 1263 3948 est
1284 3892 1390 3963 justitia
1402 3906 1409 3961 ;
1422 3893 1630 3960 cuiusdelectus
1641 3887 1721 3949 lilia-'

905 3997 964 4036 rum
980 3981 1073 4052 sponsi
1088 3979 1216 4052 perlectis
1226 3988 1277 4035 est.
1295 4003 1307 4027 r
1323 3983 1430 4045 Beatus,
1446 3981 1528 4048 enim,
1544 3981 1622 4050 cujus
1646 3983 1703 4037 Do-

905 4070 993 4125 minus
1019 4069 1092 4125 Deus
1110 4070 1170 4138 ejus
1199 4077 1250 4135 est,
1269 4090 1279 4117 ι
1297 4070 1489 4139 (Psatcxmu)
1506 4079 1531 4123 et
1546 4069 1604 4138 ipse
1632 4078 1703 4125 totus

905 4157 973 4226 ejus,
997 4158 1024 4212 iu
1038 4172 1092 4229 quo
1106 4156 1194 4228 qratia
1209 4156 1269 4223 Dei,
1288 4157 1533 4229 quomodocunque
1552 4157 1698 4226 aliquando

51 4071 136 4127 steria
147 4071 234 4127 disini
262 4072 372 4137 amoris,
389 4072 495 4128 seilicet
519 4072 620 4127 ideirco
647 4073 747 4143 saepius
761 4088 852 4129 eume

52 4175 84 4216 se
98 4159 240 4227 resedere,
255 4169 285 4214 ut
302 4161 443 4215 ardentius
456 4168 609 4230 quarratam
624 4160 851 4216 idcirooreddere

52 4264 84 4304 se
94 4247 250 4318 aliquando
264 4249 375 4313 amanti,
402 4264 437 4303 na
450 4249 656 4305 vehementiore
679 4249 782 4303 tristitia
797 4249 850 4304 ab·
904 4245 1284 4315 afficiatconsoientiam3jam
1295 4244 1453 4300 instaurarit
1468 4251 1601 4299 naturam.
1619 4245 1700 4301 aliud

51 4336 208 4393 sorbeatur.
225 4337 345 4407 Cumque
360 4336 395 4390 ad
408 4351 502 4391 vocem
530 4337 651 4392 vocantis
666 4344 693 4392 et
715 4337 849 4393 hortantis
907 4349 1024 4404 namque
1035 4342 1076 4388 ast
1089 4334 1167 4389 bonae
1177 4333 1275 4388 mentis
1291 4339 1389 4398 status,
1400 4332 1473 4385 aliud
1484 4331 1606 4388 allectus.
1617 4333 1698 4388 Aliud

51 4427 142 4496 surgit
154 4425 190 4479 ad
205 4423 360 4490 ridendum,
376 4433 502 4495 properat
516 4425 551 4478 ad
567 4425 723 4492 tenendum,
739 4434 849 4496 reponte
863 4397 893 4462 D
907 4431 956 4489 est,
971 4430 1101 4491 operante
1115 4423 1204 4492 qratia
1226 4420 1359 4475 stabiliter
1384 4420 1519 4475 innovatae
1533 4420 1560 4473 in
1575 4421 1633 4475 Deo
1649 4436 1698 4475 na-

51 4513 178 4584 disparet
191 4512 238 4584 qni
267 4514 399 4583 apparuit,
417 4523 445 4568 et
469 4529 530 4567 cum
545 4529 578 4568 eo
593 4514 681 4568 omnis
702 4513 750 4568 illa
765 4514 849 4584 spiri·
903 4518 971 4566 turae
984 4510 1056 4564 bona
1067 4509 1227 4578 compositio
1239 4524 1246 4577 ;
1256 4508 1338 4575 aliud,
1349 4508 1443 4563 eadem
1460 4509 1549 4579 qratia
1563 4507 1697 4564 alliciente

50 4598 134 4653 tualis
148 4612 184 4652 ac
195 4597 287 4653 divium
301 4598 442 4653 amoenitas
468 4598 608 4654 vinearum
623 4606 649 4652 et
664 4597 773 4653 ilerum.
793 4599 848 4654 lle-
904 4599 981 4655 bonae
994 4597 1080 4667 ipsius
1095 4597 1298 4668 compositionis
1324 4596 1358 4651 ad
1370 4604 1486 4666 tempus,
1501 4598 1536 4652 ad
1546 4596 1653 4664 horam,
1668 4596 1697 4652 in

50 4685 197 4741 cedentem
211 4685 313 4756 qnippe
335 4694 473 4740 auctorem
489 4685 632 4740 suavitatis
655 4686 781 4757 sequitur
792 4701 850 4741 om·
902 4687 988 4741 Deum
1002 4686 1159 4757 assumptio.
1174 4684 1243 4740 lllud
1255 4691 1412 4756 estsponsae
1432 4684 1519 4752 lacte,
1536 4685 1590 4741 laos
1607 4694 1696 4742 autem

50 4772 94 4829 uis
103 4774 227 4830 suavitas
240 4789 300 4843 sua,
316 4790 465 4846 omnesque
479 4772 584 4829 deliciae
602 4790 672 4840 sua3
681 4773 781 4830 laetitiae
795 4774 848 4830 llo·
902 4782 943 4830 est
956 4773 1097 4845 perlectas.
1117 4795 1129 4822 a
1147 4773 1266 4831 Dilectus
1279 4788 1366 4841 meus,
1376 4773 1423 4841 ait,
1436 4774 1502 4828 milri
1519 4782 1544 4828 et
1559 4790 1611 4847 ego
1622 4774 1670 4830 illi.
1683 4798 1695 4824 ι

49 4879 124 4928 rum,
139 4862 209 4919 odor
236 4862 385 4930 uinearum,
400 4862 539 4933 opulentia
563 4861 710 4917 tractuum.
737 4862 849 4919 Recedit
901 4862 963 4928 atii,
979 4861 1075 4934 inquit,
1099 4860 1308 4925 aliis;dilectus
1330 4877 1408 4917 meua
1437 4861 1516 4917 mibi.
1531 4863 1598 4919 illim
1626 4862 1697 4934 aliia,

49 4952 86 5007 ab
100 4950 193 5009 amisa
205 4949 304 5008 dduda
326 4951 463 5018 amicitiae,
478 4966 494 5006 a
508 4949 637 5007 columba
649 4951 732 5007 dacor
757 4949 847 5022 faciei,
902 4967 954 5024 ego
964 4950 1024 5006 soli.
1040 4951 1101 5005 Non
1116 4958 1157 5006 est
1185 4948 1334 5021 prostitutae
1346 4948 1444 5006 alienis
1472 4951 1612 5007 amoribus
1626 4967 1695 5008 oon-

49 5047 78 5095 et
90 5038 211 5096 dukedo
224 5039 310 5107 uncia,
326 5056 343 5096 a
357 5039 473 5095 formosa
486 5041 577 5110 qratia
590 5038 793 5096 conformitatis
803 5040 848 5095 p.
900 5038 1020 5095 scientiae
1029 5053 1080 5093 vox
1098 5038 1157 5094 baeo
1168 5045 1290 5094 :nonest
1309 5036 1373 5092 fidei
1396 5037 1564 5108 trepidantis,
1580 5044 1608 5096 et
1621 5040 1697 5097 dubii

48 5128 132 5185 sina.
147 5127 318 5199 Relinquitur
331 5129 430 5184 amicae
437 5129 558 5185 solitudo
567 5143 628 5194 sua,
645 5127 780 5185 columbas
794 5146 847 5200 qe-
901 5127 1000 5184 amoris
1011 5127 1061 5183 ista
1075 5126 1229 5198 protessio;
1245 5126 1361 5183 turbatae
1373 5127 1554 5196 eorrmientiae,
1566 5127 1697 5185 intentio·

49 5226 134 5283 unitus
150 5242 229 5293 suus,
251 5226 380 5283 formosae
407 5226 514 5282 babitus
534 5227 656 5298 priuatus
668 5245 675 5289 ;
687 5226 850 5282 clauduntur
901 5228 944 5283 nis
958 5224 1114 5283 haesitantis.
1126 5223 1253 5296 Semper,
1265 5223 1384 5296 inquam,
1396 5222 1458 5278 lelix
1483 5239 1571 5290 mens,
1581 5232 1607 5279 et
1618 5225 1697 5281 beata

49 5322 185 5381 lammina
212 5332 305 5396 petrae,
319 5330 349 5381 et
376 5324 684 5380 obstruunturcavernre
711 5325 847 5390 maceriae,
900 5322 1129 5391 conscientia,cui
1151 5322 1179 5376 in
1206 5321 1408 5392 exspectatione
1431 5320 1561 5377 tardantis
1583 5322 1695 5394 Sponsi,

49 5439 106 5480 nou
120 5422 285 5495 reeipiemes
293 5421 448 5480 columbam
462 5439 515 5478 non
530 5423 675 5478 habentem
690 5437 747 5479 cor.
763 5424 848 5479 lnsu·
901 5431 929 5480 et
939 5420 1148 5494 prolongatione
1161 5419 1294 5476 incolatus
1306 5418 1367 5477 uitae
1382 5418 1473 5490 hujus,
1497 5419 1556 5476 baec
1569 5421 1700 5478 consola-

51 5520 215 5597 pariaruuat
232 5518 261 5579 ia
281 5519 516 5579 nmuaorsntes
540 5519 634 5594 vulpes
654 5519 784 5592 parvulas,
798 5521 849 5580 boc
901 5518 1115 5589 tioest;inaastu
1137 5515 1247 5576 malitie
1268 5517 1418 5586 saecularis,
1428 5517 1512 5590 hujus
1532 5519 1702 5576 couscientia
