3728 6000
114 168 117 173 ’
160 199 213 261 ιιι
664 188 849 253 aurianam
870 184 1018 250 lauans
1037 191 1066 249 s.
1088 185 1305 250 raaonoarct
1759 191 1814 253 aas

159 315 953 392 ationis;sdra-lsatidcanscorbominisffrat.ax,crrr).a
970 318 997 378 A
1012 318 1099 374 amori
1123 317 1166 373 lex
1188 331 1248 385 sua,
1270 332 1322 374 nec
1339 317 1427 390 aspin
1452 316 1615 376 exordinato
1638 317 1710 377 ordo
1733 336 1810 387 snus,

160 415 196 471 Et
223 412 334 486 quidem
357 409 496 468 contraria
518 406 723 480 quodammodo
753 405 808 463 sibi
835 407 962 464 ridentur
1016 422 1067 463 nec
1091 407 1221 464 advertit.
1248 407 1360 463 iubetur
1392 406 1492 481 quippo
1519 406 1634 480 diligere
1663 408 1812 466 Dominum

161 502 335 575 compunctio
362 497 559 563 desiderantis,
585 504 611 554 et
635 496 726 553 taetitia
750 495 879 560 fruentis;
912 498 961 554 sed
1015 495 1194 551 Demnsum
1209 494 1237 551 in
1253 502 1307 551 toto
1321 495 1404 553 corde
1418 502 1520 562 suo,et
1534 495 1632 553 intota
1646 496 1737 555 anima
1751 513 1811 567 sua,

163 599 306 661 utrumque
321 596 415 643 tamen
426 585 505 643 cellae
521 585 632 641 vinariae
646 592 673 641 et
687 584 765 640 bonae
789 585 962 641 conscientiae
1015 583 1082 639 etin
1098 590 1152 640 tota
1166 591 1257 640 mente
1270 599 1333 652 sna,
1346 593 1374 641 et
1387 585 1414 640 in
1429 584 1554 642 omnibus
1569 585 1675 642 viribus
1697 586 1771 654 snis;
1786 595 1814 645 et

162 695 207 737 res
227 686 282 742 est,
307 677 437 750 prodiens
459 674 494 731 de
518 689 572 731 uno
592 673 666 730 sonte
691 674 804 729 amoris.
826 674 963 730 lnducitnr
1015 672 1167 744 proximum
1181 689 1259 728 suam
1275 679 1402 744 tanquam
1418 674 1554 746 seipsum3
1577 673 1624 730 sed
1642 674 1743 746 ubique
1758 677 1813 730 im·

168 782 237 842 ergo
251 766 358 836 Sponsa
371 765 398 819 in
413 763 525 820 domum
541 763 608 831 uini,
623 763 652 817 in
667 761 794 834 gandium
810 763 919 818 Domini
935 768 962 818 et
1015 770 1079 832 petu
1093 761 1194 817 amoris
1208 762 1372 834 praevalente
1387 763 1535 835 aliquando
1550 763 1638 820 nescit
1657 777 1756 820 amare
1771 765 1814 823 vel

162 855 261 929 Sponsi
275 853 334 924 sui;
350 853 400 909 sed
412 853 447 907 ad
462 851 564 923 primas
592 850 655 907 boni
680 850 752 906 illius
775 851 961 921 experientias
1015 850 1146 921 seipsum,
1162 849 1205 904 vel
1220 850 1382 921 proximum,
1397 868 1454 923 prae
1470 867 1563 908 amore
1576 850 1644 921 Dei;
1666 852 1816 926 aliquando

162 944 238 1001 modi
251 944 292 999 vel
306 942 419 998 rationis
432 941 575 1012 impatiens
590 956 606 994 a
622 939 677 994 rini
692 940 771 1009 copia
785 940 962 996 exordinatur
1016 939 1057 994 vel
1072 939 1158 994 Deum
1173 937 1217 994 uel
1230 940 1385 1010 proximum
1400 956 1457 1012 prae
1473 956 1566 997 amore
1586 941 1643 1003 sni:
1668 941 1814 1014 aliqnando

164 1048 253 1105 usqne
268 1032 304 1087 ad
318 1031 479 1086 ebrietatem
503 1029 582 1083 nimii
605 1026 730 1095 ferroris,
749 1044 836 1098 usque
851 1029 885 1083 ad
899 1027 961 1084 lan·
1015 1029 1103 1083 Deum
1117 1027 1161 1084 rel
1176 1027 1351 1099 semetipsum
1376 1044 1434 1099 prae
1458 1044 1553 1086 amore
1573 1028 1699 1101 proximi,
1713 1046 1776 1086 cnm
1791 1030 1814 1087 si

164 1136 280 1195 guorem
295 1118 460 1175 infirmitatis
473 1117 599 1173 hnmanae
624 1114 775 1172 deficientis
797 1117 824 1172 in
844 1116 962 1172 salutare
1015 1116 1112 1171 ordine
1134 1132 1183 1172 suo
1206 1124 1233 1172 et
1254 1117 1337 1172 modo
1351 1131 1403 1173 sno
1416 1118 1557 1189 procedat,
1573 1133 1657 1174 verus
1678 1134 1758 1174 amor
1772 1117 1814 1175 rel

166 1209 227 1266 Dei.
242 1211 345 1264 Amans
359 1222 459 1277 nempe
482 1214 509 1261 et
533 1205 645 1260 multum
668 1220 772 1271 amans,
788 1206 840 1260 nisi
856 1204 883 1260 in
902 1206 962 1276 ipso
1015 1204 1056 1259 sui
1067 1204 1109 1261 rel
1121 1204 1240 1276 proximi
1251 1221 1305 1260 non
1316 1205 1350 1260 sit
1361 1205 1412 1260 nisi
1423 1221 1501 1262 arnor
1511 1206 1571 1262 Dei.
1584 1206 1633 1263 llio
1643 1214 1685 1262 est
1694 1208 1815 1281 languor

165 1312 259 1353 amora
280 1295 434 1351 inordinata
457 1301 546 1363 essct,
562 1294 583 1348 si
601 1294 756 1364 prudenter,
771 1294 793 1348 si
810 1300 964 1365 temperan-
1016 1293 1130 1364 Sponsae
1140 1309 1232 1349 amore
1249 1293 1419 1365 languentia
1435 1294 1492 1350 brec
1508 1294 1584 1351 sortis
1599 1304 1629 1350 ut
1643 1311 1719 1352 mors
1729 1295 1814 1352 dilec-

162 1394 214 1454 ter,
230 1386 254 1441 si
269 1384 380 1451 sortiter,
397 1383 422 1439 si
434 1383 509 1455 juste
523 1390 635 1451 animat,
651 1397 706 1438 non
721 1382 875 1455 langueret.
892 1381 962 1453 Quid
1017 1382 1064 1448 tio,
1081 1383 1139 1438 liaeo
1151 1381 1220 1437 dura
1235 1381 1308 1437 uelut
1321 1381 1444 1438 internus
1456 1383 1606 1451 emulatio,
1621 1385 1680 1440 trac
1693 1384 1814 1440 ebrietas

164 1475 237 1531 enim
261 1475 343 1529 etiarn
371 1472 398 1526 in
424 1471 584 1543 corporibus
613 1471 771 1542 languorem
800 1471 881 1539 lacit,
909 1471 963 1527 nisi
1017 1469 1051 1524 ab
1066 1470 1190 1527 ubertate
1204 1469 1302 1526 domus
1315 1479 1343 1527 et
1356 1479 1475 1528 torrente
1489 1471 1633 1544 voluptatis
1644 1472 1706 1529 Dei.

164 1562 313 1621 inordinati
340 1561 488 1616 humores?
517 1558 653 1615 Naturalis
672 1559 806 1629 siquidem
830 1569 870 1615 est
894 1561 963 1617 ordo
1052 1586 1100 1641 Es,
1120 1593 1148 1641 εἰ
1167 1585 1236 1641 ,qius
1261 1585 1380 1659 languor
1408 1587 1524 1658 spons„³
1550 1588 1579 1642 jn
1604 1587 1752 1660 eogimndo
1779 1587 1813 1645 d,

167 1652 253 1709 sancti
264 1650 365 1707 amaris
377 1665 428 1721 per
439 1647 609 1720 prudentiam
626 1648 776 1720 intelligere
791 1664 839 1704 seu
854 1664 962 1721 sapere,
977 1672 1004 1733 B
1019 1674 1137 1746 sponso,
1153 1690 1215 1731 cum
1229 1691 1261 1731 ω
1278 1675 1345 1731 vilio
1360 1675 1507 1748 anquando
1523 1677 1654 1750 negleotoe
1665 1678 1813 1735 conscien-

166 1741 218 1801 ’ω
231 1741 264 1795 “d
280 1738 466 1802 mmmmm*
478 1736 504 1792 id
515 1742 558 1792 ‘³⁸‘
568 1737 601 1792 ad
613 1738 834 1807 ‘mmmmm‘
849 1754 900 1810 W
911 1738 964 1795 s0s·
1017 1764 1071 1830 tina,
1087 1763 1194 1819 aliunde
1212 1762 1340 1820 sordente
1362 1764 1506 1834 memoria,
1522 1765 1603 1822 habat
1616 1766 1770 1823 intellectus
1788 1771 1815 1822 at

165 1829 310 1887 titudinem
325 1841 408 1899 agere
422 1826 570 1893 intellecta,
586 1825 634 1881 sed
654 1825 803 1881 secundnm
816 1825 961 1896 justitiam.
1017 1852 1126 1925 langue,
1141 1867 1234 1909 amor·
1255 1853 1318 1908 ΗΜ
1332 1853 1405 1908 enim
1421 1855 1473 1908 mu
1488 1861 1560 1922 sum,
1576 1854 1719 1922 memoria,
1737 1854 1813 1911 inm·

166 1918 234 1976 Cutn
249 1931 314 1974 vero
328 1914 471 1986 prudentia
483 1914 555 1986 sapit
571 1929 625 1970 non
639 1914 671 1968 ad
687 1914 870 1980 sobrietatem,
881 1915 963 1971 lorti·
1018 1940 1112 2008 lectus,
1123 1949 1150 1996 et
1163 1957 1251 2009 amor,
1264 1957 1325 2011 ω
1340 1942 1494 1998 mundum
1510 1943 1665 2015 qualitatem
1681 1959 1758 1999 mm
1771 1942 1815 1999 vel

165 2007 232 2063 tudo
246 2020 313 2062 vero
328 2004 423 2059 nititur
438 2003 508 2059 ultra
519 2003 669 2072 justitiam3
692 2003 784 2058 omnia
797 2004 963 2060 exordinan-
1018 2030 1194 2100 quamquem
1219 2029 1337 2086 sormam
1358 2029 1393 2086 gg
1416 2031 1473 2086 Deo
1496 2033 1699 2104 cognationem·
1725 2031 1814 2089 [Μ

165 2090 519 2166 ῑΰΐιθῑῙΜὲὓθΓῆῙ·ᾹωθΓ
528 2091 965 2164 ‘iflil'l’e⁸¹⁰fdi¹¹⁸¹⁰³⁰¹⁰fdi⁰⁸²
1018 2117 1141 2175 incidens
1159 2117 1278 2187 aliunde,
1303 2118 1346 2174 vel
1370 2119 1501 2176 aliorsum
1524 2119 1605 2176 luerit
1629 2128 1758 2192 spectans
1781 2118 1815 2176 da

166 2185 273 2247 omnia;
291 2192 318 2240 et
331 2184 395 2239 dum
411 2181 711 2278 inordinatelsequitnr,
727 2182 962 2280 nonuassequitum
1018 2208 1076 2263 Deo
1091 2208 1243 2276 mmmm
1258 2208 1281 2262 si
1296 2208 1420 2274 remim!
1433 2208 1455 2264 εἰ
1467 2209 1617 2282 negligens,
1629 2226 1677 2266 seu
1687 2208 1813 2275 infidelis,

169 2273 219 2329 sed
233 2272 324 2329 delicit
339 2279 365 2327 et
379 2271 500 2342 languet.
525 2270 626 2324 Nititur
640 2271 740 2325 etenim
755 2269 901 2340 aliquando
915 2287 965 2327 ve·
1019 2295 1120 2363 nullus.
1136 2305 1183 2351 ,ut
1197 2312 1286 2366 mma,
1302 2305 1344 2351 am
1362 2297 1462 2366 ,enuis'
1477 2307 1503 2352 et
1519 2313 1620 2369 pronus
1643 2299 1671 2353 in
1694 2313 1815 2355 mmm

171 2360 325 2416 hamentius
338 2358 423 2429 justo,
435 2364 463 2414 et
473 2358 499 2413 in
511 2366 639 2429 quantum
655 2374 712 2415 suae
725 2358 777 2413 sibi
791 2359 965 2415 consciusest

166 2449 303 2521 puritatis,
319 2447 378 2519 ipse
401 2445 452 2501 sibi
476 2445 529 2511 lex,
544 2446 603 2517 ipse
617 2446 669 2501 sibi
687 2446 755 2502 ordo
778 2462 839 2503 esse
862 2464 965 2519 praesu-

166 2538 226 2606 mit,
241 2537 391 2608 impatiens
412 2534 573 2591 ordinantis.
598 2534 748 2590 Ordinante
763 2543 853 2591 tamen
875 2544 904 2592 et
924 2553 966 2594 re-

166 2633 248 2699 gente
263 2625 339 2697 llege
353 2623 394 2679 sic
410 2623 528 2696 languor
542 2623 598 2694 ipse
614 2623 640 2678 in
656 2624 802 2696 languente
815 2625 963 2692 ordinatur,

167 2722 197 2771 ut
220 2713 465 2788 quomodocunque
492 2712 610 2784 agitetur
633 2717 681 2767 aul
703 2714 897 2785 cribreturqui
912 2714 965 2769 lan-

164 2811 240 2877 guet,
256 2810 309 2858 tota
323 2801 465 2874 languoris
479 2800 565 2872 ipsius
581 2808 607 2856 et
622 2800 744 2858 exercitii
766 2802 894 2858 salutaris
920 2803 967 2875 pia

166 2891 314 2963 disciplina
334 2889 395 2962 plus
412 2889 505 2962 gaudii
526 2888 560 2944 sit
586 2905 667 2961 quam
687 2891 820 2946 moeroris.
852 2891 965 2947 llnttnm

165 2996 287 3050 namque
302 2994 332 3035 se
346 2985 446 3044 amant,
463 2986 490 3034 et
505 2976 584 3050 quasi
607 2979 824 3034 concordissimis
852 2979 964 3050 quibas-

167 3064 228 3121 darn
244 3063 294 3118 sibi
309 3063 474 3135 respondent
488 3063 638 3129 antithetis,
648 3063 778 3134 gaudinm
793 3063 858 3118 illud
873 3065 965 3121 eliste

167 3152 256 3219 dolor,
273 3151 385 3207 fruentis
412 3151 472 3222 pius
496 3151 620 3219 aflectus,
637 3155 664 3206 et
678 3150 857 3208 desiderantis
872 3153 967 3209 anxius

166 3243 315 3315 appetitus.
332 3239 452 3311 ldeoqni
462 3238 584 3314 languet,
598 3255 653 3294 non
664 3240 720 3296 vult
734 3241 839 3306 curari;
854 3241 900 3312 qui
914 3241 968 3298 do·

164 3330 212 3403 let,
228 3345 283 3386 non
297 3328 447 3386 consolari.
467 3327 575 3385 Gaudet
590 3328 691 3402 quippe
705 3344 735 3384 se
749 3331 778 3385 in
793 3345 887 3386 amore
901 3328 967 3386 deli-

166 3433 243 3482 nere;
258 3433 322 3474 cnm
339 3431 461 3472 amorem
476 3415 566 3487 ipsum
583 3415 610 3469 in
623 3416 682 3487 ipso
693 3416 802 3473 deiectu
817 3433 866 3473 suo
881 3416 967 3474 sentit

165 3504 306 3580 proficere.
330 3505 499 3576 Gustatoqnc
511 3505 547 3559 ad
562 3503 664 3576 aliquid
678 3505 806 3575 qnoniam
820 3507 911 3561 suauis
925 3512 967 3562 est

167 3596 312 3659 Dominus,
330 3593 465 3664 incipiens
486 3592 587 3648 sentire
612 3593 647 3648 de
661 3593 777 3649 Domino
792 3595 818 3649 in
833 3594 964 3661 bonitate,

165 3684 265 3740 sentire
279 3681 450 3755 aliquatenus
462 3696 597 3735 summum
612 3681 722 3749 bonum,
737 3682 838 3738 intueri
847 3683 890 3738 vel
902 3697 967 3738 con·

167 3770 292 3843 templari
315 3785 452 3824 summum
472 3769 633 3840 pulchrum,
649 3768 808 3842 intelligere
829 3770 966 3826 intellectu

166 3860 222 3930 inm
231 3875 265 3914 or
277 3864 353 3930 parte
364 3857 478 3913 fruentis
488 3855 681 3912 beatitudinem
695 3865 722 3914 et
731 3857 861 3930 gandium
876 3860 966 3915 incor-

168 3946 357 4020 ruptibilitatis
381 3952 409 4001 et
432 3944 666 4000 immutabilitatis
680 3959 687 4014 ;
703 3954 730 4001 et
745 3953 816 4002 totus
830 3962 863 4003 eo
878 3948 965 4004 nitens

168 4036 254 4093 horno
279 4033 463 4105 corruptibilia
485 4041 512 4087 et
532 4032 669 4088 mutabilis
690 4034 816 4107 evadere,
831 4052 893 4091 cum
912 4053 965 4093 non

168 4130 269 4197 potest,
289 4121 319 4177 lit
332 4122 358 4177 ei
371 4121 451 4193 gravi
467 4121 548 4176 taedio
560 4123 695 4193 corruptio
710 4125 877 4180 mortalitatis
889 4142 945 4182 snae
958 4146 965 4194 ;

168 4217 198 4268 et
212 4227 277 4268 eum
295 4208 323 4265 ai
347 4209 454 4278 dicitur,
472 4232 483 4258 ι
499 4210 560 4266 Νοιι
576 4210 679 4266 videbit
702 4229 745 4268 ma
769 4214 850 4270 borno
875 4222 902 4270 et
922 4216 965 4272 ui-

169 4306 216 4358 ret
235 4296 335 4370 (Exod.
349 4300 461 4367 xxxin),
480 4320 492 4347 ι
509 4297 592 4354 vitam
613 4315 700 4367 suam,
726 4316 894 4374 quaecunque
918 4303 964 4359 illa
1019 4337 1109 4393 frumo
1131 4335 1201 4393 sicut
1214 4335 1242 4391 in
1256 4336 1464 4393 rationabilibus

169 4397 225 4459 est,
250 4402 310 4460 quae
334 4386 418 4442 tardat
439 4386 482 4442 rel
503 4386 617 4459 impedit
640 4389 713 4444 viam
735 4382 1003 4462 videndiDeum,D
1112 4378 1120 4406 ’
1466 4378 1474 4405 ’

168 4478 344 4536 vehementer
361 4475 455 4547 incipit
469 4475 570 4532 odisse.
590 4476 659 4533 blori
671 4493 736 4550 ergo
750 4477 825 4546 libet,
841 4480 890 4536 sed
909 4496 964 4537 non

167 4562 252 4630 lloet;
272 4564 341 4621 mori
368 4579 418 4636 pro
446 4563 569 4632 Christo,
594 4580 643 4621 nec
667 4565 691 4621 ei
719 4565 812 4633 datur3
842 4568 909 4624 mori
935 4568 963 4624 in

162 4654 286 4722 Christo,
303 4651 352 4709 aed
366 4650 497 4708 differtur.
517 4650 633 4709 Ordinat
651 4656 680 4709 in
699 4655 805 4712 Cbn'sto
819 4656 920 4726 virere,
935 4666 963 4715 ct

169 4742 267 4815 religat
282 4740 448 4812 intellectus;
470 4755 572 4799 vacare
592 4743 661 4812 Deo,
682 4760 735 4800 nec
758 4747 887 4818 permittit
898 4763 961 4804 eum

165 4846 237 4889 snus
258 4837 353 4897 natus3
374 4829 489 4902 operari,

171 4919 345 4992 impendere,
356 4934 408 4975 nec
422 4917 544 4974 babetde
557 4933 625 4991 quo;
640 4918 758 4993 impendi
774 4929 801 4978 et
815 4940 898 4995 snper
911 4923 962 4980 im·

167 5006 261 5081 pendi,
272 5021 323 5063 nec
338 5006 439 5062 invenit
452 5005 479 5062 in
496 5020 560 5079 quo.
576 5006 655 5076 Dicit,
671 5007 771 5066 clamat
784 5028 816 5066 :a
833 5013 856 5067 D

1018 2384 1142 2456 seqnitur
1155 2385 1317 2454 intellectus,
1332 2401 1412 2442 amor
1425 2384 1517 2442 nullus
1532 2389 1576 2443 vel
1590 2395 1744 2459 corruptus,
1760 2387 1815 2445 sci·

1019 2474 1081 2531 licet
1095 2489 1157 2530 oum
1172 2474 1305 2545 cogitatur
1320 2483 1430 2546 propter
1443 2476 1519 2532 aliud
1543 2490 1624 2549 quarn
1645 2485 1674 2532 ut
1698 2485 1814 2543 ametur,

1018 2562 1062 2620 vel
1077 2570 1185 2617 amatur
1197 2571 1308 2634 propter
1322 2562 1395 2618 aliud
1411 2580 1492 2635 qnam
1507 2572 1617 2637 propter
1636 2566 1815 2636 semetipsum

1019 2651 1105 2707 Deus.
1124 2651 1154 2707 Si
1170 2667 1237 2707 vero
1252 2652 1280 2706 in
1302 2652 1467 2724 cogitatione
1490 2653 1554 2710 fidei
1576 2653 1664 2710 fervet
1683 2652 1816 2709 memoria

1019 2741 1054 2795 ad
1070 2739 1286 2812 intelligendum,
1302 2756 1472 2814 nequaquam
1487 2741 1526 2796 ibi
1542 2740 1622 2797 linem
1636 2744 1816 2810 constituens,

1019 2829 1069 2884 sed
1084 2829 1173 2883 nitens
1186 2829 1221 2883 ad
1234 2844 1354 2885 amorem
1369 2845 1419 2899 per
1432 2831 1598 2888 intellectum
1610 2848 1617 2886 ι
1628 2832 1742 2899 amanti,
1754 2840 1816 2888 ten-

1019 2918 1106 2986 denti,
1128 2916 1208 2973 beata
1232 2918 1348 2990 quadam
1372 2919 1540 2989 experientia
1564 2936 1636 2993 stepo
1660 2925 1763 2991 praesto
1785 2917 1816 2975 fit

978 3007 1092 3089 equod
1108 3007 1247 3076 quaeritur,
1264 3022 1325 3063 cum
1341 3008 1436 3062 transit
1456 3008 1608 3065 intellectus
1631 3008 1658 3063 in
1681 3023 1815 3076 amorem,

1017 3112 1064 3152 seu
1078 3110 1155 3150 amor
1169 3096 1196 3149 in
1211 3094 1375 3151 intellectum
1387 3097 1536 3152 secundum
1547 3099 1662 3170 gratiam
1674 3096 1814 3163 donantis,

1017 3191 1042 3238 et
1057 3183 1175 3238 stadium
1188 3199 1236 3239 seu
1251 3183 1380 3255 pietatem
1394 3184 1565 3256 accipientis.
1586 3184 1638 3241 Ubi
1653 3200 1714 3241 cnm
1728 3184 1814 3251 ridet,

1018 3271 1122 3345 aliquid
1136 3271 1186 3327 sed
1201 3287 1255 3328 non
1270 3273 1394 3343 pervidet
1407 3274 1562 3330 intellectus
1578 3291 1586 3329 ι
1600 3274 1667 3330 sicut
1690 3273 1818 3346 apposita

1016 3360 1132 3416 scientia
1145 3361 1259 3432 apponit
1273 3359 1409 3428 dolorem,
1424 3362 1462 3419 sic
1477 3362 1598 3434 apposita
1616 3361 1750 3435 sapientia
1764 3377 1816 3434 ap·

1016 3449 1092 3520 ponit
1106 3464 1229 3504 amorem
1244 3466 1251 3504 ι
1267 3449 1389 3521 gaudens
1403 3450 1440 3506 ad
1455 3451 1615 3518 ridendum,
1631 3450 1767 3522 languens
1781 3450 1817 3507 ad

1017 3537 1228 3608 pervidendum,
1242 3553 1297 3594 non
1311 3538 1375 3593 satis
1388 3539 1560 3610 requiescens
1581 3541 1610 3595 in
1631 3555 1665 3596 eo
1679 3538 1750 3611 quod
1765 3553 1816 3596 ac-

1016 3626 1098 3697 cepit,
1114 3626 1188 3696 qnod
1203 3642 1235 3682 ex
1251 3635 1329 3698 parte
1345 3635 1395 3694 est,
1410 3628 1475 3684 dnm
1497 3630 1580 3685 anxie
1603 3628 1714 3684 anhelat
1727 3628 1762 3683 ad
1787 3627 1816 3683 id

1016 3714 1091 3785 quod
1106 3715 1227 3770 nondum
1251 3717 1365 3787 accepit,
1389 3717 1462 3786 quod
1485 3717 1634 3788 perlectum
1657 3723 1710 3773 est.
1734 3715 1816 3786 Quod

1016 3803 1088 3858 enim
1103 3804 1250 3858 amandam
1266 3812 1315 3870 est,
1330 3804 1536 3877 intelligendam
1552 3813 1602 3862 est.
1620 3804 1700 3876 Quod
1714 3803 1816 3861 intolli-

1016 3892 1136 3964 gendum
1152 3900 1202 3958 est,
1217 3892 1393 3966 cogitandum
1409 3898 1463 3950 est.
1490 3894 1570 3965 Quod
1584 3894 1656 3951 enirn
1669 3891 1816 3950 amandum

1016 3989 1067 4047 est,
1084 3980 1135 4035 nisi
1150 3989 1251 4052 praesto
1265 3980 1311 4037 tiat
1323 3983 1425 4037 amanti
1439 3999 1490 4052 per
1504 3982 1673 4049 memoriam,
1689 3982 1815 4039 innotos

1015 4078 1058 4127 cat
1072 4085 1120 4140 per
1134 4067 1319 4139 intellectum,
1345 4087 1424 4127 amor
1447 4071 1505 4143 ipse
1525 4072 1672 4128 obsolescit
1693 4078 1720 4127 et
1746 4070 1811 4127 lan·

1016 4162 1100 4232 guot;
1115 4157 1289 4230 maximeque
1303 4159 1331 4213 in
1344 4158 1385 4214 eis
1398 4160 1488 4226 rebus,
1504 4160 1532 4215 in
1547 4160 1647 4232 quibus
1661 4159 1747 4217 amori
1762 4175 1816 4231 par

1015 4245 1178 4304 memoriam
1198 4246 1369 4304 solummodo
1393 4255 1420 4303 et
1439 4248 1607 4305 intellectum
1631 4263 1680 4304 sua
1704 4254 1816 4320 paratur

1484 4336 1574 4409 magis
1587 4344 1680 4394 autern
1693 4337 1722 4392 in
1735 4337 1817 4410 spiri·

1019 4425 1146 4494 tualibus,
1163 4424 1301 4498 praecipue
1325 4440 1390 4483 varo
1405 4424 1432 4481 in
1451 4425 1560 4481 divinis.
1579 4427 1656 4482 blena
1679 4425 1815 4499 enganni

1017 4528 1095 4569 arnor
1109 4514 1204 4585 patrie
1216 4512 1355 4584 Patrisque
1369 4513 1421 4569 Dei
1436 4513 1544 4582 insedit,
1560 4514 1621 4570 odit
1634 4515 1816 4571 vehementer

1016 4601 1236 4674 peregrinantem
1249 4602 1276 4656 in
1291 4601 1387 4659 alienis
1401 4601 1564 4658 memoriam
1579 4617 1665 4671 snam,
1681 4610 1707 4658 et
1722 4603 1815 4658 inten-

1015 4698 1071 4745 tum
1094 4689 1317 4761 occupationibus
1339 4689 1436 4747 alienis
1459 4689 1639 4748 intellectum.
1666 4691 1812 4764 aquibus

1015 4794 1076 4836 eum
1091 4778 1211 4849 perlecta
1225 4794 1256 4835 se
1271 4786 1399 4836 esorrtere
1420 4793 1499 4836 amor
1521 4796 1578 4835 non
1598 4780 1737 4852 proevalet,
1754 4795 1809 4836 vo-

506 4844 558 4886 ¹¹00
572 4829 650 4887 ¹⁰⁶¹¹³
667 4839 708 4888 ‘⁵⁸
722 4834 799 4906 ⁰90¹'i
814 4835 883 4905 ejus·
899 4835 962 4893 Μ
1013 4865 1115 4923 luntate
1130 4866 1248 4939 quadarn
1264 4867 1355 4924 carnis
1368 4883 1422 4924 non
1437 4868 1590 4926 voluntaria
1604 4869 1736 4938 irretitus,
1749 4868 1812 4924 lan-

905 5012 910 5022 ,
1013 4964 1079 5028 guet
1093 4955 1121 5010 in
1133 4955 1282 5027 semetipso
1296 4957 1460 5029 patiturque.
1475 4958 1557 5027 Quod
1572 4957 1672 5015 dicitur
1685 4972 1736 5029 per
1747 4972 1814 5029 pro·

858 5028 958 5084 ‘'¹³¹⁰‘’
1012 5043 1124 5116 phetam
1140 5061 1147 5099 :
1166 5067 1177 5093 ι
1196 5045 1267 5100 Vivit
1283 5047 1421 5113 Dominus,
1437 5046 1516 5116 cnjus
1529 5046 1603 5119 ignis
1619 5056 1662 5104 est
1685 5047 1714 5102 in
1734 5046 1812 5116 Sion,

163 5104 229 5181 (ιῦῙὰ
244 5121 288 5162 ¹¹¹⁰
307 5104 349 5160 Vis
365 5102 453 5161 facere
469 5106 542 5175 lm·
558 5106 606 5178 ΠΟ·
626 5127 636 5158 s
653 5123 703 5164 ¹¹0⁰
722 5112 957 5182 “²⁸9011del111'053
1013 5140 1039 5188 et
1055 5131 1175 5188 caminus
1189 5133 1217 5187 in
1230 5133 1381 5189 ternrstenr
1397 5135 1462 5204 (lca.
1479 5136 1567 5206 mr.)
1584 5158 1597 5184 ι
1622 5135 1696 5208 ignis
1711 5136 1813 5191 etenim

165 5227 177 5255 t
203 5201 276 5273 Quid
297 5219 342 5261 1¹¹0
366 5203 409 5258 tit
429 5201 499 5270 fleti,
518 5225 530 5253 ¹·
547 5211 574 5260 et
587 5203 731 5264 dimittitur
745 5207 805 5281 ipse
818 5210 879 5267 sibi.
896 5212 959 5270 tnta
1012 5221 1171 5276 naturaliter
1185 5237 1295 5292 semper
1308 5238 1415 5278 sursum
1430 5223 1562 5296 impatnm
1577 5223 1692 5292 babens,
1703 5224 1813 5281 camino

162 5298 264 5357 etenim
282 5301 436 5357 erratione
451 5298 639 5372 lacerejnsta,
659 5310 686 5360 et
699 5303 791 5363 delicit
809 5308 838 5363 in
852 5308 956 5366 discer-
1012 5317 1132 5374 inclusus
1146 5333 1179 5374 eo
1193 5319 1285 5390 magis
1299 5327 1398 5376 aestuat
1418 5320 1445 5375 in
1466 5321 1616 5393 semetipso
1639 5336 1692 5394 qno
1716 5321 1814 5378 lortius

159 5396 268 5467 penam
284 5394 344 5453 fieri
353 5397 443 5466 justus
457 5414 490 5454 er
504 5397 615 5470 affectu,
630 5417 681 5460 nec
695 5412 786 5475 potest
800 5405 852 5463 nisi
863 5408 957 5468 aDeo.
1013 5414 1109 5472 alienis
1122 5414 1248 5472 obicibus
1262 5416 1408 5475 detinetur.
1436 5418 1541 5475 Deinde
1567 5426 1673 5477 torrens
1687 5418 1813 5476 detentus

159 5491 275 5574 legitur
309 5492 450 5573 languemi
483 5495 619 5555 medicina
652 5515 720 5572 sua,
749 5518 801 5563 neo
833 5507 958 5579 attendit,
1017 5513 1206 5572 rebementius
1219 5513 1350 5584 asundn,
1365 5513 1438 5590 ignia
1451 5515 1571 5574 inclusos
1584 5516 1680 5575 lortirn
1704 5523 1810 5587 statuat,
