3728 6000
138 202 188 256 lbi
627 196 977 289 collustraturattts
997 197 1025 252 S.
1047 196 1263 255 THEODORlCl
1737 198 1791 256 252

138 322 200 391 sita,
216 338 265 395 per
279 339 342 394 quaa
369 321 487 394 potentia
503 321 553 377 liei
570 321 742 394 designatur,
758 329 784 378 et
808 320 937 392 sapientia
952 320 980 381 Α
994 319 1121 376 distincta
1136 337 1315 393 personamm
1332 321 1359 377 in
1377 322 1433 378 Deo
1457 321 1492 377 ad
1514 321 1789 392 commendationem,

140 419 168 467 at
183 411 378 484 benignitasSi
386 412 469 475 eninr,
481 410 547 474 «ait,
561 410 756 481 »omnipotens
766 419 876 475 esset,et
885 425 939 464 nnn
993 410 1052 464 sive
1067 410 1188 465 adbibita
1202 412 1236 466 ad
1261 411 1362 466 summi
1389 411 1452 466 boni
1475 412 1664 483 particularem
1684 412 1791 468 descri-

141 501 351 571 omnisapiens,
367 516 472 555 summe
496 500 582 554 bonus
599 515 652 554 non
677 507 758 554 esset.
784 500 899 560 lterum;
917 499 940 552 si
994 499 1123 569 ptionem,
1140 500 1197 554 sire
1225 500 1431 569 perlectionem,
1448 501 1571 555 sedeunt
1589 501 1616 555 in
1644 502 1789 566 Deouere,

63 650 66 657 ⁴
140 588 275 661 benignus
290 606 343 645 non
360 598 441 656 esset,
454 590 515 656 ejus
530 590 652 660 potentia
666 588 817 658 perniciosa
831 595 860 642 et
876 587 939 640 inu·
995 595 1021 640 et
1036 587 1200 652 naturaliter,
1218 598 1244 642 et
1257 589 1443 644 aeternaliter:
1474 590 1632 644 annuntiata
1647 603 1710 644 uero
1729 596 1791 643 sunt

141 678 194 733 tilis
208 688 287 734 esset.
306 701 317 727 ι
334 678 357 735 O
373 695 454 748 quam
469 678 552 750 longe
570 686 612 732 est
627 678 685 733 baec
699 676 881 731 sententiaeb
895 691 939 741 co,
993 675 1159 741 homiuibus,
1173 683 1200 730 ut
1215 692 1274 731 cum
1303 678 1421 731 auditum
1442 677 1524 733 fucrit
1548 695 1628 732 unum
1645 677 1672 731 in
1695 676 1789 742 tribus,

140 767 187 824 ubi
199 768 251 824 boc
264 775 305 823 est
328 783 410 838 posse
428 767 503 838 quod
519 781 634 837 sapere:
661 781 757 836 sapere
772 765 843 835 quod
858 764 939 818 lieni·
995 771 1048 817 tres
1061 765 1086 818 in
1098 780 1160 830 uno,
1178 767 1200 818 si
1216 765 1275 836 quis
1299 767 1400 837 aliquid
1425 767 1462 819 ibi
1477 766 1613 838 putaverit
1628 765 1790 820 describen-

139 872 226 930 gnum
246 871 305 911 esse
322 875 330 908 :
345 864 371 909 et
392 856 445 911 lroc
472 862 554 909 totum
581 854 652 925 quod
681 869 752 908 esse.
770 851 872 908 Omitto
897 854 941 906 bic
995 853 1069 920 dum,
1085 853 1140 907 sire
1160 854 1458 919 circumscribendum
1477 855 1567 909 unitas
1583 871 1636 910 non
1653 870 1736 924 usque
1757 854 1793 908 ad

142 943 242 1000 irivola
257 945 290 999 de
304 945 359 999 Deo
375 951 401 998 et
417 943 509 1014 inepta
525 942 620 1008 verba,
637 950 663 998 et
679 942 796 996 insulsas
812 940 845 995 de
862 956 941 995 sum-
994 942 1177 1005 solitudinem,
1193 943 1309 997 Trinitas
1325 960 1378 998 non
1392 960 1478 1014 usquc
1492 943 1526 998 ad
1552 943 1711 998 diuisionem
1730 959 1792 998 om·

38 1062 41 1067 >
141 1033 183 1089 mi
198 1033 261 1089 boui
277 1033 393 1088 essentia
421 1032 552 1087 dictiones
581 1030 715 1103 usquead
744 1030 939 1099 impatientiam
995 1047 1056 1084 nem
1072 1040 1227 1099 compescat
1242 1041 1268 1086 et
1283 1032 1432 1087 absterreat
1444 1035 1570 1087 bumauoe
1583 1032 1694 1087 rationis
1709 1047 1793 1087 cona·

139 1121 314 1177 verberantes
325 1137 406 1176 aures
418 1138 501 1185 naras,
511 1121 617 1175 scilicet
636 1120 697 1174 ideo
715 1119 869 1174 habendam
881 1134 940 1173 essa
995 1126 1061 1173 tum.
1074 1120 1149 1174 Absit
1164 1120 1235 1174 enim
1249 1137 1263 1174 a
1279 1120 1332 1176 tide
1346 1122 1486 1177 Cutbolica
1510 1130 1537 1177 et
1551 1122 1743 1192 praedicatione
1759 1121 1793 1176 de

142 1210 201 1266 Deo
216 1211 387 1282 sapientiam,
405 1211 510 1265 horest
534 1208 629 1262 Filium
651 1209 848 1280 generandum,
864 1224 897 1262 ιιε
913 1206 939 1260 in
996 1208 1084 1271 Patre,
1102 1218 1127 1264 et
1143 1209 1209 1264 Filio
1222 1218 1249 1264 et
1275 1210 1376 1280 Spiritu
1397 1219 1501 1275 sancto,
1518 1218 1556 1279 ut,
1573 1210 1641 1266 sicut
1655 1209 1720 1265 dicit
1743 1225 1794 1264 no-

142 1298 232 1369 aliquo
246 1298 335 1369 decipi
358 1305 439 1368 queat
454 1317 460 1353 :
478 1296 541 1352 ideo
555 1296 708 1352 habendam
732 1297 940 1365 benignitatem,
995 1297 1096 1352 unslric
1114 1298 1255 1368 magister,
1266 1298 1335 1354 alter
1346 1299 1383 1353 ibi
1403 1300 1430 1352 in
1446 1298 1648 1364 altero,sivead
1664 1298 1790 1363 alterum,

143 1386 197 1443 boc
212 1395 253 1441 ast
268 1386 397 1456 Spiritum
414 1393 546 1452 sanctum,
563 1401 597 1440 ne
619 1385 772 1453 perniciosa
787 1384 819 1438 sit
842 1391 940 1454 poten·
995 1402 1128 1440 summum
1144 1387 1243 1442 bonum
1268 1387 1443 1458 aliquatenus
1457 1389 1500 1443 vel
1516 1388 1619 1443 dicatur
1635 1387 1678 1441 rel
1691 1388 1791 1442 creda-

142 1474 179 1529 ιιι
193 1475 254 1545 ejus
268 1474 329 1530 sive
356 1472 497 1545 sapientia,
514 1481 641 1543 tanquam
656 1471 710 1528 hoc
725 1487 779 1526 non
807 1479 880 1526 esset
895 1473 941 1525 lm·
995 1483 1039 1529 tur
1052 1474 1191 1546 perticere,
1208 1491 1269 1532 cunr
1285 1476 1318 1530 ad
1342 1492 1451 1533 omnem
1467 1477 1565 1533 summi
1596 1477 1660 1532 boni
1675 1476 1792 1547 plenitu-

38 1578 41 1584 ·
143 1562 274 1629 bendum,
292 1563 315 1617 si
331 1562 399 1617 illud
415 1578 469 1616 non
484 1568 556 1617 esset
570 1560 730 1617 cavendum.
742 1561 844 1616 Omitto
860 1560 941 1614 etiam
995 1563 1088 1618 dinem
1103 1564 1227 1635 singulus
1241 1565 1356 1636 quisque
1371 1565 1421 1620 sibi
1437 1565 1474 1620 ibi
1489 1564 1643 1621 credendus
1658 1564 1693 1618 sit
1714 1563 1790 1618 suffi-

142 1652 214 1721 quod
225 1651 262 1706 ibi
271 1651 346 1719 dicit,
356 1651 433 1723 quasi
450 1667 484 1706 ea
501 1652 660 1706 auctoritate
678 1651 706 1705 ιι.
719 1649 871 1722 Augustini,
888 1663 941 1703 non
956 1679 982 1738 B
997 1668 1068 1707 cere.
1085 1652 1169 1720 nostr,
1186 1661 1214 1708 ut
1229 1654 1434 1724 superabundet
1448 1656 1475 1708 in
1488 1654 1581 1718 tribus,
1597 1653 1668 1723 quod
1682 1653 1708 1706 in
1737 1653 1793 1707 sin·

143 1756 203 1796 esse
227 1741 314 1795 Deum
330 1741 554 1811 omnipotentem,
568 1739 669 1794 scilicet
689 1741 751 1811 quia
769 1755 823 1794 non
838 1745 938 1807 potest,
996 1741 1070 1812 gulis
1085 1740 1194 1811 plenum
1210 1750 1260 1810 est,
1274 1750 1303 1797 ut
1318 1743 1512 1813 particulariter
1525 1743 1703 1812 dispertiatur
1717 1742 1790 1814 quod

142 1828 195 1885 uisi
210 1844 241 1884 aa
256 1836 359 1885 tautum
372 1845 432 1900 quae
448 1828 502 1883 vult
519 1846 525 1882 :
543 1828 615 1898 quod
630 1827 862 1882 brevitatiscausa
877 1841 940 1897 praa·
995 1829 1111 1899 simplex
1126 1839 1153 1884 et
1168 1830 1335 1885 individuum
1358 1848 1440 1886 unuin
1456 1838 1508 1898 est,
1525 1840 1553 1885 ut
1574 1831 1601 1885 in
1617 1830 1793 1887 solitudinem

143 1916 318 1972 termisimus.
329 1917 402 1982 llaec,
421 1916 643 1987 inquam,umnia
660 1915 840 1986 amicamque
857 1914 938 1969 verba
995 1918 1136 1989 redigatur
1161 1919 1233 1989 quod
1257 1919 1373 1974 Trinitas
1388 1926 1440 1987 est,
1461 1920 1508 1973 ubi
1534 1919 1605 1988 quod
1621 1919 1690 1974 alter
1708 1925 1794 1973 estex

142 2012 216 2072 sunt,
232 2013 258 2062 et
273 2005 364 2060 uerbis
381 2005 416 2059 ad
438 2020 469 2061 ea
487 2019 634 2061 occurrere
651 2002 732 2060 facilc
751 2009 792 2059 est
803 2022 810 2070 ;
823 2004 857 2057 ad
872 2019 941 2059 cau·
995 2007 1091 2071 altero,
1106 2006 1149 2062 vel
1164 2008 1233 2062 alter
1247 2007 1282 2063 ad
1304 2008 1429 2076 alterum,
1445 2023 1500 2062 non
1521 2016 1563 2063 est
1576 2007 1718 2078 dissipatio
1732 2006 1795 2061 uni-

142 2109 199 2149 sam
214 2093 368 2152 ueniamus.
995 2095 1067 2164 tatis,
1079 2096 1127 2151 sed
1145 2095 1280 2151 distinctio
1301 2112 1490 2167 personarum,
1506 2096 1570 2166 quia
1590 2096 1653 2151 licet
1674 2097 1743 2151 alter
1757 2095 1795 2149 ibi

178 2182 249 2239 Dicit
261 2182 370 2238 nomina
394 2181 483 2236 Patris
498 2189 525 2237 et
542 2181 599 2236 Filii
612 2189 638 2236 et
651 2181 769 2252 Spiritus
789 2180 873 2237 sancti
888 2181 941 2235 im·
995 2201 1060 2240 uere
1075 2183 1237 2254 predicetur
1251 2184 1285 2239 ad
1301 2185 1425 2252 alterum,
1443 2200 1496 2239 non
1512 2193 1604 2240 tamen
1617 2184 1656 2239 ibi
1669 2193 1708 2240 est
1723 2184 1792 2239 alte-

142 2271 254 2344 propria
277 2286 337 2326 essa
358 2270 386 2324 in
410 2271 487 2337 Deo,
511 2271 560 2325 sed
585 2271 611 2324 in
636 2269 817 2341 descriptione
841 2272 942 2325 summi
996 2288 1055 2327 rum
1067 2281 1093 2326 et
1108 2272 1232 2336 alterum,
1248 2273 1295 2328 sed
1312 2273 1430 2344 simplex
1445 2289 1538 2328 unum.

143 2359 210 2415 boni
232 2358 266 2413 ad
291 2359 554 2415 commendationem
568 2359 706 2430 apposita.
728 2359 834 2414 Poterat
852 2367 940 2414 autem
1026 2361 1127 2415 Hocde
1141 2361 1199 2416 Deo
1225 2362 1358 2433 cogitare,
1374 2362 1402 2416 in
1429 2362 1539 2417 nomiae
1566 2362 1660 2428 Patris,
1677 2370 1704 2417 et
1719 2361 1790 2428 Filii,

141 2447 302 2517 simpliciter
316 2447 412 2518 accipi,
428 2448 525 2517 deque
539 2447 614 2517 dicit,
631 2447 728 2501 summi
751 2446 814 2502 boni
831 2446 940 2504 deseri·
995 2456 1021 2504 et
1035 2449 1149 2518 Spiritus
1164 2449 1248 2504 sancti
1268 2448 1449 2515 credentibus,
1470 2450 1650 2521 sperantibus,
1665 2450 1788 2505 amanti-

142 2536 210 2608 ptio‚
224 2536 274 2590 nisi
288 2536 316 2589 in
331 2535 395 2604 ipso
414 2536 502 2590 statim
525 2535 642 2592 exordio
666 2535 825 2590 narrationis
842 2551 874 2590 ex
888 2535 939 2591 de·
994 2537 1054 2602 bus,
1071 2538 1148 2608 pium
1163 2545 1205 2592 est
1218 2539 1313 2593 audire
1325 2538 1487 2607 jucundum,
1504 2539 1637 2594 familiare
1652 2539 1788 2610 proloqui,

143 2624 290 2696 scriptione
305 2625 423 2695 partium
438 2624 465 2679 in
486 2625 586 2679 unitate
601 2624 700 2680 diriuae
717 2624 844 2680 essentiae
860 2624 939 2679 iide-
994 2626 1098 2681 ardenti
1109 2625 1172 2681 iidei
1182 2643 1263 2695 super
1275 2642 1357 2682 omne
1372 2627 1444 2696 quod
1460 2627 1629 2682 desideratur
1642 2627 1788 2683 desidera-

142 2729 238 2769 remus
252 2713 354 2768 exoriri
370 2712 530 2769 scandalum
539 2712 693 2768 divisionis.
708 2714 770 2782 lpse
785 2712 859 2768 onim
874 2712 941 2767 illud
995 2714 1048 2770 bile
1062 2715 1097 2769 ad
1112 2715 1330 2788 intelligendum,
1347 2715 1498 2771 illuminato
1522 2731 1588 2773 uero
1609 2717 1695 2771 amori
1711 2715 1792 2772 dulce

143 2817 250 2857 summe
262 2818 295 2857 ac
309 2801 486 2873 singulariter
500 2817 585 2856 uuum
599 2802 692 2858 statim
711 2801 738 2855 in
753 2800 940 2871 descriptionis
994 2819 1077 2873 super
1087 2819 1168 2858 omne
1184 2804 1257 2874 quod
1273 2804 1350 2859 dulce
1364 2812 1414 2870 est,
1432 2805 1537 2874 quoties
1560 2805 1642 2860 suerit
1656 2805 1794 2876 aliquanta

144 2906 201 2946 suae
215 2890 329 2946 exordio
344 2890 462 2945 disserat
475 2891 503 2944 in
525 2891 585 2956 tria,
601 2889 628 2945 in
643 2891 741 2959 majus,
758 2896 785 2944 et
807 2888 834 2943 in
850 2888 939 2943 minus
993 2891 1183 2962 intelligentiae
1197 2893 1366 2963 experientia
1388 2902 1566 2962 compertum.
1585 2895 1613 2948 ln
1639 2892 1797 2963 hujusmodi

144 2986 171 3034 et
184 2978 336 3048 minimum,
355 2979 423 3035 sicut
438 2978 466 3032 in
480 2977 654 3048 sequentibus
668 2978 765 3033 melius
779 2976 933 3049 apparebit.
994 2981 1104 3045 etenim,
1120 2981 1190 3036 sicut
1219 2980 1283 3036 dicit
1300 2981 1327 3036 a.
1350 2981 1502 3053 Gregorius
1518 2981 1584 3053 (su),
1603 3004 1614 3029 ι
1631 2997 1708 3037 amor
1735 2981 1795 3052 ipse

954 3027 978 3090 C

144 3069 258 3138 Propter
286 3067 358 3138 quod
385 3067 512 3133 dicimus,
533 3066 660 3137 quoniam
688 3082 750 3121 cunr
778 3066 805 3120 ιιι
829 3067 938 3120 ιιοιιιιιιε
996 3069 1215 3125 intellectusest.
1232 3092 1243 3118 ι
1260 3070 1796 3140 Nonautemlrocmodouobisreprae-

144 3156 230 3212 Patris
245 3163 272 3212 ct
286 3155 344 3211 Filii
355 3165 382 3211 et
397 3155 516 3227 Spiritus
530 3155 804 3211 sanctiac'athotteis
819 3154 943 3210 Patribus
996 3166 1085 3212 suntet
1111 3159 1184 3212 illum
1214 3175 1294 3229 quem
1311 3159 1376 3213 dicit
1400 3159 1528 3215 Ezechiel
1558 3160 1795 3216 sonumsublimis

144 3244 274 3302 diviuitas
294 3245 481 3316 pmoieatu1·;
497 3242 559 3299 fidei
579 3252 620 3299 est
645 3245 704 3300 baec
726 3243 871 3314 professio,
888 3258 942 3298 non
997 3247 1045 3302 Dei
1057 3248 1168 3316 (duob.
1183 3249 1213 3317 r),
1230 3264 1279 3318 pro
1295 3247 1450 3303 nominibus
1465 3247 1552 3303 Patris
1570 3256 1597 3303 et
1613 3248 1672 3303 Filii
1685 3249 1793 3305 inducta

144 3333 293 3389 divinitatis
312 3333 468 3404 descriptio.
481 3332 548 3402 Quae
558 3332 580 3387 si
594 3341 687 3403 posset
706 3332 834 3397 describi,
850 3344 944 3403 posset
996 3337 1125 3407 potentia,
1142 3337 1262 3406 potentia
1276 3335 1457 3404 discernendi,
1474 3336 1510 3391 de
1530 3337 1650 3407 potentia
1671 3347 1725 3391 tam
1739 3355 1792 3411 ge-

45 3440 54 3457 *
144 3436 172 3488 et
198 3432 394 3490 circumscribi.
411 3433 487 3488 Sicut
506 3431 578 3487 euim
607 3431 678 3501 quod
706 3429 875 3497 describitur,
892 3444 942 3501 per
997 3433 1073 3488 rendi
1098 3449 1178 3504 quam
1202 3433 1385 3500 discernendi,
1402 3436 1480 3506 quasi
1495 3433 1624 3505 quiddam
1639 3434 1675 3489 ad
1695 3443 1790 3506 totum,

143 3538 235 3603 partes
256 3546 318 3585 suas
343 3529 512 3596 describitur,
527 3529 568 3585 sic
594 3530 669 3599 quod
691 3529 937 3596 circumscribitur,
996 3531 1066 3587 sicut
1084 3537 1176 3586 noster
1196 3532 1338 3602 theologus
1365 3532 1440 3587 dicit.
1457 3533 1519 3586 Non
1541 3533 1617 3603 quod
1644 3533 1743 3603 saepius
1764 3535 1791 3588 in

143 3629 238 3700 utique
266 3644 315 3701 per
342 3636 427 3683 totum
455 3629 663 3698 suumNempe
677 3628 724 3682 ubi
752 3637 856 3685 constat
882 3645 941 3685 esse
996 3625 1145 3696 Scripturis
1160 3633 1185 3681 et
1200 3626 1227 3679 in
1256 3642 1309 3680 usu
1324 3625 1464 3699 loquendi,
1477 3634 1503 3682 et
1526 3627 1723 3683 consuetudine
1737 3635 1793 3682 tra·

63 3718 67 3725 ’
142 3732 235 3799 partes
257 3725 291 3781 ad
314 3726 535 3794 describendum,
552 3740 661 3781 necesse
678 3734 719 3780 est
734 3727 815 3781 etiam
831 3742 889 3782 esse
901 3735 943 3782 to-
995 3724 1078 3778 etanti
1094 3720 1166 3777 Patri
1182 3737 1235 3777 non
1248 3721 1404 3777 ascribatur
1419 3725 1550 3794 potentia,
1566 3725 1700 3796 sapientia
1711 3725 1790 3794 Filio,

144 3833 200 3881 tum
219 3824 254 3880 ad
272 3823 699 3882 circumscribendumb'ametsi
712 3823 861 3894 spiritualis
873 3824 941 3878 sub·
996 3819 1149 3892 benignitas
1163 3835 1211 3874 seu
1226 3819 1344 3874 charitas
1372 3821 1486 3891 Spiritui
1504 3831 1605 3887 sanctu,
1623 3822 1672 3878 sed
1687 3838 1792 3878 secun-

143 3923 240 3979 stantia
259 3924 302 3990 sit,
315 3940 367 3996 pro
388 3924 526 3996 corporeis
549 3923 676 3994 partibus
698 3931 724 3978 et
749 3922 882 3978 localibus
896 3923 940 3978 ‹ti-
995 3916 1061 3972 dum
1075 3917 1205 3972 rationem
1218 3915 1280 3972 fidei
1296 3925 1322 3971 et
1336 3917 1501 3974 intellectum
1518 3919 1673 3990 pietatis,ut
1685 3935 1794 3990 semper

142 4020 337 4089 mansionibus,
367 4021 449 4077 habet
475 4019 625 4093 spiritualis
653 4028 763 4075 naturae
786 4020 938 4089 qualitates,
995 4017 1022 4069 et
1038 4019 1165 4085 quantum
1178 4012 1211 4067 ad
1223 4014 1445 4084 omnipotentiam
1465 4013 1610 4083 alliciendi,
1622 4023 1647 4070 et
1662 4022 1792 4085 quantum

143 4132 203 4188 quae
217 4126 288 4173 certa
302 4118 371 4175 sicut
398 4134 451 4174 suo
466 4127 570 4190 queunt
587 4117 668 4173 modo
687 4116 809 4172 discerni
830 4117 865 4172 ad
889 4117 939 4172 de-
994 4111 1028 4166 ad
1039 4111 1232 4182 benignitatem
1248 4112 1406 4180 miserendi,
1430 4129 1484 4167 noa
1499 4121 1601 4167 tantum
1616 4120 1724 4184 potens,
1740 4112 1789 4168 sed

141 4213 326 4281 scribendum,
341 4215 382 4271 sic
402 4230 452 4271 suo
468 4220 574 4286 queunt
593 4214 674 4270 modo
694 4214 889 4286 comprehendi
905 4213 939 4268 ad
993 4217 1020 4264 ct
1034 4209 1204 4279 omnipotens
1218 4208 1382 4281 intelligatur
1406 4210 1495 4274 Pater,
1511 4209 1683 4282 omnipotens
1701 4209 1791 4276 Filius,
1844 4238 1849 4246 ·

141 4312 436 4370 circumscribendum.
464 4314 567 4368 llorum
599 4328 663 4368 vero
688 4313 809 4368 omnium
843 4319 938 4367 untnra
992 4307 1164 4377 omnipotens
1179 4304 1295 4376 Spiritus
1317 4315 1427 4362 sanctus
1442 4315 1468 4362 et
1483 4315 1572 4362 tamen
1587 4322 1640 4362 non
1663 4316 1715 4363 tres
1728 4323 1791 4363 om-

140 4409 186 4466 illa
213 4427 311 4482 expers
337 4419 387 4477 est,
403 4409 450 4465 ubi
478 4425 553 4466 mera
582 4408 753 4479 simplicitas,
766 4417 793 4464 et
821 4408 935 4480 simplex
953 4382 1156 4477 Dutpotentes,
1172 4405 1219 4459 sed
1236 4421 1305 4459 uuus
1318 4405 1503 4476 omnipotens,
1522 4407 1561 4461 sic
1572 4407 1654 4462 etiam
1669 4406 1789 4478 sapiens,

140 4507 229 4563 unitas
242 4515 269 4563 et
289 4507 419 4580 idipsum,
435 4522 491 4562 non
515 4506 620 4561 habeus
635 4513 725 4576 partes
746 4521 796 4576 per
811 4521 877 4577 quus
892 4505 939 4559 de·
993 4504 1046 4570 vel,
1062 4504 1131 4558 sicut
1159 4503 1220 4574 ipse
1238 4502 1308 4558 solet
1331 4501 1432 4568 dicere,
1448 4503 1642 4574 omnisapiens,
1659 4512 1685 4558 et
1700 4504 1792 4559 omni-

140 4607 285 4673 scribatur,
301 4621 358 4661 non
386 4604 532 4676 qualitates
560 4603 660 4673 quibus
675 4602 856 4658 discernatur.
872 4604 938 4658 Tres
993 4602 1137 4674 benignus,
1155 4617 1209 4656 non
1224 4600 1298 4656 solus
1312 4603 1399 4664 Pater,
1415 4602 1462 4655 sed
1478 4610 1505 4657 et
1520 4602 1610 4668 Filius,
1626 4611 1653 4656 et
1675 4601 1793 4672 Spiritus

140 4710 213 4769 suut,
222 4703 271 4759 sed
281 4718 380 4765 uuum;
393 4716 477 4756 unum
491 4700 519 4755 in
534 4700 629 4768 tribus,
650 4707 735 4756 toturn
755 4700 782 4754 in
809 4700 937 4770 singulis,
993 4706 1112 4754 sanctus.
1128 4698 1233 4753 Etenim
1247 4696 1345 4753 dicitur
1357 4697 1391 4753 de
1405 4698 1462 4753 Deo
1486 4700 1572 4766 Patre,
1589 4700 1654 4768 quia
1670 4721 1681 4747 ι
1699 4701 1793 4754 omnia

141 4798 164 4853 si
178 4805 266 4854 ιιιιιειι
285 4806 369 4854 totum
385 4798 421 4853 ibi
436 4807 487 4864 est,
504 4798 550 4852 ubi
570 4812 634 4869 pars
649 4812 704 4852 non
720 4804 771 4864 est,
784 4798 806 4851 si
823 4804 938 4862 tautum,
993 4813 1162 4870 quaecunque
1178 4796 1262 4851 voluit
1276 4795 1436 4865 iecittl'sol.
1452 4798 1540 4865 curri),
1560 4817 1572 4848 ι
1589 4805 1616 4852 ει
1630 4796 1695 4852 dicit
1717 4800 1793 4867 Apo-

142 4893 189 4949 ubi
217 4910 306 4965 neque
334 4894 469 4966 quantitas
495 4909 584 4964 neque
599 4893 712 4965 qualitas
733 4894 827 4948 estln
856 4893 940 4947 tribus
993 4896 1078 4951 stolus
1096 4894 1257 4950 oClrristum
1285 4894 1336 4949 Dei
1353 4895 1482 4949 virtutem
1506 4904 1533 4950 et
1558 4895 1607 4951 Dei
1631 4895 1793 4965 sapientiam

143 4990 233 5046 nullus
243 4991 358 5047 alterum
370 4991 493 5059 includit,
503 4991 596 5046 nullus
611 4991 727 5046 altorum
737 4990 868 5057 excludit,
879 4990 938 5055 sed,
994 4994 1018 5065 (l
1032 4992 1092 5050 Cor.
1109 4993 1127 5061 ι)
1145 5012 1150 5047 :
1170 5016 1180 5039 n
1198 5000 1225 5046 et
1240 4992 1329 5064 quiae
1348 4991 1465 5047 charitas
1489 4993 1539 5048 Dei
1568 4991 1667 5047 diffusa
1695 4998 1739 5048 est
1764 4992 1793 5046 in

143 5088 211 5147 sicut
239 5090 341 5145 dictum
371 5097 422 5157 est,
433 5098 487 5145 tres
509 5097 580 5157 sunt,
597 5098 623 5145 et
649 5105 732 5144 onum
762 5098 849 5144 snut:
871 5104 941 5144 unus
994 5091 1121 5149 cordibus
1136 5092 1234 5146 nostris
1261 5106 1311 5163 per
1335 5092 1469 5163 Spiritum
1492 5101 1625 5160 sunctum,
1656 5093 1794 5162 quidatus

143 5184 227 5252 Deus,
240 5202 294 5241 una
312 5185 431 5243 essentia
454 5186 513 5252 ubi,
525 5187 592 5242 sicut
613 5203 695 5258 supra
714 5186 816 5243 dictum
830 5194 878 5252 est,
891 5187 941 5241 boc
995 5193 1038 5244 est
1056 5187 1134 5243 nobis
1157 5190 1244 5258 (Rom.
1257 5188 1297 5256 v).
1320 5210 1330 5236 ι
1349 5188 1404 5244 Per
1429 5205 1512 5262 quarn
1538 5189 1638 5244 etenim
1653 5190 1794 5245 Trinitatis

145 5290 187 5337 est
200 5296 282 5352 posse
298 5281 370 5351 quod
392 5297 494 5355 sapere
510 5302 517 5344 ς
533 5299 642 5354 sapere,
658 5283 729 5356 quod
751 5285 821 5339 velle
832 5303 839 5348 ;
849 5291 875 5338 ot
889 5284 942 5341 boc
993 5299 1138 5356 personam
1150 5283 1251 5356 aliquid
1266 5284 1300 5339 de
1312 5285 1378 5352 ileo,
1391 5286 1485 5342 sivein
1495 5286 1586 5359 aliquo
1599 5287 1671 5344 Deus
1685 5288 1796 5359 potissi-

144 5385 238 5436 totum
255 5380 326 5451 quod
344 5397 416 5436 osse.
431 5383 500 5449 Nec,
516 5381 586 5439 sicut
599 5383 673 5450 dicit,
690 5391 750 5437 sunt
771 5382 893 5453 apposita
907 5383 941 5437 ub
996 5399 1068 5438 mum
1084 5383 1240 5440 hominibus
1266 5383 1391 5452 innotuit,
1407 5386 1492 5456 ipsam
1508 5387 1534 5441 ia
1549 5403 1584 5442 eo
1599 5385 1659 5457 ipso
1681 5386 1794 5440 adorau-

148 5478 269 5545 homiue,
284 5477 343 5535 sire
357 5493 408 5549 per
429 5479 577 5545 bominem,
594 5479 643 5535 tria
661 5479 721 5537 haec
736 5479 815 5535 trium
829 5479 942 5536 nomina
995 5480 1140 5539 demessa
1159 5479 1288 5536 diviuitas
1314 5482 1504 5548 revelarit;et
1528 5484 1611 5541 bomo
1639 5484 1793 5551 consuerit,

184 5575 240 5644 (29)
255 5571 342 5647 Greg.
353 5574 431 5632 bom.
449 5578 484 5633 ιι
497 5574 526 5632 ιιι
540 5575 648 5646 Erang.
