3728 6000
69 253 124 308 269

614 249 822 306 DISPUTATIO
842 250 928 306 dDV.
951 250 1184 308 ABAELARDUM.

1673 255 1727 310 2Ίο

67 375 150 431 ritum
166 384 291 433 sanctum
307 377 352 448 qni
367 377 448 432 datur
462 376 550 444 nobis,
567 390 621 430 nou
636 374 809 445 perliberum
824 374 968 436 aar-Atel
982 375 1041 443 ipsu
1055 391 1103 445 per
1117 374 1300 443 sendiavcnit,
1332 390 1419 448 quam
1450 374 1523 446 quod
1549 390 1599 430 nos
1621 377 1726 433 docue-

66 465 192 533 hiarium,
210 466 283 535 quod
297 468 387 539 surgit
401 482 438 521 ex
451 466 540 521 nohis.
561 464 651 519 altem
666 462 694 517 in
705 463 872 530 Euchiridio,

68 552 104 608 de
118 553 208 609 libero
222 553 335 609 arbitrio
350 553 428 625 primi
438 553 638 624 hominislcop.
650 552 799 619 ioh—lim:
813 550 875 606 «Sic

70 642 218 712 oportebat
238 642 327 713 primo
347 641 404 697 lieri
419 641 567 708 hominem,
594 648 665 696 utet
686 641 757 696 hene
780 646 876 711 posset

71 730 144 785 velle
157 739 185 786 et
199 730 290 786 male:
312 746 363 786 nec
377 731 471 802 gratis,
487 730 509 784 si
529 730 608 795 hena,
632 744 684 784 nec
705 728 827 798 impune,
851 726 874 781 si

72 818 180 872 male...
197 816 326 886 Quamvis
340 818 397 874 sine
412 817 501 890 gratia
515 833 566 873 nec
579 817 735 872 tuncullum
750 815 875 871 meritum

74 921 137 960 esse
151 906 296 975 potuisset,
309 907 371 978 quia
386 906 435 961 etsi
450 914 590 977 peccatum
601 905 629 959 in
644 904 703 959 solo
717 909 776 958 erat
789 903 876 957 libero

72 994 190 1050 arbitrio
203 994 392 1061 constitutum,
409 1003 568 1051 nontamen
588 994 700 1063 justitian
725 991 876 1047 retinenda

73 1081 228 1139 sufficiehat
241 1083 355 1138 liberum
377 1084 529 1149 arbitrium,
544 1082 594 1137 nisi
608 1081 813 1152 participatione
830 1081 876 1133 in-

73 1171 277 1227 commutabilis
292 1173 357 1226 honi
371 1172 492 1227 divinum
506 1171 668 1239 adjutorium
697 1169 875 1238 praeberetur.

74 1260 152 1316 Sicut
166 1260 239 1316 enirn
255 1262 323 1315 mori
339 1261 420 1316 estin
435 1260 552 1316 hominis
568 1267 708 1328 potestate,
722 1274 782 1313 cum
799 1257 876 1323 velit,

73 1364 156 1404 nemo
171 1349 244 1403 enim
258 1358 301 1405 est
317 1349 373 1421 qui,
390 1357 418 1404 ut
436 1348 502 1404 nihil
523 1349 596 1403 aliud
623 1347 722 1412 dicam,
746 1361 802 1402 non
827 1362 877 1400 ve-

73 1437 189 1504 scendo,
205 1453 259 1493 non
276 1438 362 1508 possit
375 1437 495 1507 seipsum
517 1437 657 1499 occidere;
678 1435 712 1490 ad
734 1435 878 1490 tenendam

74 1541 140 1582 sero
151 1527 237 1583 sitam
254 1529 377 1583 voluntas
387 1543 440 1582 non
457 1526 522 1581 satis
537 1533 587 1591 est,
608 1526 632 1580 si
660 1524 797 1593 adjutoria
825 1522 877 1578 oli-

76 1623 234 1671 mentorum
248 1615 336 1671 desint
348 1631 355 1682 ;
380 1617 419 1672 sic
433 1616 516 1671 homo
530 1614 556 1669 in
573 1613 700 1685 paradiso
717 1612 752 1668 ad
766 1628 796 1667 se
811 1611 879 1668 occi·

928 463 1214 535 runtquiaDomiuo
1235 463 1413 519 didicerunt?
1437 465 1510 517 Num
1540 463 1672 534 sapientia
1700 465 1726 521 ei
1815 534 1819 539 ,

929 552 1090 623 profundior
1099 553 1190 607 ‘lNum
1199 552 1429 608 sensusacutiorl
1440 553 1512 607 Num
1521 552 1576 607 vita
1590 553 1727 610 sanctiori
1819 563 1825 575 ‘

929 641 999 694 Num
1014 640 1307 713 auctoritasgravior‘?
1325 663 1337 692 ι
1354 641 1451 708 Nobis,
1466 663 1477 688 n
1495 641 1544 709 ait,
1557 662 1567 688 ι
1578 656 1633 697 non
1647 641 1727 697 vide-

929 735 984 783 tur.
1006 753 1017 778 n
1031 728 1102 798 Quid
1117 730 1140 784 si
1156 729 1205 800 ipsi
1220 731 1359 801 sapientiae
1372 730 1422 785 Dei
1436 730 1490 786 hoc
1506 729 1595 785 visum
1619 738 1671 799 est,
1703 731 1728 785 si

931 818 1054 888 apostolo
1077 819 1159 874 Paulo
1175 827 1201 874 ct
1215 819 1323 875 ceteris
1346 818 1477 889 apostolis
1491 817 1544 874 hoe
1558 818 1648 875 visum
1663 820 1728 874 est‘t

930 908 998 961 Nam
1012 907 1140 982 inipsum
1156 908 1301 962 Dominum
1316 907 1391 977 quasi
1405 907 1555 973 inuehitur,
1581 924 1613 962 oc
1639 907 1704 963 dicit
1720 926 1727 962 ι

934 1018 944 1044 ιι
962 994 1029 1064 Quae
1043 995 1201 1062 necessitas,
1218 1013 1280 1067 quae
1294 996 1374 1062 ratio,
1390 995 1455 1065 quid
1470 1011 1538 1066 opus
1551 995 1730 1067 fuit,proptar

930 1084 1147 1154 redemptionem
1162 1092 1282 1139 nostram
1299 1085 1394 1139 Filium
1422 1083 1471 1139 Dei
1499 1099 1581 1139 carne
1605 1090 1731 1156 suscepta

931 1180 969 1227 tot
983 1179 1010 1227 et
1021 1172 1230 1238 tantasinedias,
1246 1172 1403 1244 opprobria,
1420 1172 1539 1244 flagella,
1567 1182 1656 1243 sputa,
1673 1180 1700 1229 et
1716 1193 1728 1221 o

931 1261 1090 1332 sicutpaulo
1104 1270 1163 1332 post
1187 1261 1261 1327 dicit,
1288 1261 1388 1318 viderit
1402 1261 1459 1332 ipse
1484 1261 1556 1316 unde
1584 1260 1731 1331 acceperit,

934 1371 945 1397 ι
963 1351 1088 1420 spineam
1102 1364 1236 1405 coronam
1252 1349 1334 1420 capiti
1349 1350 1407 1418 ejus
1421 1366 1508 1421 usque
1524 1349 1559 1405 ad
1585 1349 1731 1406 cerebrum

931 1438 1106 1508 impressam,
1137 1438 1254 1511 denique
1268 1438 1356 1509 ipsam
1382 1438 1470 1494 crucis
1495 1439 1677 1508 asperrimam
1704 1446 1733 1495 et

930 1527 1143 1599 ignominiosam
1156 1534 1272 1583 mortem
1288 1528 1433 1595 sustinere,
1450 1530 1478 1582 et
1491 1542 1553 1582 cum
1568 1527 1669 1600 iniquis
1684 1543 1732 1598 pa·

932 1615 1047 1671 tibulum
1059 1616 1217 1672 sustinere?
1229 1641 1240 1667 ι
1257 1617 1294 1670 Ει
1303 1616 1330 1671 in
1341 1616 1519 1687 Apostolum:
1535 1638 1546 1662 ι
1558 1614 1729 1685 Quomodo„

76 1705 209 1770 dandum,
222 1705 357 1774 justitiam
385 1704 575 1776 relinquendo,
603 1703 717 1758 idoneus
743 1708 801 1757 erat
827 1717 878 1772 per
892 1728 919 1788 B
933 1704 1028 1776 inquit,
1046 1727 1058 1757 ι
1075 1705 1220 1776 Apostolus
1241 1704 1414 1761 reconciliari
1437 1704 1578 1760 hominem
1601 1706 1658 1760 Deo
1686 1721 1734 1777 per

78 1795 270 1851 voluntatem:
288 1802 315 1849 ut
329 1802 418 1849 autem
432 1795 467 1848 ab
481 1809 515 1849 eo
528 1799 665 1848 teneretur
679 1793 740 1846 vitm
765 1789 876 1859 justitia,
937 1801 1052 1849 mortem
1067 1794 1133 1849 dicit
1149 1794 1207 1848 Filii
1221 1794 1271 1848 Dei
1288 1795 1376 1864 (dona.
1392 1795 1430 1863 v),
1446 1793 1492 1866 qui
1507 1799 1581 1849 tanto
1594 1794 1655 1865 plus
1683 1793 1736 1850 ad-

78 1900 177 1955 parum
193 1883 338 1948 eratselle,
353 1883 404 1937 nisi
418 1883 464 1937 illc
478 1883 598 1953 quicum
618 1881 730 1943 iecerat,
760 1879 879 1950 adjuva·
937 1898 1033 1937 versus
1047 1882 1183 1938 hominem
1197 1882 1281 1938 irasci
1296 1883 1399 1950 debuit,
1416 1891 1517 1952 quanto
1545 1882 1664 1952 amplius
1681 1884 1735 1938 ho-

80 1981 166 2029 rct...
186 1972 235 2028 Sic
249 1987 318 2044 ergo
334 1971 468 2026 iactusest
482 1971 565 2026 homo
577 1977 678 2037 rectus,
695 1977 722 2023 ut
737 1977 883 2024 etmanere
936 1970 1025 2025 mines
1039 1970 1068 2024 in
1080 1969 1265 2042 crucifigendo
1281 1970 1376 2025 Filium
1391 1971 1449 2039 ejus
1463 1969 1635 2041 deliquerunt
1652 1986 1735 2043 quam

79 2063 109 2116 in
124 2060 222 2117 eadem
235 2061 342 2132 justitia
356 2068 456 2131 posset,
476 2075 532 2115 non
546 2058 605 2114 sine
620 2057 711 2112 divino
732 2056 882 2126 adjutorio;
937 2057 1732 2131 intransgrediendoejuspraeceptumgustuuniuspomil»

80 2157 109 2206 et
124 2165 174 2207 suo
195 2149 255 2205 tisri
269 2147 551 2221 perversusarhitrio;
568 2156 595 2203 ct
610 2146 768 2202 utrumlibet
782 2147 881 2201 horum
937 2148 972 2202 Et
986 2148 1103 2219 plurima
1116 2149 1144 2201 in
1163 2149 1234 2203 hunc
1247 2147 1371 2203 modum.
1392 2148 1426 2202 Et
1448 2147 1515 2202 huic
1538 2146 1644 2202 homini
1669 2147 1735 2217 quid

80 2239 223 2312 elegisset,
238 2239 291 2294 Dei
303 2238 432 2294 voluntas
445 2236 533 2304 lieret,
548 2235 691 2292 autetiam
706 2235 741 2289 ab
762 2234 820 2302 illo,
838 2240 885 2289 aut
938 2237 1071 2303 dicemus,
1088 2235 1134 2308 qui
1148 2252 1236 2306 neque
1250 2235 1303 2307 ipsi
1319 2235 1406 2291 credit
1416 2234 1541 2302 veritati,
1556 2252 1647 2308 neque
1662 2251 1735 2308 apo·

78 2335 155 2386 recte
169 2328 204 2382 de
219 2327 279 2383 illo.
298 2327 417 2382 Proinde
430 2326 556 2382 voluntas
571 2325 643 2381 lacta
661 2332 701 2380 εει
717 2323 778 2391 Dei,
801 2322 836 2377 de
851 2337 884 2379 eo
937 2325 1024 2391 stolis,
1040 2341 1129 2396 neque
1144 2324 1300 2381 doctoribus
1314 2323 1617 2393 apostoticistP0ssunt
1626 2324 1737 2396 quidem

79 2418 130 2490 qui
144 2432 225 2473 snam
237 2415 333 2471 maluit
346 2415 436 2472 iacere
451 2414 628 2481 voluntatem,
645 2428 724 2482 qnam
742 2411 807 2479 Dei;
820 2426 882 2467 cum
937 2421 1032 2468 contra
1046 2429 1080 2469 ea
1094 2429 1154 2484 quae
1168 2413 1232 2468 dicit
1245 2413 1328 2468 multa
1340 2411 1428 2468 afferri
1452 2428 1486 2468 ex
1510 2412 1658 2484 Scripturis
1686 2429 1737 2470 au·

79 2524 116 2563 ex
129 2505 228 2562 eadem
245 2521 337 2560 massa
351 2504 523 2575 perditionis,
547 2519 611 2575 quae
638 2502 672 2557 de
697 2500 771 2555 illius
799 2501 884 2571 stirpe
938 2501 1074 2568 theuticis,
1088 2502 1116 2556 in
1130 2501 1228 2574 quihus
1242 2501 1416 2572 simplicibus
1431 2499 1493 2555 dliis
1520 2500 1572 2556 Dei
1600 2501 1738 2559 credenti·

79 2595 220 2668 profluxit,
238 2595 304 2650 iacit
317 2609 368 2665 per
383 2594 499 2666 gratiam
518 2591 590 2646 aliud
606 2606 654 2647 vas
680 2589 708 2644 in
737 2589 883 2655 honorem,
938 2589 999 2654 bus,
1008 2589 1192 2660 sperantibus,
1211 2589 1419 2658 amantibus,de
1435 2589 1615 2645 sacramentis
1643 2590 1738 2645 salutis

78 2685 156 2740 aliud
168 2685 197 2739 in
210 2683 401 2739 contumeliam
416 2680 618 2753 perjudicium,
633 2687 662 2734 ut
691 2694 771 2735 nemo
785 2677 885 2752 glorie·
938 2681 1062 2734 humanae
1076 2678 1185 2735 elucent
1198 2678 1356 2734 testimonia
1370 2678 1481 2734 Domini
1504 2676 1604 2744 tidelia,
1627 2678 1739 2750 sapien-

77 2782 123 2829 tur
137 2773 166 2829 iu
178 2772 300 2841 homine,
313 2772 483 2843 acperhoc,
498 2785 549 2826 nec
564 2769 593 2823 in
607 2784 649 2824 se.
671 2788 683 2818 ι
939 2766 1004 2821 tiam
1028 2766 1185 2837 prestantia
1209 2767 1333 2838 parvulis
1351 2784 1358 2831 ;
1379 2765 1490 2836 justitie
1514 2765 1625 2820 Domini
1655 2774 1737 2823 reotae

385 2895 407 2950 C
415 2895 498 2950 ΜΠ
513 2894 562 2949 VH
938 2863 1013 2911 recta
1028 2854 1195 2911 laetificantes
1209 2855 1302 2922 eorda,
1314 2860 1342 2909 et
1360 2853 1463 2924 judicia
1479 2853 1588 2909 Domini
1603 2869 1666 2910 vera
1690 2854 1739 2923 ju-

409 2928 417 2950 ¹
566 2939 570 2949 '
939 2942 1053 2998 stificata
1067 2943 1094 2997 in
1109 2943 1256 3016 semetipsa
1272 2958 1278 2996 z
1294 2941 1353 3010 sed,
1369 2942 1439 2998 sicut
1452 2941 1596 3013 Apostolus
1612 2942 1678 2998 dicit
1704 2943 1740 2999 dc

116 3023 226 3080 Deissdss
240 3020 392 3093 issssfediissl
402 3033 512 3076 imam
527 3033 590 3073 Μ
605 3017 663 3072 ὓθθ
677 3017 761 3071 h⁰¹¹¹0
789 3013 885 3086 inim·
939 3031 1107 3103 sapientibus
1119 3032 1200 3100 hujus
1214 3030 1308 3086 mundi
1323 3031 1348 3103 (i
1362 3030 1424 3087 Cor.
1440 3032 1552 3100 11),haec
1567 3030 1662 3086 omnia
1680 3031 1740 3087 stul·

78 3121 312 3182 ²⁰⁸›flltislfflssffl
326 3108 396 3164 Velle
410 3108 517 3162 Vidssiffl'
540 3105 614 3178 (luOd
642 3105 766 3159 ΟΜΝΗ
801 3100 886 3174 imis
900 3080 925 3144 ss
939 3120 996 3175 titia
1011 3127 1074 3175 sunt
1088 3120 1137 3174 illi.
1148 3119 1271 3192 Denique
1281 3119 1373 3175 videte
1387 3119 1422 3174 ad
1437 3120 1650 3190 expugnandam
1665 3119 1740 3175 reri-

78 3209 208 3257 mortuus
221 3199 266 3255 sit.
280 3195 362 3262 Quod
376 3203 402 3251 et
416 3194 558 3251 scholares
572 3191 632 3262 ejus
643 3191 719 3263 quasi
732 3206 766 3245 ex
779 3197 885 3244 senten·
942 3216 1025 3263 mem
1041 3208 1223 3279 undecunque
1235 3214 1428 3279 congestarum
1443 3221 1572 3278 aggerem
1589 3207 1739 3262 calumnia,

79 3290 121 3345 ¹1³
134 3289 196 3358 01⁰⁸
215 3287 449 3351 suhmffl'mumnh
465 3298 501 3338 ex
533 3279 679 3353 Ps090⁵ffi³
702 3278 885 3348 cluaeslionum
941 3312 1009 3362 rum,
1025 3296 1081 3351 vim
1096 3303 1123 3350 et
1137 3310 1263 3366 saporem
1279 3294 1421 3366 degustate
1432 3293 1600 3365 singularum
1611 3295 1739 3366 quaestio-
1841 3352 1848 3373 Ι

80 3376 231 3435 otlssmssiis
245 3375 377 3442 dicentib
393 3372 417 3427 Si
431 3371 552 3437 studeret·
568 3384 623 3424 ¹¹⁰ss
648 3368 733 3422 fili-⁹²⁵0
755 3380 884 3422 necessa·
940 3401 1005 3439 num
1020 3401 1069 3455 per
1084 3382 1207 3440 ordinem
1223 3381 1456 3453 subsequentium,
1471 3389 1498 3436 ει
1511 3382 1634 3437 sentietis
1642 3382 1676 3438 dc
1684 3399 1740 3455 qua

79 3467 154 3522 rium
170 3465 198 3520 in
220 3463 321 3519 mundo
341 3460 437 3517 Christi
465 3459 622 3514 adventum.
644 3456 718 3512 Sicut
739 3453 812 3510 enim
827 3468 886 3522 prae

78 3552 210 3610 manibus
222 3549 338 3615 habetis,
354 3556 381 3605 et
401 3547 492 3618 legere
520 3543 644 3617 potestis,
665 3542 767 3598 invadit
792 3557 886 3597 sacra-

80 3650 208 3697 mentum
222 3636 376 3695 communis
389 3634 494 3702 salutis,
522 3633 558 3688 do
586 3631 713 3703 passione
740 3634 769 3686 et
796 3637 886 3686 morta

81 3724 201 3791 Christi,
217 3731 244 3779 et
258 3728 387 3792 qnantum
401 3718 502 3789 inipso
516 3725 565 3785 est,
581 3715 728 3772 destruens
752 3722 778 3770 et
793 3712 886 3784 exagi-

80 3823 144 3869 tans
157 3812 235 3877 illud,
251 3809 328 3882 quasi
342 3807 456 3878 dissipat
470 3813 496 3860 et
519 3804 656 3875 discerpit,
672 3811 697 3859 et
720 3801 827 3857 mittens
848 3800 886 3855 il-

82 3901 130 3959 lnd
143 3902 304 3965 inventum,
320 3896 443 3970 gladium
457 3893 539 3965 longe
567 3891 652 3947 nudat
675 3898 737 3962 post
763 3888 839 3945 illud.
856 3887 885 3945 Si

81 3990 179 4047 durius
198 3989 243 4044 hic
269 3986 374 4058 loquor,
389 3983 522 4056 ignoscite
549 3981 572 4035 si
599 3979 694 4036 durius
716 3994 809 4051 gemo,
838 3976 886 4031 ubi

81 4078 197 4153 gmvius
204 4077 297 4131 doleo.
312 4098 322 4121 ·
336 4071 493 4140 Sciendum,
508 4093 519 4119 a
532 4069 578 4136 ait,
594 4090 605 4119 ι
619 4076 668 4134 εει,
677 4067 749 4138 quod
760 4067 885 4121 doctores

80 4167 172 4225 nostri
181 4173 241 4238 post
256 4160 395 4232 apostolos
409 4161 438 4215 in
452 4160 504 4216 hoc
518 4158 693 4225 conveniunt,
705 4154 777 4225 quod
792 4153 885 4209 diaho-

80 4256 129 4313 lns
140 4253 293 4310 dominium
307 4259 333 4305 et
347 4253 505 4321 potestatem
520 4245 636 4301 hahebat
644 4259 728 4315 super
742 4243 882 4308 hominen,

82 4354 113 4402 et
124 4346 185 4416 jure
200 4357 263 4397 curn
277 4337 443 4412 possidebat,
458 4336 521 4391 ideo
536 4333 648 4402 scilicet,
664 4332 737 4402 quod
749 4333 829 4386 homo
852 4345 884 4386 ειι

940 3473 1033 3528 radice
1046 3471 1189 3542 prodeant.
1207 3470 1348 3526 Erubescit
1366 3469 1544 3541 Evangelium
1573 3469 1633 3540 Dei,
1664 3470 1741 3528 viluit

942 3560 1013 3632 apud
1027 3576 1091 3616 eum
1106 3558 1264 3615 Christianae
1276 3556 1339 3614 fidei
1366 3557 1536 3628 simplicitas.
1553 3555 1607 3626 Qui
1634 3559 1738 3615 utinam

940 3649 984 3704 vel
999 3663 1032 3704 ea
1042 3646 1236 3703 benevolentia
1251 3647 1354 3719 legeret
1380 3646 1567 3718 Evangelium
1595 3646 1655 3717 Dei,
1685 3664 1742 3720 qua

941 3739 1077 3793 Platonem
1093 3736 1172 3808 legit.
1193 3736 1332 3792 Platonem
1346 3750 1408 3792 ειιιιι
1427 3734 1505 3805 legit,
1521 3735 1567 3790 uhi
1582 3751 1644 3791 eum
1655 3736 1739 3792 intel-

940 3826 1009 3898 ligit,
1026 3841 1136 3881 sensum
1151 3826 1180 3880 in
1187 3840 1220 3880 eo
1229 3825 1449 3896 philosophicum
1457 3823 1599 3897 magnifice
1608 3825 1741 3897 praedicat

940 3921 968 3970 et
983 3914 1099 3981 extollit,
1120 3914 1166 3968 ubi
1181 3928 1245 3971 vero
1273 3928 1328 3968 non
1355 3913 1492 3985 intelligit,
1518 3912 1562 3969 vel
1588 3914 1739 3969 secundum

939 4002 1061 4073 spiritum
1075 4002 1156 4072 hujus
1172 4002 1264 4056 mundi
1279 4016 1358 4058 secus
1380 4017 1441 4056 eum
1462 4001 1566 4071 aliquid
1580 4002 1671 4058 dicere
1685 4003 1736 4058 de-

940 4091 1091 4161 prehendit,
1104 4091 1133 4145 in
1152 4091 1294 4146 meliorem
1313 4106 1421 4160 semper
1440 4099 1545 4161 partem
1560 4091 1738 4162 interpretari

939 4189 1059 4236 conatur.
1090 4180 1198 4235 Utinam
1222 4188 1247 4232 ει
1275 4179 1303 4232 ιιι
1329 4181 1382 4234 hoc
1410 4178 1562 4233 imitaretur
1586 4179 1735 4249 Platonem,

939 4285 1019 4341 quem
1034 4275 1117 4334 amat,
1137 4267 1210 4337 quod
1232 4267 1278 4323 ille
1299 4283 1361 4324 cum
1383 4267 1417 4321 de
1437 4268 1495 4323 Deo
1519 4268 1586 4339 agit,
1612 4276 1690 4324 caute
1710 4275 1738 4325 et

938 4358 1086 4428 prudenter
1100 4355 1192 4422 edicit,
1209 4355 1281 4426 quod
1302 4355 1362 4426 ipso
1376 4354 1515 4411 revelante
1530 4357 1688 4412 aestimando
1703 4358 1738 4414 dc

81 4434 210 4491 libem
225 4428 329 4484 ”bimi
344 4440 424 4499 qum
435 4423 561 4488 h³h²h⁸²’
577 4429 674 4492 ⁵p⁰¹¹te
689 4419 799 4475 di³b⁰¹⁰
814 4434 882 4474 ‘³⁰¹¹'
899 4433 925 4495 D
940 4454 1063 4501 creatura
1077 4445 1244 4512 Creatorem,
1260 4443 1294 4498 de
1316 4460 1350 4500 eo
1371 4444 1455 4499 sentit
1476 4442 1518 4499 vel
1539 4444 1663 4516 intelligit
1679 4462 1737 4501 ειε-

80 4517 185 4575 sensit.
201 4515 282 4569 diunt
296 4525 414 4582 namque
428 4507 500 4580 quod
517 4508 541 4562 si
555 4505 654 4578 aliquis
672 4504 790 4576 aliquem
808 4503 885 4559 vice·

81 4607 132 4673 rit,
152 4604 241 4660 rictus
257 4603 318 4670 iure
344 4614 440 4653 servus
468 4595 578 4652 victoris
606 4593 787 4649 constituitur.
806 4592 883 4658 ideo,

81 4697 156 4752 sicut
169 4691 263 4748 dicunt
277 4689 412 4753 doctores,
424 4685 474 4740 hac
487 4683 647 4740 necessitate
661 4681 815 4737 incarnatus
844 4685 884 4734 est

83 4791 172 4848 lilius
186 4787 248 4855 Dei,
263 4794 293 4842 ut
305 4786 388 4840 homo
403 4783 447 4854 qui
460 4781 538 4836 aliter
551 4779 663 4835 liberari
686 4794 739 4833 non
767 4779 881 4848 poterat,

80 4904 134 4962 per
147 4894 264 4943 mortem
278 4878 496 4948 innocentisjure
508 4877 672 4931 liberaretur
687 4890 703 4929 a
727 4875 795 4946 jugo
824 4874 883 4928 dis·

81 4984 153 5041 boli.
172 4980 241 5047 Sed,
254 4987 284 5034 ut
293 4977 374 5033 nohis
389 4975 503 5042 videtur,
515 4989 565 5027 nce
581 4971 707 5026 diabolus
721 4986 840 5042 unquam
854 4968 882 5024 in

81 5080 197 5138 homine
211 5074 365 5144 habuitjus
378 5071 498 5144 aliquod,
519 5070 572 5124 nisi
591 5069 658 5123 torte
682 5069 740 5123 Deo
768 5067 882 5138 permit-

81 5188 168 5247 tente,
183 5172 441 5241 sicutcarcerarius‚
457 5168 606 5227 nacFilius
619 5168 679 5237 Dei,
695 5174 724 5221 ut
744 5165 882 5222 hominem

82 5279 222 5344 liberaret,
239 5288 350 5330 carnem
364 5267 548 5340 assumpsit.»
565 5267 599 5322 Ut
612 5264 703 5331 nohis,
718 5263 812 5333 inquit,
842 5263 883 5317 vi·

81 5377 175 5433 deur.
195 5371 295 5429 nehus
308 5384 376 5442 erqo
390 5368 451 5439 ipse
464 5364 566 5436 aliquid
580 5372 681 5421 asseret
694 5362 783 5431 nohis,
800 5376 882 5434 quam

81 5474 111 5531 in
127 5482 294 5545 qnoomnes
306 5466 433 5524 doctores
454 5471 515 5536 post
539 5461 675 5535 apostolos
697 5468 883 5518 convenerunt

81 5581 111 5633 et
125 5565 329 5630 commutanti
355 5563 487 5623 bieliusne
500 5558 605 5635 aliquid
618 5560 645 5616 ei
663 5559 815 5619 revelatum
829 5567 881 5632 est,

938 4541 996 4589 tera
1009 4549 1074 4589 curn
1089 4531 1276 4604 philosophica
1286 4532 1436 4586 reverentia
1447 4531 1581 4602 patienter
1591 4531 1734 4604 ignorans,

938 4622 1109 4692 inquirentes
1133 4620 1215 4674 mittit
1229 4619 1263 4673 ad
1278 4619 1363 4685 ideas,
1376 4635 1444 4690 quas
1456 4635 1514 4674 esse
1529 4620 1594 4675 dicit
1604 4620 1631 4674 in
1643 4630 1735 4680 mente

937 4711 1037 4765 summi
1050 4709 1111 4775 Dei,
1123 4709 1149 4762 in
1166 4708 1263 4779 quibus
1278 4707 1398 4762 omniurn
1413 4723 1503 4761 rerum
1517 4708 1664 4780 originales
1673 4726 1736 4780 spe·

937 4800 996 4855 cies
1017 4806 1044 4854 et
1068 4797 1213 4852 rationales
1237 4810 1333 4851 causas
1356 4795 1421 4850 dicit
1445 4797 1586 4864 contineri,
1603 4797 1665 4868 plus
1680 4799 1735 4855 illis

937 4887 1064 4943 deserens
1092 4901 1171 4958 quam
1199 4884 1293 4939 Petrus
1315 4884 1422 4939 deferre
1448 4884 1513 4939 velit
1540 4885 1590 4951 eis,
1614 4886 1649 4942 ed
1672 4905 1733 4959 qum

937 4984 1036 5038 Paulus
1059 4983 1221 5047 ammittit,
1243 4981 1379 5037 altitudini
1402 4980 1543 5052 sapientiae
1566 4990 1592 5037 et
1613 4982 1735 5042 scicntiae

936 5079 999 5145 Dei,
1025 5085 1051 5132 ct
1072 5078 1396 5149 incomprehensibilibus
1418 5077 1527 5148 judiciis
1549 5078 1618 5148 ejus,
1636 5086 1662 5134 ot
1686 5080 1730 5135 in-

936 5175 1143 5247 vestigabilibus
1158 5175 1209 5230 viis
1224 5175 1287 5244 ejus
1302 5176 1389 5244 (Rom.
1401 5177 1430 5245 ιι)
1444 5190 1451 5243 ;
1469 5175 1561 5229 sensui
1576 5182 1602 5230 et
1616 5175 1732 5231 consilio

936 5275 1005 5344 ejus,
1020 5271 1358 5344 quaeomniaiuscstigare
1372 5280 1399 5328 et
1409 5272 1558 5341 dijudicare
1571 5274 1667 5328 nititur
1686 5291 1735 5345 per

936 5371 991 5429 viru
1012 5371 1141 5425 humanae
1160 5368 1295 5424 rationis?
1323 5368 1414 5424 Credit
1429 5368 1557 5424 Platoni?
1585 5369 1647 5425 Scio
1671 5371 1737 5442 quia

935 5467 1029 5526 credit.
1048 5467 1172 5537 «Qum»
1188 5465 1276 5538 inquit
1294 5467 1406 5534 Platon
1423 5466 1474 5522 fuit
1489 5481 1573 5524 causa
1587 5467 1637 5525 Dei
1652 5485 1735 5525 mun·

937 5558 1001 5614 dum
1011 5555 1148 5615 faciendi?
1174 5556 1286 5615 Bonitas
1294 5572 1352 5613 sua.
1369 5553 1447 5626 Qua,
1460 5555 1523 5631 quia
1538 5555 1636 5627 bonus,
1664 5556 1735 5615 nudi
