3728 6000
57 194 134 251 esan
686 189 868 257 EpisTOLAE
889 189 933 259 ΒΤ
951 191 1169 263 Piliviitiuth.
1705 191 1776 263 than

10 318 39 377 ³!
57 323 198 375 auctores
208 321 387 388 martyrum,
399 315 550 388 principes
561 312 752 373 sacerdotum
765 319 890 383 ;etcum
905 314 929 370 A
946 319 1030 373 etatis
1042 317 1224 390 honorisque
1239 317 1285 373 sui
1298 316 1441 388 dignitate
1456 320 1567 382 careat,
1580 331 1722 389 reamque
1739 331 1770 373 se

10 411 41 455 Ι
57 407 136 464 inter
148 405 307 462 univorsos
317 402 470 477 apostolos
479 403 623 474 peculiari
634 402 768 477 quadam
780 419 890 477 proero·
944 405 1044 463 divino
1052 405 1167 479 judicio
1176 407 1303 464 existere
1317 406 1355 463 de
1368 410 1538 479 perpetrata
1552 405 1709 479 iniquitate
1723 421 1774 463 co·

10 500 41 547 n
58 496 161 566 gativa
171 494 352 568 procellunt,
362 493 576 567 equalitatisin
587 493 661 550 coelo
672 493 889 566 meritisdispa·
944 500 1078 566 gnoscat,
1092 499 1121 552 et
1131 512 1149 553 a
1159 496 1361 553 sacratissimo
1375 510 1499 568 corpore
1514 511 1550 552 ao
1561 495 1709 566 sanguine
1722 494 1773 552 liei

30 594 41 635 v
59 583 178 642 ritatem
189 600 249 640 non
259 584 398 640 sentiunt.
411 583 493 639 Petro
502 582 615 655 abipso
623 582 775 640 Salvatore
784 586 888 639 nostro
943 589 972 641 et
995 586 1110 642 Domini
1128 585 1332 659 Redemptoris
1351 585 1444 642 nostri
1461 587 1529 641 lesu
1548 583 1653 642 Christi
1674 582 1773 641 aliena

10 680 40 723 ΙΙ
61 673 189 731 Domino
208 674 277 729 lesu
299 673 414 731 Christo
433 672 532 729 claves
554 671 637 741 regni
657 670 800 728 culorum
821 675 889 731 sunl
944 673 1005 740 fiat,
1028 680 1118 747 atque
1144 675 1174 730 in
1195 681 1329 732 extremo
1350 674 1488 732 examine
1509 673 1649 730 districtas
1669 672 1772 730 ultioni

10 770 38 815 Ιι
60 763 229 825 commissae
247 760 676 828 ;Pau1usat)eoelectusesl,
693 766 725 817 ut
738 760 776 817 de
792 759 889 819 multi·
943 761 1108 833 subjaceat.
1126 764 1244 820 Cunctis
1258 768 1359 827 aulem
1377 764 1457 821 hanc
1477 767 1611 819 nostram
1631 761 1773 819 constitu·

10 846 37 905 ἦ
60 851 164 909 tudine
175 852 309 922 gentium
322 865 451 921 regnum
462 850 605 908 coelorum
616 849 805 923 implentsua
815 866 889 925 pra·
943 852 1055 908 tionem
1080 851 1178 909 eidem
1207 853 1272 909 loco
1301 852 1487 909 servantibus
1514 853 1551 908 sit
1575 868 1635 923 pax
1652 849 1772 908 Domini

10 952 36 993 ι
60 940 220 998 dicatione.
236 943 337 997 Petrus
353 943 439 1012 petra
457 944 504 997 cst
521 945 549 996 et
562 938 793 997 fundamentum
806 938 887 1006 fidoi,
943 941 1034 999 nostri
1048 941 1119 998 iesu
1131 940 1251 1009 Christi,
1267 946 1415 1021 quatenus
1430 944 1460 1001 et
1472 940 1521 999 hic
1538 939 1668 1003 tractum
1682 939 1771 997 bona

10 1042 35 1095 a
61 1032 91 1086 et
109 1044 147 1086 ne
160 1044 295 1096 ruamus,
310 1027 342 1085 in
366 1027 514 1086 soliditate
533 1044 588 1085 nos
608 1028 696 1085 firma
710 1032 858 1086 sustentat
879 1045 888 1098 ;
944 1029 1070 1087 aetionis
1084 1030 1260 1104 percipiant,
1274 1034 1302 1086 et
1315 1029 1346 1086 in
1358 1028 1496 1086 futurum
1510 1027 1637 1102 praemia
1651 1030 1769 1105 pteram

10 1116 888 1190 :rPaulusneprevenererieorumdogmerevutneremur,
944 1120 1199 1192 pacisinveniant.

10 1226 33 1267 ι
59 1207 250 1265 mortalitatis
268 1209 423 1267 honestate
443 1211 472 1263 et
495 1206 658 1264 invincibili
682 1206 798 1264 ratione
820 1206 889 1264 fidei
979 1213 1084 1276 Amen,
1100 1224 1200 1275 amen,
1225 1222 1325 1265 amen.

10 1316 32 1357 ι
59 1312 116 1353 nos
126 1302 233 1353 armet.
243 1299 355 1366 Petrus,
365 1295 690 1369 principatumtenens,
699 1312 734 1352 ex
744 1298 888 1367 potestate
978 1296 1370 1372 EgoEngeniusCatbolicas
1383 1293 1771 1370 Eccleslmepiscopussub-

10 1407 31 1447 ι
60 1385 133 1456 ligat
145 1391 174 1442 et
187 1386 294 1452 solvil;
308 1385 416 1443 Paulus
428 1384 555 1456 diligens
569 1384 756 1457 praedicator,
766 1400 805 1441 ne
815 1384 889 1458 quid
944 1387 1058 1459 scripsi.

10 1500 29 1537 ι
60 1473 294 1547 reprehensibile
305 1473 350 1530 vel
361 1474 501 1543 ligatione
511 1473 636 1543 dignum
650 1473 679 1529 in
694 1473 783 1530 nobis
794 1488 889 1547 appe·
980 1479 1040 1547 Ego
1056 1475 1210 1533 Conradus
1225 1475 1397 1533 sabinensis
1407 1474 1567 1547 episcopus
1580 1471 1759 1547 subscripsi.

10 1588 29 1629 ῃ
60 1569 133 1631 real,
154 1562 284 1620 mirabili
301 1578 357 1619 nos
376 1563 581 1619 exhortatione
599 1563 768 1636 praemunit.
789 1565 889 1621 Petrus
980 1569 1040 1639 Ego
1055 1569 1181 1623 anarus
1194 1565 1381 1623 Tusculanus
1396 1566 1555 1637 episcopus
1575 1561 1751 1637 subscripsi.

10 1680 28 1717 ι
59 1651 926 1727 firmamentumnostrumestacdomusiortitudinis,et13
979 1659 1039 1726 Ego
1056 1659 1138 1725 tlugo
1153 1653 1295 1711 Ostiensis
1309 1653 1471 1727 episcopus
1486 1651 1660 1725 subscripsi.
1777 1716 1779 1721 ,

10 1772 27 1807 :
60 1742 91 1798 in
106 1742 166 1798 fide
177 1743 242 1813 eius
255 1741 379 1814 plantati
393 1746 421 1798 et
431 1741 555 1799 radicati
568 1757 675 1798 sumus
689 1758 696 1797 :
711 1743 820 1800 Paulus
835 1759 888 1800 vas
977 1748 1037 1815 Ego
1052 1744 1208 1816 Gregorius
1222 1743 1377 1819 presbyter
1391 1741 1552 1799 cardinalis
1568 1741 1644 1799 tituli
1659 1742 1687 1800 S.
1702 1738 1768 1799 cu-

10 1861 20 1899 ·,
61 1830 214 1888 electionis
229 1831 459 1904 praedestinatos
481 1847 499 1888 a
519 1833 578 1888 tien
592 1836 621 1887 et
637 1831 745 1889 electos
760 1832 889 1891 ooelestis
941 1833 999 1891 listi
1018 1834 1195 1906 subscripsi.

10 1978 19 1987 ,
60 1920 137 1977 tube
153 1920 313 1977 sonoritate
329 1919 449 1977 vocavit
466 1936 474 1988 ;
493 1924 589 1994 cipro
607 1919 695 1978 nobis
715 1920 778 1977 sine
797 1921 889 1979 inter·
977 1926 1036 1996 Ego
1049 1923 1146 1981 Guido
1161 1921 1259 1995 presb.
1275 1920 1436 1981 cardinalis
1449 1919 1522 1979 tituli
1538 1921 1566 1978 S.
1582 1917 1768 2001 Chrysogoni

62 2008 888 2080 missioneorans,neatideetveritatedeviemus,apud
942 2013 1118 2086 subscripsi.

61 2100 154 2154 Deum
166 2099 392 2155 interveniendo
402 2115 458 2155 nos
468 2099 606 2172 protegit.
620 2100 692 2155 Cum
702 2099 887 2171 igituriiduo
977 2105 1038 2173 Ego
1051 2101 1206 2157 Hubaldus
1217 2099 1376 2172 presbyter
1390 2098 1551 2157 cardinalis
1563 2097 1640 2156 tituli
1653 2099 1768 2159 Sancta

60 2188 195 2244 maxima
207 2187 368 2245 seminaria
382 2187 431 2244 Dei
448 2186 607 2245 Ecclesiam
617 2187 807 2257 illustrantia,
823 2192 889 2263 pari
940 2191 1082 2248 Praxedis
1096 2189 1271 2261 subscripsi.

60 2282 89 2333 et
103 2276 254 2333 amicabili
274 2276 433 2350 splendore
455 2282 483 2334 et
504 2277 635 2335 iraterno
654 2293 756 2337 amore
770 2280 889 2354 praetul·
976 2284 1036 2351 Ego
1049 2279 1217 2338 henfredus
1228 2278 1386 2352 presbyter
1396 2276 1558 2336 cardinalis
1571 2276 1644 2334 tituli
1652 2277 1779 2355 sancte,

60 2369 160 2436 geant,
173 2366 322 2438 requitatis
335 2371 364 2423 ct
373 2365 496 2438 justitiae
509 2367 669 2439 persuadet
680 2368 806 2436 ratio,nt
819 2385 886 2440 uos,
939 2371 1056 2429 Savina
1075 2369 1250 2442 subscripsi.

59 2455 112 2528 qui
127 2454 195 2511 licet
209 2455 325 2526 indigni
344 2455 449 2513 Christi
466 2457 543 2512 vices
563 2457 593 2513 in
613 2457 696 2513 terris
715 2458 844 2530 agimus,
860 2466 888 2517 et
976 2463 1036 2532 Ego
1051 2460 1203 2516 eribertus
1218 2458 1317 2530 presb.
1335 2457 1450 2515 cardin.
1465 2455 1542 2514 tituli
1563 2457 1678 2517 Sancta
1691 2457 1770 2523 hna-

61 2544 888 2618 inejusdcmapostolorumprincipiscathedreresidcre
940 2549 1037 2607 stasim
1058 2547 1234 2621 subscripsi.

59 2632 274 2704 conspicimur,
281 2633 596 2691 domesticamll.t>etri
606 2635 750 2693 inmitium
760 2642 887 2710 paterno
976 2642 1036 2706 Ego
1051 2637 1207 2695 liuboldus
1222 2635 1323 2710 presb.
1339 2634 1422 2694 card.
1441 2634 1518 2693 tituli
1534 2637 1649 2695 Sancta
1664 2633 1769 2697 Crucis

57 2720 220 2792 diligemus
231 2721 350 2792 affectu,
359 2730 387 2779 et
396 2724 522 2795 pineam
534 2724 708 2795 provisione
720 2724 751 2781 in
763 2726 826 2781 suis
837 2742 887 2784 ne·
940 2729 969 2785 in
986 2726 1150 2785 Jerusalem
1168 2726 1271 2783 subsc.

57 2811 249 2868 cessitatibus
262 2811 454 2884 adjuvemus.
471 2812 562 2884 liujus
577 2813 679 2886 itaque
692 2814 817 2872 rationis
833 2816 885 2873 de·
975 2821 1036 2889 ssgo
1059 2816 1155 2874 Guido
1173 2815 1331 2891 presbyter
1353 2813 1515 2874 cardinalis
1538 2813 1614 2875 tituli
1637 2811 1770 2879 Pastoris

56 2898 120 2957 bito
143 2901 307 2973 provocati,
332 2901 430 2957 dilecti
454 2901 483 2958 in
508 2903 635 2959 Domino
657 2902 721 2973 filii,
746 2910 885 2978 quartem
939 2906 1117 2978 subscripsi.

56 2989 884 3064 partemomniumoblationum,qucedealtariejusdem
974 2999 1035 3067 Ego
1047 2994 1187 3055 astaldus
1206 2993 1307 3069 presb.
1331 2992 1414 3051 card.
1431 2992 1507 3052 tituli
1520 2992 1636 3051 Sancta
1659 2992 1770 3057 eruce

56 3077 86 3132 Β.
99 3078 172 3134 Petri
184 3078 323 3150 apostoli,
334 3085 362 3136 et
376 3085 438 3136 tam
448 3079 486 3136 de
497 3095 577 3149 arca,
590 3096 683 3153 quam
694 3081 732 3138 dc
742 3083 884 3139 omnibus
939 3085 1115 3157 subscripsi.

57 3164 227 3223 ministeriis
246 3168 340 3239 ipsius
362 3168 502 3235 ecclesiae,
523 3176 721 3243 preterquam
738 3171 776 3227 de
793 3171 884 3228 mini·
975 3177 1034 3246 Ego
1047 3172 1198 3230 Gerardus
1216 3170 1316 3244 presb.
1333 3169 1415 3228 card.
1433 3170 1510 3229 tituli
1534 3172 1563 3231 S.
1578 3169 1723 3244 Stephani
1737 3171 1773 3233 in

57 3254 146 3310 sterio
166 3256 196 3310 Β.
219 3257 333 3322 Leonis,
355 3258 546 3329 proveniunt,
563 3258 660 3325 vobis,
679 3275 716 3316 ex
735 3275 884 3317 consensu
939 3262 1028 3320 Coelio
1044 3265 1147 3319 monte
1161 3260 1261 3319 subsc.

54 3341 182 3399 trabum
201 3349 373 3402 nostrorum
392 3346 601 3419 episcoporum
623 3351 653 3403 et
673 3347 883 3418 cardinalium,
975 3354 1035 3422 Ego
1047 3350 1178 3407 loannes
1198 3349 1314 3422 Paparo
1334 3347 1435 3421 presb.
1460 3347 1542 3406 card.
1559 3345 1635 3406 tituli
1648 3347 1679 3409 S.
1695 3347 1771 3419 lau·

56 3431 885 3512 sedisapostolicaeauctoritateconcedimusetprasen-
938 3441 1024 3498 rentii
1033 3441 1063 3496 in
1075 3437 1321 3495 Damasosubsc.

55 3521 884 3595 tisseriptipaginaconilrmamus.llaridelicet,uisam·
974 3532 1035 3601 ligo
1054 3530 1186 3587 loannes
1207 3527 1362 3601 presbyter
1384 3524 1544 3584 cardinalis
1558 3524 1768 3595 tituliSanctc-

55 3626 118 3683 per,
141 3627 211 3668 oum
231 3613 390 3679 volueritis,
411 3614 582 3672 facultatem
602 3615 728 3673 liberam
747 3616 884 3675 babeatis
937 3636 1005 3677 rum
1018 3618 1141 3676 loannis
1154 3621 1184 3674 et
1195 3616 1278 3675 Pauli
1291 3614 1368 3672 tituli
1381 3615 1565 3673 pammachii
1577 3613 1769 3691 subscripsi..

54 3701 194 3756 eamdem
210 3701 392 3759 oblationem
407 3703 437 3759 in
454 3703 556 3760 vestris
576 3705 718 3762 manibus
736 3706 884 3764 retinendi
973 3711 1034 3781 Ego
1049 3708 1169 3767 Gentius
1195 3706 1294 3779 presb·
1319 3705 1401 3763 card.
1428 3705 1505 3763 tituli
1531 3706 1665 3763 Sanctor-
1694 3707 1769 3765 lau·

54 3794 144 3861 atque
157 3791 355 3858 custodiendi,
369 3808 421 3849 seu
440 3792 506 3849 aliis
519 3794 630 3867 quibus
648 3794 800 3851 volueritis
814 3812 882 3853 cum
938 3797 1025 3856 rentii
1040 3798 1069 3855 ln
1090 3797 1200 3855 Lucina
1218 3796 1322 3863 subsc.

54 3884 885 3951 nostroatquenostrorumsuccessorumconsensoven·
975 3890 1035 3957 Ego
1055 3888 1197 3943 henricus
1216 3884 1315 3958 presb.
1332 3883 1414 3941 card.
1429 3881 1505 3940 tituli
1525 3883 1660 3941 Sanctcr.
1683 3884 1767 3947 hersi

54 3966 146 4024 dandi
162 3984 169 4023 :
186 3967 270 4026 salva
280 3971 309 4025 in
326 3970 469 4026 omnibus
486 3971 551 4027 aliis
564 3979 592 4027 et
603 3976 719 4029 relenta
733 3973 763 4029 in
776 3975 885 4031 nostris
938 3981 966 4034 et
981 3974 1102 4033 Achillei
1117 3975 1219 4032 subsc.

53 4071 262 4114 successorum
273 4065 444 4116 nostrorum
455 4060 843 4134 manibustpsiusscetesta
854 4063 885 4121 li·
975 4066 1035 4135 Ego
1055 4062 1141 4121 oddo
1155 4063 1303 4125 diaconus
1318 4060 1400 4118 card.
1423 4061 1452 4117 S.
1470 4059 1586 4133 Georgii
1607 4058 1646 4117 ad
1660 4059 1766 4121 velum

52 4143 126 4201 bara
138 4145 333 4218 dispositione
346 4153 436 4220 atqua
451 4149 600 4207 custodia.
939 4153 1069 4209 Aureum
1084 4151 1186 4209 subsc.

90 4237 149 4291 tloc
163 4240 263 4292 autem
280 4235 348 4293 ideo
365 4236 462 4295 iacere
477 4237 603 4310 dignum
618 4238 770 4308 duximus,
786 4245 819 4297 ut
833 4256 886 4299 vos
975 4244 1033 4315 Ego
1048 4242 1144 4299 (luido
1158 4239 1237 4298 diac.
1252 4239 1333 4297 card.
1354 4240 1470 4297 Sancta
1484 4237 1581 4296 uarie
1599 4237 1630 4295 in
1650 4237 1766 4307 Portica

53 4322 103 4378 die
117 4339 153 4381 ac
167 4330 253 4381 nocte
271 4325 403 4382 studiose
418 4326 448 4382 in
470 4328 519 4383 uei
532 4327 674 4385 laudibus
688 4328 883 4406 desudantes,
940 4330 1040 4387 subsc.

54 4416 116 4469 lam
126 4412 156 4468 in
168 4413 327 4471 missarum
336 4413 544 4480 celebratione,
555 4432 648 4489 quam
656 4418 685 4473 in
693 4419 846 4476 matutinis
857 4426 886 4477 et
898 4393 923 4450 Β
975 4422 1034 4491 ligo
1043 4418 1225 4495 hyacinthus
1234 4419 1312 4477 diac.
1326 4418 1409 4475 card.
1418 4418 1447 4474 S.
1458 4415 1554 4473 hieria
1565 4413 1596 4471 in
1607 4412 1767 4481 cosmedin

54 4499 119 4557 aliis
131 4501 221 4569 horis,
233 4517 287 4571 pro
297 4502 435 4559 vivorum
451 4520 485 4560 ac
497 4504 709 4563 defunctorum
721 4508 828 4575 salute,
842 4515 884 4567 al·
938 4511 1036 4567 subsc.

52 4591 295 4663 tentadiligentia
307 4597 335 4649 et
348 4592 471 4649 honeste
482 4594 690 4660 decantandis,
708 4597 883 4668 praedictam
972 4602 1034 4670 ligo
1046 4601 1177 4657 loannes
1191 4595 1269 4655 diac.
1289 4594 1404 4652 cardin.
1426 4595 1604 4653 Saucmrum
1623 4591 1717 4666 Sergii
1734 4595 1765 4652 el

53 4680 83 4734 Β.
100 4680 174 4736 Petri
189 4679 343 4738 ecelesiam
358 4681 503 4756 obsequio
518 4684 620 4740 debito
633 4686 815 4743 veneremini
830 4703 838 4754 ;
852 4692 883 4745 et
936 4689 1043 4745 Bacchi
1060 4687 1164 4743 subse.
1633 4717 1635 4721 Β

55 4767 105 4824 Dei
116 4768 219 4827 fideles
228 4770 432 4844 apostolorum
444 4771 719 4831 linrinadcvotione
729 4774 830 4833 debita
839 4777 880 4833 vi·
971 4779 1032 4850 Ego
1048 4775 1195 4833 Gerardue
1210 4772 1288 4830 diac.
1309 4769 1391 4829 card.
1409 4772 1525 4829 Sancta
1544 4768 1641 4839 Uaria
1659 4769 1691 4839 in
1709 4768 1764 4839 Via

54 4855 187 4924 citantes,
199 4859 297 4915 locum
309 4861 409 4932 ipsum
420 4861 450 4917 in
462 4861 570 4934 majori
581 4861 740 4923 devotione
749 4880 784 4922 ao
795 4881 881 4925 vene-
937 4868 1006 4923 Lata
1021 4865 1122 4922 subsc.

53 4947 168 5003 ratione
184 4949 453 5020 semperhabcant.
467 4952 658 5008 Decernimus
669 4967 752 5023 ergo,
766 4955 880 5011 utnulli
971 4956 1031 5028 Ego
1043 4955 1106 5012 Odo
1121 4953 1198 5010 diac.
1214 4951 1328 5010 cardin.
1350 4952 1379 5009 S.
1395 4947 1506 5008 Nicolai
1519 4948 1550 5006 in
1565 4950 1688 5015 Cercere
1699 4947 1764 5007 Tul·

53 5035 178 5092 nmnino
187 5036 346 5094 hominum
356 5037 401 5097 iss
414 5040 550 5113 sithujus
561 5047 669 5099 nostras
677 5043 880 5101 concessionis
934 5042 1016 5099 liano
1037 5042 1139 5097 subsc.

52 5124 194 5197 paginam
203 5126 363 5183 temerario
370 5143 446 5184 ausu
455 5128 627 5200 intringere,
639 5131 881 5203 seuquibuslibet
970 5134 1030 5203 Ego
1050 5129 1217 5187 heruardus
1242 5127 1388 5187 diaconus
1405 5123 1566 5183 cardinalis
1583 5125 1764 5184 &uotorum

52 5213 150 5270 modis
167 5215 350 5287 perturbare.
367 5215 394 5273 Si
410 5231 470 5288 qua
485 5217 574 5288 igitur
593 5220 622 5273 in
637 5218 770 5275 tutorum
789 5220 880 5279 eccle·
934 5222 1049 5277 cosmae
1070 5224 1098 5276 ei
1122 5218 1256 5275 Damiani
1277 5217 1362 5289 juxta
1385 5213 1529 5288 tempium
1553 5212 1670 5277 aemuli
1692 5211 1764 5281 snb-

52 5302 171 5359 siastice
179 5302 364 5361 secularisve
375 5305 685 5377 personaidattentare
695 5323 881 5382 prasumpsa·
934 5309 1049 5380 scripsi.

52 5393 100 5460 rit,
116 5393 250 5450 seeundo
261 5393 383 5452 tertiove
397 5394 593 5463 commonita,
604 5395 660 5452 nisi
673 5397 880 5471 praesumptio·
969 5398 1075 5455 [latum
1084 5400 1184 5455 Roma
1195 5395 1277 5469 apud
1288 5397 1430 5453 Sanctum
1440 5394 1559 5451 Petrum
1573 5406 1762 5467 permenam

52 5498 123 5540 nem
140 5498 227 5540 suam
242 5498 377 5557 congrua
391 5483 593 5543 satisfactione
608 5485 776 5553 correxerit,
796 5489 878 5559 pote·
936 5487 1060 5545 Bosonis
1070 5494 1181 5546 macta
1188 5488 1332 5545 Romanae
1340 5483 1473 5551 Ecclesia
1480 5482 1643 5557 scriptoris,
1652 5486 1762 5556 gnum
