3728 6000
83 217 133 273 itt

680 219 913 277 ιιΕὓιΤΑΤιιιΕ
934 222 1144 280 ORdTlONES.

1689 226 1743 284 2ιὶ

83 341 203 412 patinam
228 344 376 400 restitistis
397 343 489 415 (debr.
511 343 572 413 xit).
597 343 709 402 Nullum
743 352 880 416 senectus,
897 348 1013 410 Aerrat
1032 350 1153 417 omniuo,
1175 350 1198 404 si
1223 357 1263 406 est
1287 365 1407 407 secums.
1429 349 1493 404 Non
1515 356 1605 405 autern
1629 347 1735 420 penitus

83 430 190 486 nullum
221 430 361 488 infirmitas
381 441 502 498 excusat,
526 433 614 489 donec
634 435 678 504 qui
699 434 813 501 induxit,
830 435 889 506 ipse

83 519 193 575 educat.
210 521 320 594 Alioqui
334 523 355 576 si
371 523 405 576 sit
416 523 612 593 januaabsque
629 524 748 594 ianitore
757 532 784 579 et
791 530 888 594 patens

83 609 228 671 omuibus,
245 611 309 680 quid
324 620 406 666 restat
422 613 471 667 nisi
487 621 515 666 ut
530 613 600 667 sicut
615 612 741 682 exeundi,
754 615 792 667 sic
807 612 888 668 etiam

85 707 112 753 et
128 698 245 754 intrandi
262 700 296 754 sit
310 717 358 772 par
372 707 398 756 et
412 717 490 773 aequa
506 701 639 757 licentia?

123 788 262 844 dfedulloe.
279 789 348 856 Heu,
365 792 426 857 lieu,
443 791 472 844 iu
494 790 608 845 circuitu
632 789 708 861 impii
730 789 886 851 ambulant;

87 877 240 932 seeundum
257 878 426 934 altitudinem
452 887 524 933 tuam
549 879 776 950 multiplicasti,o
801 880 885 946 Deus,

86 963 160 1020 filios
175 967 328 1022 bominum.
344 967 403 1023 deti
417 969 489 1023 enim
504 968 532 1022 in
556 967 667 1023 circuitu
692 967 801 1036 erroris,
817 981 887 1038 qua-

84 1055 149 1109 dam
164 1055 264 1127 capitis
281 1058 413 1127 vertigine
434 1058 662 1128 obstupescimus,
680 1065 711 1111 ut
728 1057 763 1112 ad
784 1056 886 1113 verita-

87 1143 122 1197 tis
137 1152 259 1199 centrum
276 1153 302 1199 et
320 1145 430 1200 unitatis
446 1152 572 1217 punctum
589 1145 728 1201 immobile
750 1161 804 1200 non
820 1161 886 1216 per-

83 1233 232 1304 tingamus,
249 1234 322 1304 quod
336 1234 431 1290 stabile
447 1251 614 1305 permanens
636 1235 682 1289 dat
700 1238 798 1289 cuneta
822 1249 884 1288 ιιι·

84 1321 158 1376 veri.
177 1322 239 1392 lpse
253 1331 295 1377 est
309 1324 423 1378 Veritas.
438 1325 500 1394 lpse
514 1332 554 1377 est
570 1323 616 1395 qui
640 1322 708 1376 dixit
724 1342 730 1377 :
747 1324 802 1394 Epa
823 1337 887 1376 aem

84 1411 192 1465 ueritus
213 1410 306 1478 (doun.
323 1418 395 1473 arrii.
413 1412 445 1466 Et
462 1429 467 1464 :
484 1412 660 1483 dapnescctia
680 1413 842 1476 ueritatem,
859 1412 888 1464 ιι

83 1500 192 1554 ceritas
207 1500 335 1556 liberabit
351 1517 396 1556 von
418 1501 512 1569 (loun.
528 1504 600 1570 viu).
628 1499 723 1570 Utique
741 1515 756 1553 a
773 1497 887 1554 circuitu

84 1587 196 1642 erroris.
218 1588 399 1643 Consulamus
423 1605 491 1662 ergo
506 1597 627 1644 centrum
651 1587 781 1655 veritatis,
797 1595 887 1641 utrum

939 439 1043 493 alienus
1056 448 1094 494 est
1110 456 1124 493 a
1140 440 1260 504 veritate,
1277 440 1323 512 qui
1335 439 1468 510 judicium
1486 438 1605 493 veritatis
1618 454 1671 494 non
1688 455 1736 493 re-

940 527 1077 584 formidat.
1099 529 1213 600 Propter
1228 530 1299 601 quod
1313 528 1437 582 intraturi
1453 530 1481 582 in
1506 527 1638 596 judicium
1662 526 1737 582 veri-

943 621 1014 686 tatis,
1032 621 1108 674 brevi
1131 626 1157 673 et
1180 617 1254 673 fideli
1277 619 1442 688 compendio
1466 618 1619 671 devitemus
1638 631 1737 671 omnes

941 708 1077 763 arifraetus
1098 708 1198 763 erroris
1221 726 1227 762 .·
1252 716 1277 763 ιι
1301 708 1364 779 (quia
1387 706 1498 762 forsitan
1523 706 1648 760 volumus
1680 720 1735 760 non

942 813 1032 868 posse,
1048 806 1076 851 ut
1090 797 1165 870 quasi
1181 798 1207 851 in
1223 796 1322 866 iudicio
1346 796 1464 851 veritatis
1485 811 1540 850 uon
1563 795 1735 850 inveniamur

942 887 1098 954 mendaces,
1115 887 1261 942 mendaces
1275 901 1328 940 non
1343 884 1519 940 conliteamur
1533 883 1681 940 secundum
1693 883 1737 953 ju-

941 976 1042 1031 dicium
1058 976 1176 1046 proprian
1189 973 1350 1041 voluntatis;
1366 981 1393 1028 et
1412 989 1492 1042 super
1516 975 1567 1028 boe
1588 980 1615 1027 et
1637 970 1736 1027 affectu

942 1074 968 1119 et
989 1074 1053 1120 actu
1076 1072 1198 1136 petentes
1220 1062 1426 1134 indulgentiam,
1447 1060 1596 1130 injudicio
1619 1060 1737 1116 veritatis

942 1154 1030 1227 nvagis
1044 1153 1233 1224 apparebimus
1248 1167 1368 1207 veraces.
1384 1151 1445 1206 Nou
1460 1150 1532 1205 enim
1547 1150 1640 1204 dolose
1656 1149 1736 1204 nobis

941 1243 1076 1315 agendum
1099 1251 1139 1298 est
1158 1241 1185 1296 in
1209 1248 1357 1311 conspeetu
1381 1240 1513 1306 veritatis,
1530 1246 1558 1293 ut
1579 1238 1736 1294 inveniatur

941 1332 1072 1403 iniquitas
1087 1339 1177 1386 nostra
1191 1331 1225 1385 ad
1240 1330 1340 1385 edium.

977 1421 1113 1492 Spiritus.
1132 1418 1272 1474 Assertio.
1290 1420 1323 1473 Et
1336 1418 1394 1474 haee
1418 1433 1484 1472 vere
1506 1425 1545 1471 est
1568 1414 1688 1471 medulla
1709 1420 1736 1471 et

941 1518 1066 1565 centrum
1081 1508 1213 1573 veritatis,
1231 1507 1354 1562 morbum
1370 1522 1424 1562 non
1449 1507 1568 1578 palpare,
1583 1505 1632 1560 sed
1653 1502 1732 1559 exul·

942 1614 1035 1655 cerere
1049 1607 1137 1653 totum
1152 1597 1225 1652 virus
1240 1596 1374 1651 interioris
1387 1595 1522 1665 nequitiae.

82 1676 119 1729 ²¹³
135 1676 198 1747 ἰιιεο
212 1684 239 1731 θι
252 1693 301 1748 ι)οι
314 1677 402 1747 ipsum
418 1679 531 1733 ιιῑιῦῧῑῑιι
545 1677 682 1743 ὓῑιΰιιιῑῦθι
698 1676 725 1731 in
739 1692 793 1749 <1⁰⁰
809 1683 886 1731 ¹⁰²⁸·
900 1712 927 1776 B
977 1689 1089 1743 Anima.
1106 1686 1151 1741 Sic
1172 1694 1220 1741 est.
1237 1686 1314 1741 Sicut
1337 1685 1410 1740 enim
1430 1683 1496 1739 elim
1518 1681 1670 1739 delectabat
1690 1697 1736 1738 me

83 1781 158 1819 mur.
174 1765 295 1837 Legibus
311 1767 420 1838 quidem
435 1767 506 1835 eJus,
520 1767 543 1820 si
560 1765 629 1820 bene
653 1765 760 1819 ducitur
783 1764 813 1818 in
839 1779 886 1817 re-

83 1861 171 1918 ctum,
187 1854 238 1908 sibi
262 1855 417 1917 concurrit;
443 1854 484 1909 sin
507 1861 608 1918 autem¹
624 1868 706 1908 error
725 1851 888 1906 manifestus

84 1948 141 1997 est.
162 1942 375 1998 Considerentur
389 1942 501 1998 affractus
525 1951 551 1997 et
575 1949 660 1997 aetus.
677 1938 795 1995 Affectus
817 1939 888 2012 liga-

85 2037 129 2085 tur
142 2030 170 2085 in
186 2036 279 2088 centro
294 2032 425 2100 veritatis,
443 2041 470 2087 et
485 2031 679 2087 convenienter
693 2029 745 2084 sibi
770 2043 888 2099 respon·

84 2120 162 2174 debit
184 2121 325 2176 exterioris
348 2129 424 2176 aetus
447 2119 596 2175 orbiculata
618 2118 780 2174 rotunditas.
802 2117 885 2172 Totus

84 2209 190 2280 quippe
205 2207 317 2264 affectus
333 2209 446 2264 debetur
460 2210 528 2264 Deo.
548 2208 595 2264 Cui
611 2223 672 2264 curn
699 2205 813 2261 fideliter
836 2205 888 2259 ad·

83 2299 211 2364 lraeretur,
227 2315 333 2371 quaqua
347 2305 449 2353 rotetur
463 2297 580 2353 circulus
601 2294 780 2366 operationis,
797 2307 888 2348 errare

84 2402 144 2441 non
158 2395 279 2456 potesta
298 2397 382 2455 recto,
399 2387 448 2441 sed
473 2387 542 2441 bene
567 2384 619 2439 sibi
643 2383 778 2440 concurrit
795 2402 801 2437 :
816 2391 844 2436 ut
859 2382 888 2437 in

83 2475 161 2531 omni
176 2484 341 2547 partemque
357 2475 520 2546 respondeat
542 2474 575 2528 ad
600 2481 722 2529 centrum
747 2471 881 2526 veritatis.

84 2565 120 2620 Et
133 2572 225 2634 petest
239 2581 299 2619 esse
314 2572 441 2636 punctum
457 2564 515 2618 sine
530 2563 653 2626 circn103
668 2560 783 2616 circulus
793 2568 886 2614 autem

84 2654 247 2709 nullatenus
270 2653 339 2708 bene
360 2653 423 2710 duci
452 2660 542 2723 potest
562 2650 622 2706 sine
648 2659 758 2721 puncto.
783 2646 889 2704 Sufficit

83 2743 160 2798 euim
173 2740 293 2809 alicuine,
310 2742 331 2796 si
346 2757 458 2796 resnou
474 2740 568 2813 exigit,
586 2739 629 2795 vel
651 2736 817 2808 possibilitas
832 2735 883 2790 de·

83 2840 138 2897 est,
155 2839 184 2886 ut
206 2837 367 2886 exerceatur
392 2838 479 2884 actus.
500 2830 566 2884 Cum
590 2827 664 2882 enirn
688 2833 780 2881 actum
805 2823 889 2895 exigit

81 2920 236 2975 necessitas
262 2918 408 2985 charitatis,
436 2919 516 2973 debet
550 2932 623 2980 oum,
650 2914 709 2970 sive
738 2913 804 2979 Deo,
830 2912 887 2968 sive

83 3008 223 3081 proximo,
239 3008 340 3064 veritas
355 3007 512 3075 charitatis3
529 3006 551 3060 si
568 3020 623 3060 nou
641 3003 766 3074 erigitur,
786 3000 887 3054 babere

83 3113 136 3152 nos
149 3096 235 3152 debet
248 3105 374 3152 vacantes
389 3095 442 3150 sibi
464 3096 581 3150 charitas
606 3091 739 3147 veritatis.
759 3090 793 3143 lit
816 3071 927 3145 sicutC

82 3201 194 3257 semper
208 3185 321 3240 debetur
335 3185 393 3240 Deo
408 3192 479 3239 totus
494 3180 615 3248 affectus,
632 3179 672 3234 sic
687 3187 751 3235 tune
766 3177 789 3232 ei
805 3177 887 3232 debe-

84 3282 131 3329 tur
145 3275 228 3329 etiam
243 3282 314 3329 totus
328 3273 448 3327 vacantis
463 3280 553 3326 actus.
575 3270 606 3322 Et
621 3267 668 3322 ubi
683 3283 737 3321 uon
752 3273 886 3336 expostu-

84 3365 124 3417 lat
138 3362 285 3418 necessitas
299 3361 425 3432 proxivui,
442 3360 535 3432 quide
559 3355 657 3412 affeetu
683 3357 723 3412 rel
749 3362 810 3410 actu
833 3353 886 3408 ali-

84 3452 152 3523 quid
167 3451 334 3506 eatrinsecus
349 3466 365 3503 a
382 3451 440 3504 Deo
455 3448 578 3517 dissipat,
594 3444 736 3501 eomutittit
761 3458 819 3497 rem
839 3458 885 3496 sa-

83 3540 201 3612 crilegii.
216 3539 269 3595 Sed
293 3549 318 3594 et
344 3553 532 3610 quemcunque
555 3533 706 3605 expostulet
729 3531 885 3599 necessitas,

83 3646 140 3685 non
156 3629 196 3685 sic
211 3635 336 3699 promptu
350 3627 431 3682 debet
454 3640 514 3681 esse
538 3624 600 3693 ejus
623 3621 759 3685 voluutas,
777 3628 805 3674 ut
830 3635 886 3674 non

83 3718 247 3774 discutiatur
260 3715 435 3788 possibilitas.
450 3713 517 3783 Quae
534 3720 623 3767 utrum
638 3711 721 3766 sitan
737 3724 792 3764 uon
817 3724 884 3764 cen-

83 3815 157 3862 trum
173 3806 293 3860 veritatis
308 3804 336 3858 in
355 3804 468 3860 veritate
491 3799 687 3857 consulendum
712 3805 762 3852 est.
780 3797 808 3852 Si
833 3812 886 3852 non

84 3903 137 3963 est,
153 3904 181 3950 et
195 3894 344 3966 praesumit,
360 3908 414 3948 uon
429 3892 541 3946 iulraeret
555 3897 646 3944 centro
660 3904 666 3950 ;
682 3887 799 3957 ideoque
810 3885 887 3940 orbis

85 3983 234 4040 exterioris
258 3981 453 4053 perlectionem
482 3975 633 4034 confundit.
654 3974 724 4028 Nam
746 3981 817 4041 sunt,
841 3972 887 4042 qui

85 4071 248 4127 stabilitatis
272 4077 370 4140 puncto
394 4082 532 4138 nunquam
557 4071 649 4120 amant
673 4063 815 4128 inhaerere,
839 4061 887 4116 sed

85 4176 197 4230 semper
212 4159 280 4214 foris
291 4157 451 4213 orbiculari.
468 4156 501 4211 lli
516 4161 581 4209 sunt
606 4152 692 4222 impii,
710 4151 755 4221 qui
780 4150 808 4204 in
831 4150 887 4206 eir-

85 4249 162 4305 euitu
184 4247 345 4315 ambulant,
370 4246 397 4300 bi
419 4253 480 4300 suut
495 4243 544 4298 lilii
568 4241 719 4308 bominum,
735 4255 803 4309 quos
825 4253 888 4294 eum

86 4338 203 4393 ιιιιιιιιο
214 4336 377 4407 judiciorum
393 4334 443 4389 Dei
467 4333 495 4388 iu
519 4335 570 4388 ιιοι
593 4331 694 4387 saectdo
717 4328 887 4399 multiplicat,

942 1792 1070 1847 praeesse,
1086 1775 1124 1830 sic
1140 1774 1283 1830 veluntatis
1297 1781 1339 1828 est
1353 1790 1424 1829 nuuc
1439 1774 1563 1840 subesse,
1579 1780 1607 1827 et
1624 1771 1738 1843 propria

942 1865 1065 1920 voluntas
1079 1880 1140 1919 mea
1153 1871 1258 1936 gratam
1272 1862 1339 1917 mihi
1352 1862 1432 1918 efficit
1456 1862 1627 1917 necessitatis
1651 1877 1735 1916 excu-

942 1954 1076 2009 sationem
1091 1971 1097 2016 ;
1112 1960 1138 2007 ιι
1159 1952 1297 2007 attendere
1327 1967 1371 2006 me
1394 1965 1449 2007 ιιι
1468 1951 1597 2021 permittit
1621 1951 1734 2005 fratrum

942 2043 1142 2097 necessitatem.

977 2132 1111 2203 Spiritus.
1135 2130 1223 2195 Licet,
1247 2144 1264 2184 ο
1294 2128 1385 2184 anima
1418 2127 1590 2184 necessitatis
1621 2127 1735 2181 fratrum

943 2220 1034 2291 plena,
1050 2235 1104 2274 ιιι
1119 2219 1187 2274 desit
1202 2217 1371 2288 compassio;
1388 2218 1426 2272 sic
1441 2225 1532 2272 tamen
1556 2223 1585 2270 ut
1599 2215 1676 2283 dieis,
1693 2221 1737 2270 lua

943 2317 983 2364 est
997 2307 1113 2364 affectio.
1130 2307 1194 2363 ldeo
1210 2307 1249 2362 nil
1261 2312 1344 2362 restat
1366 2306 1417 2361 nisi
1438 2304 1576 2361 confessio
1600 2303 1737 2360 bumilita-

942 2399 986 2465 tis,
1001 2407 1027 2453 ιι
1050 2397 1139 2452 omnis
1161 2404 1274 2452 conatus
1298 2396 1418 2462 virtutis,
1439 2403 1468 2450 ut
1491 2393 1739 2467 quomodocunque

943 2485 1102 2542 infructuosi
1117 2493 1144 2542 et
1158 2485 1267 2541 inutiles
1282 2501 1461 2556 appareamus
1476 2482 1597 2539 exterius
1608 2502 1615 2550 ;
1627 2482 1740 2537 interius

943 2591 998 2630 non
1013 2575 1123 2630 omnino
1138 2575 1235 2630 inanes
1249 2574 1422 2629 inveniamur
1436 2581 1463 2629 et
1484 2573 1603 2628 steriles.
1622 2573 1655 2626 Et
1677 2570 1741 2626 licet

942 2663 1029 2719 turbae
1043 2663 1244 2733 opprimentes
1259 2670 1391 2729 nostrum,
1408 2661 1569 2728 totocorde,
1587 2669 1642 2715 tota
1660 2674 1739 2714 men·

943 2758 970 2807 te
984 2752 1132 2807 clamemus
1149 2769 1155 2805 ε
1171 2753 1246 2816 iesu,
1262 2751 1305 2820 fili
1321 2752 1420 2820 dauid,
1437 2752 1572 2807 mirerere
1587 2749 1656 2806 mel.

1205 2857 1400 2913 llliDlTllTlO
1419 2858 1481 2912 Xll.

969 2949 1110 3021 Confessio
1124 2949 1246 3021 pcccati,
1263 2951 1292 3004 ct
1305 2948 1478 3004 desiderium
1492 2945 1609 3002 amendi
1624 2945 1712 3002 Deum

1218 3036 1263 3093 tic
1279 3037 1464 3108 exprimitur.

976 3125 1101 3190 bonnm,
1111 3125 1218 3182 excudi
1225 3128 1381 3182 orationem
1392 3141 1494 3189 arreum,
1501 3125 1618 3180 caribus
1627 3124 1739 3195 percipe

941 3216 1161 3272 obsecrationem
1176 3230 1269 3270 meare
1281 3233 1290 3279 ,·
1304 3215 1336 3268 in
1347 3214 1468 3269 veritate
1479 3215 1530 3268 ιιι
1539 3212 1645 3268 exaudi
1654 3227 1698 3267 me
1708 3213 1740 3267 in

942 3310 991 3359 luc
1002 3305 1121 3375 justitie
1136 3304 1223 3373 (Paul.
1240 3308 1332 3363 cxcvi).
1348 3301 1474 3369 Domine,
1490 3301 1535 3373 qui
1552 3315 1740 3370 propeesom·

943 3393 1022 3448 nibus
1046 3391 1232 3446 invocantibus
1259 3398 1285 3445 te
1308 3391 1335 3443 iu
1359 3389 1482 3456 veritate,
1504 3389 1573 3444 sicut
1596 3388 1737 3459 Scriptura

943 3481 1064 3535 veritatis
1079 3489 1132 3534 tum
1144 3478 1223 3533 nobis
1238 3477 1379 3547 promittit,
1397 3477 1465 3531 sicut
1476 3477 1577 3532 veritas
1591 3482 1630 3530 est
1643 3490 1736 3530 ceram

942 3578 977 3636 te,
994 3568 1156 3623 voluntatem
1182 3566 1248 3621 milri
1271 3581 1333 3621 esse
1353 3565 1498 3622 invocandi
1522 3573 1547 3620 te
1570 3563 1599 3618 in
1622 3562 1735 3619 veritate

940 3657 1040 3721 hodie;
1056 3657 1104 3724 sic,
1119 3672 1135 3710 0
1152 3655 1264 3720 Veritas,
1281 3654 1381 3709 exaudi
1396 3670 1440 3709 me
1455 3654 1482 3708 in
1499 3651 1670 3708 multitudine
1684 3651 1734 3706 mi-

941 3745 1095 3801 sericordiae
1110 3753 1175 3799 tuve.
1193 3745 1262 3798 Nam
1277 3742 1332 3797 vlixi
1346 3759 1433 3808 3uuuc
1453 3741 1526 3812 coepi
1539 3761 1546 3805 ;
1559 3741 1593 3796 sit
1603 3741 1662 3797 baec
1681 3756 1740 3794 mu·

942 3835 1006 3890 tatio
1030 3843 1085 3900 tua,
1105 3848 1122 3888 o
1144 3833 1256 3888 dextera
1279 3831 1394 3887 Excelsi.
1421 3834 1452 3886 ln
1476 3830 1555 3885 malis
1574 3830 1647 3886 enim
1669 3828 1738 3885 meis

941 3922 1086 3995 praeteritis
1100 3929 1126 3976 et
1140 3920 1257 3992 peccatis
1271 3937 1333 3992 ιιι
1354 3936 1453 3992 magna
1477 3927 1549 3985 suut,
1566 3928 1593 3974 et
1611 3919 1740 3975 innume·

942 4012 1047 4078 rabilia,
1064 4010 1202 4080 inquibus
1227 4009 1387 4072 inveteravi,
1405 4009 1493 4064 factus
1515 4024 1575 4063 sum
1599 4007 1739 4064 mihimet-

942 4101 994 4171 ipsi
1010 4101 1070 4155 vilis
1084 4107 1110 4154 et
1124 4098 1284 4170 despectus;
1301 4097 1329 4151 in
1344 4097 1434 4162 bonis,
1451 4097 1473 4151 si
1489 4111 1544 4166 qua
1563 4096 1590 4150 in
1613 4113 1657 4152 rue
1680 4096 1741 4153 visa

942 4197 1004 4244 sunt
1018 4188 1111 4253 fuisse,
1126 4186 1360 4257 scrupulosissime
1380 4187 1438 4257 ipse
1461 4185 1527 4240 mibi
1554 4202 1614 4240 sum
1639 4200 1740 4255 suspe-

943 4288 1013 4333 ctus.
1034 4277 1119 4332 Venio
1133 4275 1216 4348 igitur
1239 4276 1321 4330 bodie
1345 4274 1379 4329 ad
1403 4283 1439 4340 te,
1455 4273 1534 4345 quasi
1556 4283 1662 4329 mortua
1685 4279 1741 4328 tota

946 4367 999 4421 vitu
1015 4366 1162 4438 praeterita,
1177 4365 1205 4418 in
1220 4372 1257 4431 te,
1273 4379 1289 4418 o
1305 4363 1467 4432 principium
1483 4377 1562 4417 uovae
1574 4362 1644 4427 vitae,
1655 4361 1744 4416 facta·

87 4428 134 4483 vel
148 4425 325 4497 multiplicari
344 4424 483 4495 permittit,
500 4421 607 4477 unitatis
632 4427 658 4474 et
682 4418 802 4474 veritatis
826 4416 887 4472 effi·
902 4429 931 4493 D
945 4472 991 4510 rus
1006 4454 1182 4524 principium·
1202 4452 1230 4507 Si
1247 4465 1301 4522 qua
1315 4451 1387 4506 bona
1407 4450 1467 4515 feci,
1484 4459 1529 4504 m
1549 4457 1621 4516 sum,
1637 4448 1686 4503 fibi
1709 4462 1742 4504 ea

86 4517 198 4574 ciuntur
219 4514 335 4570 inimici.
353 4514 402 4567 llie
423 4521 464 4568 est
488 4509 557 4565 finis.
581 4509 609 4565 Si
632 4524 696 4563 vere
721 4514 817 4578 potest,
840 4509 888 4576 qui

87 4606 284 4676 expostulatur,
299 4602 457 4658 inveritate
472 4599 537 4671 ligat
558 4596 694 4665 affectum,
710 4611 761 4651 nee
783 4602 888 4650 recuset

88 4695 230 4750 servitutis
250 4701 350 4750 aetum.
364 4692 393 4746 Si
416 4689 539 4746 consulte
562 4687 659 4742 veritus
682 4682 889 4739 insufficientem

89 4799 150 4840 cum
165 4782 321 4853 respondet,
337 4788 363 4835 et
375 4795 429 4835 non
444 4779 581 4843 idoneum,
597 4782 674 4831 vacet
695 4773 809 4828 interius
833 4780 888 4828 sta·

90 4872 187 4927 bilitati
211 4871 341 4935 veritatis,
365 4885 399 4923 ne
423 4868 542 4921 exterius
570 4863 675 4935 positus
698 4870 726 4917 ιιι
740 4869 810 4929 reta,
824 4862 889 4917 mit·

91 4977 166 5024 tatur
181 4969 207 5022 in
221 4966 398 5039 precipitium
411 4963 523 5020 erroris.
541 4962 642 5017 Tamen
658 4977 739 5031 quem
765 4960 890 5016 consulta

92 5067 196 5121 veritas
210 5063 338 5129 absolvit,
354 5061 377 5117 si
391 5060 584 5134 expostulante
606 5059 766 5114 necessitate
785 5060 889 5131 absque

92 5166 191 5219 umore
206 5177 306 5235 mque
318 5160 352 5216 de
366 5160 543 5232 possibilitate
553 5173 599 5212 sua
607 5157 711 5226 judicat
724 5158 750 5210 in
765 5156 889 5212 favorem

91 5262 209 5333 pmprire
224 5257 382 5325 voluntatis,
398 5272 514 5328 magnus
529 5271 591 5310 enm
606 5254 810 5310 errorinvolvit.
821 5255 890 5309 Nam

92 5360 115 5416 si
129 5358 250 5416 scienter
262 5364 345 5420 errat,
361 5364 387 5411 et
401 5355 427 5409 in
442 5354 595 5424 proximum
611 5368 674 5407 reus
690 5360 731 5406 est
746 5352 890 5425 negligen-

91 5460 148 5526 tiae,
163 5466 191 5513 ιι
201 5457 230 5514 ιι
240 5456 380 5512 raritatem
391 5451 504 5508 fallacia
516 5466 522 5522 ς
536 5451 627 5521 etiam
637 5467 689 5508 nec
699 5460 789 5506 actum
798 5451 890 5520 babet,

91 5571 146 5615 ιιι
157 5553 303 5613 affectam
320 5552 384 5610 Non
397 5559 470 5609 errat
482 5549 563 5620 adeo,
574 5549 596 5607 si
608 5558 677 5606 errat
696 5549 819 5614 nescius3
841 5550 892 5607 sed

942 4544 1094 4614 consigno,
1111 4551 1139 4596 tu
1155 4540 1237 4596 redde
1251 4556 1282 4595 ea
1298 4540 1361 4594 mibi
1383 4541 1412 4593 in
1430 4547 1553 4609 tempore
1577 4536 1742 4607 beneplaciti

944 4634 993 4688 tui.
1010 4633 1079 4686 llala
1094 4648 1156 4702 quse
1171 4630 1254 4702 gessi,
1271 4645 1331 4684 mea
1345 4637 1425 4694 sunt;
1442 4629 1495 4682 beu
1510 4635 1577 4699 quot
1590 4633 1617 4682 et
1640 4633 1741 4697 quanta

942 4730 1013 4788 sunt,
1030 4737 1090 4790 quae
1105 4736 1138 4775 ex
1154 4718 1273 4773 maxima
1288 4717 1330 4771 sui
1343 4726 1445 4787 partca
1460 4715 1592 4770 memoria
1604 4730 1665 4770 mea
1679 4730 1742 4786 per·

943 4812 1031 4865 lerunt
1045 4812 1050 4864 ι
1068 4808 1175 4866 Utinam
1189 4813 1215 4862 et
1230 4822 1246 4860 a
1260 4814 1303 4859 tua
1320 4819 1440 4875 congrua
1455 4818 1488 4859 ea
1503 4803 1592 4859 deleat
1606 4803 1742 4876 poeniten·

943 4901 992 4964 tia,
1009 4915 1070 4970 quae
1085 4912 1135 4968 pro
1149 4896 1190 4951 sui
1203 4897 1315 4950 horrore
1330 4893 1411 4966 longe
1422 4893 1501 4948 aliter
1515 4892 1654 4949 memoriae
1673 4909 1742 4949 meae

944 4988 1027 5043 affixo
1041 4993 1113 5053 sunt,
1129 5000 1210 5056 quam
1227 4991 1255 5038 ut
1269 4999 1301 5038 ea
1315 4983 1427 5039 abolere
1441 4983 1494 5037 ulla
1517 4983 1601 5053 possit
1620 4981 1723 5038 oblivio
1736 4984 1743 5037 ι

944 5077 1063 5146 Quorum
1079 5084 1167 5129 tamea
1191 5073 1233 5127 sic
1255 5071 1300 5127 odi
1323 5071 1493 5136 memoriam,
1509 5079 1537 5126 ut
1559 5087 1633 5142 saepe
1660 5070 1742 5127 velim

944 5165 1074 5224 funditus.
1089 5163 1154 5218 olim
1169 5162 1281 5217 oblitum
1294 5161 1376 5216 fuisse
1386 5161 1487 5216 omnia.
1501 5159 1554 5216 Sed
1563 5168 1600 5227 tu,
1613 5159 1741 5227 Domine,

944 5263 1042 5318 delicta
1054 5259 1204 5329 iuventutis
1219 5273 1287 5314 mese
1308 5273 1343 5314 ne
1367 5258 1539 5324 memineris;
1555 5257 1666 5312 fuerunt
1686 5257 1744 5313 baec

946 5359 1130 5431 primogenita
1144 5357 1261 5426 dipypti,
1278 5371 1342 5428 quaa
1363 5355 1390 5409 in
1409 5355 1525 5426 AEpypto
1547 5354 1702 5425 peremisti;
1718 5361 1746 5411 ιι

946 5473 1006 5529 quae
1028 5456 1083 5513 feci
1106 5456 1133 5509 in
1155 5455 1273 5528 AEgypto
1295 5453 1323 5509 in
1347 5455 1465 5528 AEgypto
1488 5453 1656 5520 dimiseram,
1681 5468 1745 5510 aum

945 5554 1008 5609 inde
1023 5553 1105 5610 exivi.
1121 5554 1215 5624 Longo
1228 5551 1300 5608 enim
1314 5559 1437 5624 tempore
1457 5567 1507 5624 per
1529 5551 1668 5607 desertum
1693 5564 1746 5622 po·
