3728 6000
71 280 127 334 tat
461 273 643 333 COMMENT.
664 279 702 332 IN
720 279 858 335 caNth.
882 280 931 336 EX
952 282 1073 340 VERBIS
1092 285 1121 340 S.
1144 283 1330 342 chauontt.
1669 288 1724 343 tta

75 401 209 462 subditur.
226 402 326 473 absque
342 417 372 457 eo
391 402 463 473 quod
478 403 653 457 intrinsecus
677 404 758 458 lutet.
774 404 916 475 hlagoaA
931 409 1085 476 nomano.
1098 408 1333 477 arr).lni1rmantis
1348 411 1455 465 animus
1474 409 1577 481 perlrni
1590 411 1727 467 desiderat

26 538 29 542 a
77 490 179 562 qnippe
194 497 236 544 cst
249 490 339 562 gloria
353 490 439 560 aperti
455 490 556 559 operis,
570 491 619 546 sed
634 491 716 563 longe
730 491 873 562 incompa-
928 496 986 551 Deo
1007 496 1086 550 simul
1107 505 1133 552 et
1154 498 1276 554 saeculot
1300 499 1399 554 Audiat
1419 500 1492 570 quod
1522 499 1577 554 illic
1596 499 1725 570 scriptum

73 579 168 635 rabilis
182 578 295 634 occultae
314 580 556 634 remunerationis.
574 578 719 635 Pulchrum
734 587 776 634 est
793 596 875 636 omne
928 591 989 639 est:
1007 586 1091 642 Nemo
1111 590 1204 658 potest
1224 587 1330 644 duobus
1350 589 1473 644 dominis
1490 589 1594 644 seruire
1616 587 1726 658 (hatte.

73 669 135 733 hoc,
151 668 226 739 quod
241 667 321 738 quasi
335 667 362 721 in
378 667 439 723 coeli
456 667 556 723 laciem
572 667 663 722 divine
671 668 875 739 dispensatione
927 672 976 741 vr).
993 672 1071 727 illius
1098 689 1154 729 non
1180 674 1216 730 ad
1243 676 1433 731 necessitatem
1459 675 1599 747 stipendii,
1614 675 1663 731 sed
1691 674 1728 731 atl

72 757 210 819 cernitur:
229 755 276 811 sed
299 755 382 827 longe
403 755 469 810 illud
492 763 519 812 et
540 756 791 828 incomparabiliter
811 756 874 828 pul·
928 760 1094 816 voluntalem
1109 762 1237 818 desiderii
1251 779 1377 833 possessa
1398 763 1515 819 retinet?
1532 763 1627 820 Audiat
1651 763 1729 835 quod

72 845 165 901 chrias
179 861 196 900 a
211 844 284 917 quod
298 843 475 900 invisibiliter
488 845 655 915 pervenitur.
927 848 983 905 illic
998 849 1095 905 dicitur
1110 869 1117 905 :
1136 852 1189 920 Qut
1204 868 1262 909 non
1284 855 1497 910 renuntiaverit
1518 853 1649 911 omnihus
1665 869 1728 924 oute

108 934 196 989 Vens.
211 936 239 989 ι.
254 934 357 988 Dentes
374 935 417 988 tui
433 934 508 989 sicut
519 950 590 1005 prex
609 938 755 990 tonsmum
770 950 875 990 ascen·
926 938 1059 1009 possidet,
1075 942 1646 1015 nonpotestmenressediscipntus(luc.
1656 940 1728 1013 xm).

71 1024 202 1078 dentium
210 1023 243 1078 de
252 1023 374 1078 lavucro.
391 1023 564 1093 (92)Sanctae
577 1023 708 1079 Ecclesiae
722 1023 875 1079 dentesao-
928 1023 1044 1094 Quidam
1058 1027 1130 1082 enim
1146 1029 1305 1099 relinquunt
1320 1046 1425 1096 omnia,
1440 1030 1518 1086 multi
1533 1038 1623 1086 autem
1644 1029 1729 1086 etiam

71 1112 189 1183 cipimus
210 1121 319 1166 sanctos
342 1111 545 1181 praedicatores,
561 1111 607 1180 qui
637 1111 876 1183 predicationibus
929 1115 1093 1184 possidendo
1114 1117 1280 1186 renuntiant,
1301 1118 1365 1191 quia
1387 1118 1482 1175 sicud
1503 1134 1581 1174 usum
1602 1133 1728 1190 possessa

72 1199 129 1254 suis
151 1200 321 1271 peccantium
343 1198 471 1253 duritiam
493 1206 637 1254 conterunt
654 1216 660 1253 :
677 1199 724 1270 qui
745 1215 799 1254 non
820 1200 874 1253 im·
929 1203 1057 1270 retinent,
1074 1212 1102 1258 ut
1116 1206 1155 1260 eis
1168 1221 1201 1261 ex
1215 1207 1351 1262 desiderio
1374 1223 1429 1262 non
1451 1206 1640 1264 succumbant.
1656 1207 1729 1262 Tor-

72 1288 172 1343 merito
198 1287 319 1342 detonsis
341 1301 375 1342 ac
395 1287 458 1342 lotis
476 1287 573 1343 oribus
594 1292 798 1358 comparantur,
813 1287 878 1359 quia
930 1307 995 1361 pere
1010 1293 1153 1364 quisquam
1167 1295 1280 1366 appetit,
1296 1302 1324 1350 et
1339 1295 1460 1352 laborem
1482 1296 1574 1351 subire
1595 1311 1646 1365 pro
1667 1297 1729 1352 Do·

73 1376 220 1432 innocuam
247 1376 329 1431 vitam
356 1385 493 1431 sumentes
515 1377 542 1429 in
557 1377 664 1432 lavacro
692 1376 876 1448 baptismatis,
931 1381 1005 1435 mino
1033 1383 1113 1437 etiam
1137 1398 1199 1438 oum
1228 1385 1368 1455 praeralet,
1391 1384 1513 1456 refugit?
1532 1384 1627 1440 Audiat
1656 1383 1731 1454 quod

73 1465 291 1521 conversationis
306 1465 426 1534 pristinae
442 1464 542 1519 vellera
557 1472 659 1520 vetusta
674 1473 837 1536 posuerunt.
931 1468 986 1525 illic
1001 1471 1129 1542 scriptum
1146 1480 1186 1528 est
1202 1490 1209 1525 :
1227 1474 1280 1541 Qui
1295 1489 1407 1530 mecum
1422 1490 1480 1530 non
1494 1475 1603 1544 collicit
1618 1473 1730 1545 disper-

115 1556 200 1609 vans.
216 1556 242 1610 3.
257 1554 336 1609 Sicut
352 1553 646 1610 nittococcineotolrio
662 1558 879 1625 tumultuarent
931 1558 1065 1630 pitane.
1082 1560 1130 1631 ιιι).
1147 1562 1177 1615 la
1191 1561 1262 1617 collo
1277 1577 1344 1633 ergo
1359 1561 1498 1629 Ecclesiae,
1513 1562 1592 1617 idest
1614 1564 1641 1615 ln
1660 1561 1730 1618 sacri
1779 1592 1782 1597 ·
1860 1588 1862 1595 ·

76 1645 221 1714 choatiam
230 1643 410 1699 tuumdulcc.
422 1643 479 1713 (93)
490 1644 561 1699 Vitta
570 1643 658 1699 crines
669 1644 765 1715 capitis
779 1646 878 1700 astrin-
933 1645 1034 1717 eloquii
1055 1649 1258 1718 praedicatione,
1273 1649 1346 1719 quod
1374 1665 1422 1720 pro
1447 1665 1500 1704 sue
1528 1650 1678 1706 munitione
1704 1656 1733 1706 et

76 1733 130 1805 git.
154 1731 228 1801 Quid
249 1741 340 1787 autem
362 1748 413 1802 per
434 1732 533 1795 crines,
551 1732 603 1786 nisi
625 1732 774 1790 defluentes
794 1734 877 1789 animi
891 1761 919 1820 B
934 1734 1083 1803 altitudine,
1109 1737 1175 1791 turri
1199 1738 1288 1792 David
1310 1737 1399 1792 simile
1421 1738 1529 1804 dicitur,
1545 1738 1620 1794 mille
1641 1737 1731 1809 clypei

76 1821 262 1893 cogitationes
284 1819 456 1891 accipimus?
478 1820 563 1875 Labie
585 1836 650 1890 ergo
681 1837 788 1892 sponaae
809 1822 878 1879 sicut
933 1823 1097 1894 dependent,
1112 1826 1179 1897 quie
1194 1832 1258 1895 quot
1273 1825 1328 1882 illio
1341 1835 1478 1898 praecepta
1498 1835 1572 1892 sunt,
1589 1829 1628 1882 tot
1648 1827 1733 1883 etiarn

76 1909 143 1964 vitta
158 1917 234 1974 sunt,
250 1908 311 1980 quia
326 1907 515 1963 exhortatione
530 1918 632 1964 sanctae
652 1909 792 1974 Ecclesiae,
809 1927 878 1966 cun·
932 1913 1050 1982 pectoris
1072 1913 1154 1968 nostri
1181 1914 1361 1969 munitiones.
1385 1916 1424 1968 hd
1453 1914 1612 1969 servandam
1639 1915 1732 1986 itaque

74 2005 127 2054 ctae
154 1998 183 2052 in
210 1997 366 2053 auditorum
393 1997 530 2052 mentibus
558 1997 667 2053 diffusae
700 1999 878 2071 cogitationes
932 2000 1125 2067 innocentiam,
1147 2002 1228 2056 ctiam
1251 2002 1312 2057 laesi
1336 2017 1353 2056 a
1373 2001 1508 2072 proximo,
1532 2002 1682 2073 perdurare
1703 2002 1733 2056 in

73 2087 206 2160 ligantur,
221 2102 256 2142 ne
279 2086 401 2141 remissae
425 2085 556 2152 dillluant,
573 2102 607 2140 no
630 2103 690 2141 sese
713 2103 762 2158 per
784 2087 879 2144 illicita
931 2087 1081 2143 humilitate
1108 2088 1294 2144 festinamus?
1308 2091 1376 2145 Abel
1392 2098 1455 2146 ante
1470 2089 1733 2162 oculosvaniat,qui

74 2182 217 2247 spargant,
232 2190 267 2230 ne
288 2191 393 2244 sparsae
414 2174 506 2230 cordis
528 2175 620 2229 oculos
642 2174 811 2245 deprimunt3
828 2176 878 2231 scd
931 2180 959 2230 et
974 2176 1079 2232 occisus
1093 2192 1110 2232 a
1125 2177 1213 2233 lratre
1228 2178 1364 2243 scribitur,
1380 2185 1407 2234 et
1428 2194 1483 2233 non
1495 2178 1597 2251 legitur
1611 2179 1732 2234 relucta-

75 2264 156 2335 quasi
175 2263 305 2318 adunam
320 2279 349 2318 se
370 2262 549 2318 intentionem
571 2262 711 2334 colligant,
726 2263 790 2317 dum
813 2265 879 2321 vitta
932 2270 986 2318 tus.
1013 2266 1111 2320 blenlis
1132 2265 1265 2321 munditia
1287 2267 1369 2321 etiam
1396 2265 1534 2338 conjugali
1556 2266 1655 2337 copula
1679 2265 1733 2322 eli-

74 2368 123 2408 ens
136 2357 240 2408 sancte
256 2352 458 2423 praedicationis
472 2350 548 2422 ligat.
565 2351 653 2421 Quam
668 2360 742 2408 recte
762 2360 789 2408 et
810 2368 877 2409 coc·
931 2354 1031 2424 gitur‘?
1045 2354 1139 2408 Enoch
1154 2354 1236 2409 debet
1251 2353 1358 2421 imitari,
1375 2354 1425 2426 qui
1444 2361 1470 2410 ct
1485 2355 1513 2410 in
1534 2353 1664 2428 conjugio
1679 2370 1732 2426 po-

74 2442 184 2498 cineam
206 2440 316 2506 asserit,
346 2441 410 2510 quia
439 2445 594 2496 sanctorum
623 2441 781 2512 praedioatio
818 2442 878 2497 solo
932 2440 1241 2499 situsembuleoitcum
1258 2446 1311 2499 lteo
1326 2444 1734 2514 (cenvtnnontnoenteto-

74 2529 213 2587 charitatis
227 2530 324 2585 ardore
337 2529 514 2585 flammescit!
933 2534 991 2598 tur,
1001 2531 1228 2600 puiolronstultt
1238 2532 1323 2588 illum
1339 2532 1411 2589 Deus
1427 2531 1580 2602 (neten).
1595 2532 1735 2604 Praecepta

111 2620 239 2675 Vanal.
254 2619 339 2675 Sicut
356 2619 444 2673 turris
470 2619 556 2674 David
577 2619 685 2675 collum
707 2623 799 2688 tuum,
816 2636 879 2691 pute
933 2617 981 2673 Dei
997 2618 1156 2675 festinamus
1171 2620 1300 2691 praesenti
1325 2619 1734 2691 nosuaeurititetipreponeret
1819 2622 1825 2629 '

73 2709 218 2777 edificata
232 2712 276 2764 ert
288 2723 353 2763 curn
369 2708 590 2779 propupnuculir
605 2710 665 2763 ruis
680 2727 689 2762 :
702 2708 879 2780 milleclypel
932 2707 992 2762 Noe
1006 2715 1068 2762 ante
1083 2708 1177 2764 oculos
1192 2708 1292 2775 veniat,
1309 2708 1365 2780 qui,
1380 2723 1444 2763 cura
1459 2708 1610 2764 domestica
1624 2715 1736 2779 postpo-

73 2795 878 2871 pendentenen,emniaormotnrosor·tinm.(bl)locollo
932 2794 991 2862 sita,
1008 2796 1180 2865 exjussione
1203 2796 1399 2868 omnipotentis
1422 2796 1531 2852 homini
1554 2803 1735 2867 peruentum

73 2894 179 2959 guttur,
195 2885 224 2939 in
247 2891 354 2957 gutture
375 2901 428 2937 ror
450 2892 499 2939 cst.
524 2883 596 2953 Quid
618 2900 685 2955 ergo
705 2900 755 2954 per
778 2884 878 2940 collum
932 2899 1018 2939 annos
1040 2885 1075 2940 nd
1102 2900 1174 2940 erce
1206 2884 1335 2941 lubricam
1365 2885 1432 2941 vixit
1455 2894 1612 2954 occupatus.
1636 2884 1736 2940 Subire

72 2990 198 3045 sponsae,
213 2974 258 3029 cui
274 2971 479 3042 haecasponso
495 2971 629 3036 dicuntur,
646 2972 700 3026 nisi
723 2988 798 3027 sacra
813 2988 878 3027 san·
932 2973 1095 3030 obedientias
1121 2974 1247 3029 virtutem
1277 2973 1411 3028 nitimur‘l
1434 2974 1561 3043 adspicere
1592 2973 1735 3029 Abraham

71 3071 126 3120 ctae
140 3062 276 3119 Ecclesiae
290 3060 399 3130 eloquia
412 3059 614 3131 designantur?
629 3062 658 3115 ln
667 3061 794 3132 quodum
803 3061 876 3115 millo
891 3107 916 3171 C
933 3061 1076 3129 debemus,
1106 3061 1163 3134 qui,
1192 3062 1285 3117 relicta
1313 3062 1406 3127 domo,
1431 3061 1606 3134 cognatione,
1634 3061 1732 3132 patrie,

73 3151 163 3224 clypei
179 3150 341 3221 dependere
356 3148 548 3214 memoraliter,
565 3164 613 3219 per
633 3149 704 3204 hunc
725 3149 877 3219 perlectum
932 3150 1052 3206 obedivit
1077 3150 1153 3206 exire
1181 3151 1209 3204 in
1236 3151 1324 3206 locum
1360 3166 1441 3221 quem
1475 3157 1639 3220 accepturus
1673 3156 1734 3204 erat

72 3255 221 3296 numerum
249 3254 377 3294 numerus
403 3237 588 3293 universitatis
621 3238 783 3303 ostenditur,
814 3238 878 3310 quia
931 3239 960 3293 in
987 3239 1194 3295 hereditatem:
1228 3262 1238 3287 n
1263 3239 1297 3293 Et
1324 3238 1402 3305 exiit,
1431 3239 1558 3294 nesciens
1593 3252 1648 3308 quo
1683 3237 1734 3293 iret

72 3329 206 3384 universa
221 3335 317 3383 nostra
333 3326 447 3382 munitio
461 3326 489 3380 in
505 3341 584 3380 sacro
597 3326 704 3396 eloquio
713 3327 875 3383 continetur.
932 3328 1023 3397 (licor.
1037 3330 1084 3394 ιιι).
1104 3348 1115 3376 r
1133 3327 1185 3392 Qui
1201 3333 1315 3396 paratus
1330 3327 1440 3391 exstitit,
1457 3333 1485 3379 ut
1499 3341 1549 3395 pro
1565 3326 1733 3381 aeternahae·
1836 3378 1842 3387 ,

75 3418 114 3473 lbi
130 3417 234 3490 quippe
246 3425 307 3470 sunt
322 3422 459 3488 praeopta
467 3414 528 3484 Dei,
539 3414 575 3469 ibi
585 3414 711 3484 exempla
719 3415 871 3483 justorum.
930 3414 1044 3469 reditate
1056 3414 1184 3469 dilectum
1200 3430 1281 3484 quem
1296 3421 1436 3484 acceperat
1446 3413 1584 3470 occideret
1594 3413 1731 3469 haeredem

72 3506 103 3561 Si
118 3505 196 3561 enim
213 3512 303 3577 torpet
324 3504 429 3558 animus
450 3517 467 3557 a
490 3502 645 3558 Conditoris
666 3503 708 3557 sui
730 3502 875 3572 desiderio,
930 3503 1032 3574 etquis
1046 3503 1156 3558 unicum
1173 3503 1229 3558 lieo
1244 3500 1342 3558 offerre
1363 3518 1416 3557 non
1442 3502 1559 3567 distulit,
1576 3501 1730 3558 universam

73 3595 169 3650 audiat
184 3593 370 3663 quoddicitur
385 3612 392 3646 :
408 3593 674 3663 Diliperllornt'nunr
683 3591 774 3647 Deum
792 3594 875 3647 tutem
930 3591 1125 3646 multitudinem
1149 3592 1271 3663 gentium
1301 3591 1327 3645 in
1357 3591 1459 3645 semine
1488 3591 1600 3661 accepit.
1623 3591 1729 3646 blorum

72 3679 872 3750 eetetamentotuu‚etertotooirtutemultinubum).
929 3679 1089 3749 simplicitas
1103 3680 1216 3750 placet?
1231 3681 1308 3735 lsaac
1322 3679 1356 3733 ad
1381 3687 1500 3734 mentem
1525 3678 1630 3748 veniat,
1644 3694 1729 3748 quem

71 3774 103 3826 ln
116 3771 213 3826 odium
227 3770 342 3826 tortasse
357 3768 457 3824 labitur
472 3767 612 3839 proximii
623 3768 720 3822 Audiat
743 3767 814 3839 quod
829 3768 874 3823 di·
928 3769 956 3822 iu
976 3767 1170 3838 omnipotentis
1192 3767 1242 3822 Dei
1270 3767 1356 3823 oculis
1384 3767 1446 3822 vitm
1474 3784 1531 3822 suae
1547 3766 1729 3839 tranquillitas

69 3860 147 3916 citur
156 3877 163 3912 :
173 3859 278 3930 Dilipes
286 3858 451 3930 proximum
460 3861 542 3912 tuum
551 3857 626 3912 sicut
639 3857 871 3927 teipsomlibt'd.).
927 3856 1044 3910 ornavit.
1061 3855 1206 3910 Laboriosa
1222 3855 1351 3911 lortitudo
1365 3863 1394 3910 ut
1401 3854 1517 3910 obtineri
1529 3853 1639 3921 debeat,
1649 3870 1727 3926 que-

71 3949 127 4005 aas
141 3947 231 4003 aliene
245 3945 436 4017 concupiscit?
451 3945 548 4000 Audiat
569 3944 640 4014 quod
663 3945 717 4001 illio
739 3945 872 4017 scriptum
928 3943 1153 3998 ritur‘ilacobad
1171 3944 1330 3998 memoriam
1345 3942 1728 4015 deducatur,qui,postquam

71 4044 113 4091 cat
123 4051 130 4090 ε
140 4037 202 4092 Non
218 4038 398 4106 concupisces
411 4050 473 4090 rent
486 4033 613 4105 proximi
629 4036 672 4089 tui
686 4035 788 4103 (Exeat.
808 4034 867 4104 xx).
927 4032 980 4087 scit
993 4030 1212 4087 sortiterservlre
1222 4031 1336 4096 homini,
1348 4031 1450 4085 adeam
1473 4045 1584 4101 quoque
1595 4031 1726 4087 virtulem

70 4126 111 4180 Dc
124 4124 223 4193 injuria
238 4140 299 4194 quae
314 4123 428 4194 proximi
443 4139 492 4177 ore
515 4122 558 4178 rel
583 4121 653 4177 lacto
675 4122 748 4176 illuto
769 4130 820 4189 est,
837 4121 871 4177 ad
925 4120 1073 4190 perductus
1092 4127 1144 4188 est,
1159 4127 1187 4175 ιιι
1202 4134 1256 4174 non
1282 4119 1415 4190 potuisset
1438 4135 1454 4173 a
1481 4119 1600 4175 luctante
1625 4119 1725 4191 angelo

68 4214 141 4268 iram
160 4228 239 4267 mens
257 4213 438 4268 accerulitur?
452 4210 552 4266 Audiat
573 4211 644 4280 quod
666 4210 786 4267 dicitur:
809 4211 870 4266 Non
925 4208 1060 4279 superari.
1077 4208 1215 4262 Conamur
1228 4206 1725 4277 camisiltecebrasvinceretJoseph

66 4299 869 4374 queretultionemnccmemoreriainjuriaeciuiumtuo-
924 4296 1133 4352 admemoriam
1155 4295 1259 4359 redeat,
1277 4295 1322 4366 qni
1343 4295 1445 4350 studuit
1465 4295 1556 4350 cernis
1577 4294 1723 4351 continen-

65 4404 135 4446 rurn
152 4391 251 4459 (lecit.
270 4388 493 4458 ¹11).lncarnis
514 4386 765 4457 concupiscentiam
789 4388 869 4442 malis
924 4384 988 4439 tiam
1005 4385 1085 4439 otiam
1105 4400 1168 4439 cum
1184 4384 1246 4440 ritae
1268 4384 1390 4454 periculo
1409 4383 1559 4440 custodire.
1578 4382 1655 4438 Unde
1675 4383 1720 4439 la-

64 4479 171 4550 agitata
185 4493 263 4532 mens
276 4476 454 4532 ascenditur?
469 4478 509 4531 Ne
525 4484 652 4545 sequatur
671 4476 765 4531 oculus
787 4491 867 4530 men·
882 4462 910 4523 D
924 4481 996 4530 ctum
1012 4479 1053 4528 est
1065 4481 1095 4528 ιιι
1108 4472 1173 4546 quia
1186 4472 1307 4526 membra
1321 4487 1370 4526 sua
1385 4471 1453 4526 benc
1475 4478 1588 4525 noverat
1610 4486 1720 4542 regere,

64 4576 134 4630 tem,
155 4565 245 4621 audiat
267 4566 339 4635 qnod
363 4564 444 4636 paulo
465 4565 591 4636 superius
612 4564 713 4619 dictum
736 4572 777 4619 est
792 4584 798 4618 ι
815 4564 868 4631 ont
922 4561 1048 4634 regendae
1067 4575 1173 4631 quoque
1197 4559 1272 4616 omni
1296 4560 1412 4631 AEgypto
1431 4566 1571 4629 praesset.
1586 4558 1721 4614 Mansueti

63 4654 172 4711 uiderit
185 4654 380 4710 mulieremod
388 4653 642 4725 concupiscendum
651 4654 793 4724 eum,jom
801 4669 869 4709 moe-
922 4665 981 4705 csse
996 4649 1167 4723 quaerimus?
1183 4650 1295 4719 lloysen
1306 4656 1368 4702 ante
1382 4645 1659 4714 oculosdeducamus,
1670 4646 1718 4718 qui

63 4743 169 4800 chelas
182 4746 225 4798 est
240 4758 302 4798 enm
316 4743 348 4797 in
362 4743 443 4798 corde
458 4758 508 4797 suo
523 4740 634 4811 (detto.
646 4741 689 4814 v).
702 4742 803 4797 Contra
814 4742 866 4796 ini·
921 4740 1041 4809 exceptis
1055 4738 1174 4808 parvulis
1188 4745 1214 4791 et
1237 4736 1404 4800 mulieribus,
1419 4740 1551 4790 sexcenta
1561 4733 1650 4789 millia
1671 4750 1717 4789 ar·

63 4841 170 4898 micum
192 4839 306 4895 lorsitan
328 4842 472 4912 quisquam
493 4839 612 4894 animum
642 4856 720 4894 suum
742 4839 866 4896 relaxare
920 4845 1053 4893 matorum
1073 4836 1181 4891 viarum
1204 4849 1315 4907 regens,
1340 4833 1412 4888 mitis
1443 4832 1526 4887 sitisse
1552 4832 1717 4888 describitur

61 4939 185 5010 disponit
200 4937 226 4992 in
241 4937 355 4993 odium‘?
371 4936 469 4993 tudtet
481 4937 553 5007 quod
576 4936 631 4992 illic
652 4936 782 5007 scriptum
798 4943 839 4993 est
856 4953 863 4994 :
919 4951 1002 5006 super
1015 4949 1113 4990 omnes
1127 4933 1261 5001 homines,
1275 4932 1320 5002 qui
1337 4931 1499 4987 habitabant
1512 4945 1593 5001 super
1614 4929 1716 4987 faciem

61 5037 184 5107 Ditipr'te
197 5036 451 5102 inimicosoertros,
464 5034 621 5104 benefacite
632 5034 725 5105 tironi
741 5050 788 5090 nor
804 5033 865 5090 ode·
919 5032 993 5088 orbis
1006 5041 1097 5088 terrae.
1113 5029 1288 5087 llectitudinis
1301 5029 1359 5084 zelo
1374 5034 1470 5084 contra
1493 5025 1561 5082 ricla
1582 5026 1714 5083 accendi-

60 5137 135 5189 runt
151 5131 254 5203 (illd).
270 5131 362 5187 Sedis
378 5131 424 5203 qui
438 5131 528 5186 aliena
540 5130 598 5199 jam
615 5146 667 5186 non
683 5131 764 5201 rapit,
775 5131 865 5186 adhuc
918 5131 1002 5184 mur?
1016 5128 1130 5185 Phinees
1144 5136 1206 5184 ente
1224 5127 1317 5184 oculos
1338 5123 1498 5192 deducatur,
1514 5124 1562 5196 qui
1582 5131 1713 5180 coeuntes

60 5232 179 5288 forsitan
199 5245 251 5286 sua
272 5230 421 5285 inordinate
446 5230 568 5285 retinet‘?
586 5228 681 5285 Audiat
713 5230 786 5300 quod
809 5229 864 5285 illic
918 5225 1010 5299 gladio
1044 5224 1214 5298 transfigens,
1236 5224 1385 5279 castitatem
1408 5221 1509 5294 populo
1533 5219 1661 5289 reddidit,
1687 5227 1714 5276 et

60 5328 182 5385 dicitur:
204 5327 316 5385 Vendite
331 5344 392 5400 oute
402 5327 565 5401 possidetis,
582 5332 610 5382 et
627 5327 692 5382 dote
707 5327 860 5398 eleemosy-
918 5327 987 5380 irum
1002 5324 1051 5380 Dei
1064 5324 1148 5380 iratus
1158 5323 1285 5395 placavit.
1301 5323 1342 5377 De
1368 5337 1416 5393 spc
1439 5320 1635 5391 omnipotentis
1660 5319 1710 5375 Dei

98 5527 157 5597 ιιι)
184 5524 244 5581 bib.
272 5541 357 5581 aaran
384 5524 489 5592 hloral,
518 5541 578 5597 capr.
607 5530 665 5593 233
690 5534 717 5581 et
745 5526 793 5581 lib.
821 5544 862 5596 ιιι,
952 5520 1078 5594 (tatuit.
1095 5539 1115 5578 11
1130 5520 1235 5587 moral..
1250 5534 1311 5593 cap.
1327 5518 1592 5590 27,postmedium.

60 5613 124 5668 cap.
141 5600 187 5653 ¹5.
954 5587 1010 5668 (at)
1023 5594 1124 5651 Hamil.
1140 5609 1177 5650 ur
1192 5594 1221 5648 in
1234 5592 1346 5663 Erech,
1361 5591 1435 5648 circa
1448 5588 1541 5646 finem.

205 5693 338 5758 aanor.
353 5693 508 5760 ccxxx.
1437 5687 1475 5782 rs
