3728 6000
96 222 151 280 ast
600 211 787 273 dalmantii
806 210 951 272 tunsus
970 215 998 273 S.
1018 210 1236 272 rusdodntct
1688 214 1743 274 268

96 342 371 412 nonrideturratio,
387 341 508 415 qnaresi
523 341 689 413 peccaverit,
706 341 845 411 puniatur.
864 338 892 394 Si
907 337 935 398 Α
950 340 1022 396 idern
1054 342 1149 398 doctor
1177 343 1251 409 dicit,
1281 342 1347 398 nibil
1375 360 1456 415 posse
1483 344 1510 400 in
1542 346 1662 411 bomine,
1694 361 1743 399 seu

97 434 173 488 enim
188 448 243 488 non
257 439 351 503 potest
365 447 397 488 ex
413 447 443 487 se
458 430 560 504 aliquid
576 429 665 486 locere
689 429 763 493 boni,
779 436 806 483 et
830 428 892 483 talis
946 430 1060 486 rationis
1088 431 1290 498 discretionem,
1318 448 1367 488 sea
1395 435 1477 489 etiam
1500 434 1626 490 docentis
1667 449 1743 490 com·

97 520 185 578 lactus
200 527 254 589 est,
268 528 298 577 ut
312 520 423 592 pronior
437 516 891 591 sitadmalumqoamadbonum;
945 519 1132 585 monitionem,
1169 520 1216 575 ubi
1252 522 1421 591 praereniens
1440 523 1533 593 gratia
1552 522 1587 577 ad
1624 521 1744 577 liberan-

96 624 189 665 nnnne
217 609 241 665 si
262 613 367 681 peccat,
383 602 892 678 immunisestapeccato‘lNunquid
946 606 1011 661 dum
1049 607 1193 663 arbitrium
1229 624 1284 664 non
1305 610 1444 665 sanaverit
1467 610 1674 668 delectationem
1691 625 1698 680 ;
1715 618 1743 666 et

96 697 171 754 Deus
193 698 240 770 qui
264 698 347 754 talem
373 712 435 753 enm
449 695 523 764 lecit,
540 694 692 751 landandus
720 701 761 749 est
783 693 818 749 dc
846 691 893 746 tali
945 695 993 749 ubi
1029 712 1084 751 non
1103 696 1210 752 dederit
1227 712 1282 752 non
1302 698 1389 753 solum
1410 699 1529 770 volendi,
1550 700 1598 755 sed
1614 707 1640 754 et
1655 697 1741 769 perli-

98 785 246 858 creatione,
262 794 289 842 et
301 802 355 843 non
371 786 461 858 potios
479 784 662 856 culpandus?
679 806 691 832 ι
707 783 740 838 Ει
755 789 818 853 ροει
839 780 892 836 ali·
945 782 1035 840 ciendi
1062 784 1200 841 uirtutem·
1224 787 1282 841 Nec
1310 786 1377 842 sicut
1398 786 1588 855 calumniatur,
1612 788 1652 843 sic
1670 788 1743 844 facta

98 883 210 949 manta,
223 875 266 932 bis
280 875 397 945 similia,
416 874 557 947 subjungit
575 880 602 928 et
615 871 681 928 didit
698 889 705 926 :
720 892 732 923 ι
749 869 802 926 Sed
829 869 893 942 quia
945 879 988 928 est
1001 888 1018 927 a
1031 874 1089 928 Deo
1103 874 1220 929 bumana
1235 882 1330 930 natura
1346 893 1353 938 ;
1370 875 1418 931 sed
1433 875 1459 930 in
1475 876 1527 931 boc
1537 892 1588 948 per
1600 884 1741 948 peccatum

96 965 135 1021 ita
147 980 203 1022 non
217 973 269 1036 est,
288 963 338 1021 sed
360 963 443 1036 longe
458 962 555 1032 aliter;
571 961 719 1019 dicendum
746 966 797 1025 εει,
813 965 892 1031 prout
946 968 986 1015 εει
1013 969 1140 1033 comupta
1167 970 1193 1018 et
1218 962 1337 1034 dejecta,
1361 971 1391 1019 nt
1403 963 1522 1021 hominis
1542 964 1685 1020 arbitrium
1707 965 1742 1019 ad

95 1054 199 1110 raritas
213 1067 244 1109 se
266 1052 360 1108 babet.
381 1051 532 1109 Dicendum
546 1055 588 1107 cst
601 1049 687 1123 igitur
715 1047 789 1120 quod
799 1045 893 1102 ‘borao
946 1050 1051 1105 malurn
1066 1051 1254 1108 tantummodo
1270 1052 1384 1108 liborum
1410 1053 1446 1109 sit
1461 1068 1468 1123 ;
1483 1053 1518 1109 ad
1545 1053 1647 1109 nullum
1675 1069 1742 1110 vcro

95 1157 147 1214 ρει·
160 1142 294 1199 rationem
309 1141 395 1197 allen
408 1139 519 1214 quidem
533 1139 622 1195 datam
646 1136 742 1210 grstia
763 1135 894 1208 apposite
945 1137 1048 1194 bonum
1076 1139 1121 1208 sit,
1150 1140 1204 1195 nisi
1229 1139 1360 1197 liberante
1383 1141 1480 1214 gratia.
1503 1143 1545 1199 lix
1580 1157 1644 1213 quo,
1674 1142 1745 1198 sicut

97 1231 236 1288 cobmrers
251 1237 417 1302 potest;nec
424 1231 499 1285 Deus
509 1227 644 1300 plustacit
652 1225 697 1281 isti
706 1223 892 1298 quisalvatur,
945 1226 1042 1284 beatus
1056 1228 1223 1300 Augustinus
1232 1228 1300 1285 dicit
1313 1230 1379 1300 (st),
1398 1252 1409 1280 r
1423 1230 1508 1286 multa
1526 1230 1590 1288 lacit
1615 1231 1689 1286 Deus
1714 1230 1744 1285 in

97 1313 890 1391 antequamcobaereatgratiae,qnamilliquinonsalvotur.
945 1317 1057 1372 bomine
1071 1316 1152 1385 bona,
1165 1333 1226 1389 quae
1241 1333 1296 1373 non
1320 1319 1383 1375 tacit
1411 1319 1512 1376 bomo:
1528 1326 1556 1375 et
1579 1318 1652 1375 nulla
1680 1318 1743 1375 tacit

97 1408 152 1464 Sed
166 1407 235 1464 siem
249 1407 294 1478 qui
309 1406 415 1479 lapides
429 1405 566 1478 pretiosos
581 1404 693 1476 exponit
720 1400 841 1472 venales,
866 1409 893 1458 et
945 1404 1039 1474 bomo,
1056 1421 1117 1476 quae
1131 1421 1188 1461 non
1202 1405 1286 1462 iaciat
1296 1406 1380 1472 Deus,
1398 1414 1426 1462 ut
1441 1406 1525 1463 iaciat
1553 1407 1648 1465 bomo.
1663 1407 1743 1462 tusto

30 1486 33 1491 ’
97 1494 423 1553 desiderinmridentiom
438 1494 541 1552 excitat
554 1490 894 1555 ademsndnm;similiter
946 1493 1019 1548 enim
1031 1493 1133 1563 judicio
1148 1494 1237 1550 alieno
1252 1510 1348 1551 ornnes
1361 1499 1474 1565 peccato
1490 1503 1620 1562 tenemur,
1650 1509 1741 1566 aquo

98 1584 178 1642 Deus
192 1584 309 1658 gratiam
324 1599 401 1639 suam
415 1582 529 1655 apponit
542 1581 677 1650 omnibns,
693 1579 811 1638 consulit
819 1577 894 1635 Scri·
945 1581 1034 1639 aliena
1052 1582 1078 1636 in
1094 1581 1148 1638 tide
1162 1581 1190 1636 in
1203 1582 1338 1654 baptismo
1346 1582 1495 1638 liberamur
1501 1599 1551 1654 per
1558 1584 1676 1655 gratiam
1685 1583 1745 1639 Sal·

97 1675 197 1745 ptnria,
221 1681 249 1730 et
270 1673 401 1744 exemplis
428 1677 557 1743 provocat
572 1690 579 1739 ;
596 1677 626 1726 ut
637 1669 761 1726 homines
784 1683 835 1738 per
856 1666 892 1722 li·
906 1689 935 1750 B
949 1668 1050 1725 ratoris
1067 1688 1074 1736 ;
1092 1669 1218 1742 quamvis
1231 1670 1260 1725 in
1287 1685 1396 1741 poenarn
1422 1671 1647 1742 peccatimaneat
1675 1686 1743 1727 con·

4 1804 12 1811 .
98 1761 234 1818 bertatem
249 1760 356 1816 arbitrii
371 1775 454 1831 quam
468 1759 579 1828 babent,
608 1760 704 1833 gratita
730 1758 892 1813 cohaereant.
948 1758 1218 1829 cupiscentiacarnis,
1242 1759 1268 1812 in
1284 1775 1337 1831 qua
1351 1758 1519 1814 erudiamur.
1547 1762 1569 1815 Α
1594 1775 1648 1830 que
1660 1774 1743 1815 nemo

98 1848 152 1919 Qui
165 1847 291 1921 prudens
304 1858 358 1918 est,
373 1865 426 1920 per
440 1848 593 1904 libertatem
608 1847 718 1903 arbitrii
728 1845 895 1902 suicobaeret
948 1850 1037 1917 potest
1064 1862 1126 1902 esse
1136 1846 1216 1914 liber,
1233 1847 1285 1901 nisi
1310 1847 1344 1901 ab
1360 1846 1480 1903 indebita
1492 1847 1580 1919 gratia
1594 1846 1741 1902 liberatus:

8 1998 10 2003 ,
97 1937 195 2011 gratiae
212 1952 219 2008 ;
235 1937 314 2011 piger
340 1945 366 1993 et
394 1937 521 2005 carnalis,
555 1936 680 2009 quamvis
707 1950 757 2007 per
779 1934 894 1990 liberum
948 1943 1040 1990 contra
1054 1934 1126 2004 quod
1141 1950 1222 1990 nemo
1237 1943 1397 2001 murmurat,
1413 1936 1466 1990 nisi
1480 1936 1514 1990 ad
1539 1942 1652 1991 mortem
1668 1950 1743 2005 prae-

97 2025 240 2083 arbitrium
265 2026 361 2099 possit,
392 2025 517 2097 negligit,
559 2033 586 2081 et
613 2024 675 2080 ideo
703 2023 850 2095 negligitur
878 2037 896 2077 a
948 2021 1107 2078 destinatos.
1127 2045 1139 2071 ι
1156 2024 1219 2079 lloec
1229 2024 1320 2078 omnia
1330 2039 1390 2095 qoae
1397 2023 1589 2095 praemisimus,
1602 2023 1672 2079 beati
1687 2026 1744 2077 dn-

96 2116 170 2173 Deo.
205 2113 285 2183 Quod
300 2121 391 2170 autem
406 2112 475 2169 sicut
489 2121 612 2169 mortuus
627 2113 742 2167 Lazarus
758 2127 813 2166 non
841 2126 895 2182 po·
948 2111 1054 2182 gustini
1082 2113 1166 2168 verba
1193 2118 1263 2180 sunt,
1279 2127 1314 2168 ex
1325 2111 1395 2168 libro
1410 2112 1450 2168 De
1469 2112 1556 2168 libero
1571 2110 1683 2168 arbitrio
1709 2110 1745 2167 ad

97 2205 150 2261 tait
163 2203 338 2271 reviviscere,
354 2202 407 2257 nisi
427 2202 486 2258 Deo
512 2201 667 2268 suscitante,
694 2200 735 2256 sic
761 2199 797 2254 ad
825 2199 895 2254 bene
949 2199 1117 2255 Bonitacium
1132 2200 1247 2271 Papam.

98 2291 247 2348 rolandum
260 2306 316 2346 non
329 2306 411 2362 posse
426 2304 539 2362 surgere
554 2289 702 2354 bominem,
728 2287 780 2342 nisi
808 2286 896 2360 gratia
985 2288 1053 2343 ltem
1067 2287 1095 2342 in
1111 2287 1179 2344 libro
1195 2289 1338 2360 Despiritu
1347 2298 1374 2346 et
1389 2289 1476 2345 littera
1492 2306 1498 2344 :
1518 2311 1529 2338 o
1536 2288 1603 2356 Illis,
1617 2312 1629 2338 ι
1646 2288 1744 2360 inquit,

97 2378 262 2449 vivificante,
279 2378 377 2434 dicitur
390 2385 436 2434 aot
449 2377 583 2446 creditur,
600 2377 664 2434 ideo
681 2375 830 2432 vivificatio
845 2375 897 2430 ista
953 2396 964 2428 ι
981 2377 1112 2432 acerrime
1127 2392 1162 2433 ac
1176 2378 1416 2434 vehementissimo
1431 2378 1613 2433 resistendum
1641 2385 1680 2434 cst
1695 2377 1747 2448 qui

97 2467 225 2523 tribuitur
239 2467 333 2540 gratiae
348 2483 356 2535 ;
373 2467 437 2539 quis
450 2468 520 2522 ratio
533 2481 586 2537 qua
600 2466 683 2522 homo
707 2465 843 2521 discernit
869 2468 897 2518 et
949 2473 1046 2536 putant
1060 2465 1120 2521 sine
1133 2466 1269 2536 adjutorio
1276 2468 1326 2523 Dei
1340 2483 1389 2538 per
1398 2467 1515 2538 seipsam
1537 2466 1591 2522 rim
1601 2466 1747 2523 voluntatis

96 2555 225 2630 intelligit
239 2572 257 2611 a
270 2555 344 2611 malo
362 2554 550 2611 abstinendum
565 2561 592 2610 et
607 2554 676 2610 benc
690 2553 837 2627 agendum,
855 2560 898 2608 est
951 2555 1077 2610 humana
1090 2554 1134 2610 rel
1145 2554 1277 2624 justitiam
1292 2571 1374 2627 posse
1390 2554 1506 2621 efficere,
1522 2555 1566 2612 vel
1587 2555 1622 2609 ad
1637 2570 1696 2610 earn
1708 2561 1747 2610 ιε-

99 2644 202 2702 alteo.
229 2642 339 2700 litideo
354 2644 408 2701 boo
430 2642 578 2714 inspirante
592 2644 650 2699 Deo
676 2657 759 2715 agere
786 2641 896 2709 dicitur,
951 2642 1068 2698 nendam
1083 2657 1163 2713 posse
1178 2643 1321 2714 prolicere.
1337 2645 1372 2699 Et
1396 2659 1456 2699 cum
1484 2643 1574 2715 urgeri
1598 2643 1745 2714 coeperint,

100 2734 166 2807 quia
179 2733 255 2789 Deus
268 2747 319 2803 per
332 2731 478 2798 rationem,
494 2746 575 2801 quarn
590 2730 665 2787 dedit
691 2729 806 2797 bomini,
821 2729 895 2797 iacit,
950 2749 1005 2805 quo
1031 2731 1112 2788 modo
1140 2732 1168 2786 id
1195 2740 1360 2802 praesumant
1373 2748 1500 2789 asserere
1524 2731 1586 2787 lieri
1613 2733 1673 2787 sine
1695 2747 1747 2802 ope

98 2828 314 2894 aumpeccatum
329 2820 419 2892 ipsum
434 2834 595 2893 agnoscere.
614 2842 625 2869 s
642 2820 706 2875 llaec
726 2819 806 2890 plane
821 2817 897 2874 Pela·
951 2820 1053 2889 divina,
1068 2820 1223 2893 reprimunt
1235 2836 1276 2890 se,
1293 2836 1343 2876 nec
1353 2821 1424 2877 banc
1434 2835 1530 2876 vocem
1549 2820 1650 2876 audent
1666 2820 1746 2875 emit-

98 2908 179 2982 giana
194 2908 370 2965 baeresisest.
394 2908 493 2963 Contra
520 2921 603 2978 qnam
631 2907 741 2980 quantis
763 2906 897 2962 librorum
951 2918 1033 2976 tere;
1050 2908 1301 2980 qnoniamvident,
1318 2908 1447 2979 quamsit
1470 2909 1553 2980 impia
1581 2916 1608 2964 et
1635 2923 1689 2963 non
1713 2907 1749 2962 ie·

98 2996 297 3065 voluminibus,
312 2997 421 3067 quantis
436 2995 593 3052 tractatibus
616 2995 747 3051 aaanctis
773 2994 897 3050 doctori·
952 2998 1045 3053 rende.
1060 2997 1118 3054 Sed
1131 2997 1215 3064 aiunt,
1244 2996 1307 3053 ideo
1333 2998 1384 3052 ista
1409 2997 1468 3053 sine
1500 3012 1552 3068 ope
1580 2997 1674 3052 divina
1693 3012 1749 3052 noo

99 3084 152 3142 bos
166 3085 335 3158 Augustino,
351 3085 529 3155 llierouymo,
552 3082 698 3153 multisque
712 3082 773 3138 aliis
787 3098 896 3155 pugna·
911 3044 1024 3154 &tter-i,
1038 3086 1104 3158 quia
1113 3093 1139 3142 et
1152 3085 1290 3141 hominem
1304 3086 1404 3141 creavit
1415 3087 1490 3141 Deus
1504 3085 1659 3142 cumlibcro
1672 3084 1748 3140 arbi-

98 3181 157 3229 ltlm
172 3181 222 3241 δῖ,
238 3180 267 3229 el
282 3174 419 3244 (1¹¹0m0d0
429 3173 484 3242 1³¹ss
502 3172 570 3228 ⁰lim
599 3170 774 3228 tbssttlefliae
796 3169 899 3225 limini·
952 3174 1003 3231 trio
1018 3173 1174 3240 voluntatis,
1191 3182 1216 3229 et
1231 3173 1469 3244 dandopraecepta
1483 3173 1638 3243 ipsedocct,
1656 3187 1749 3243 quem·

95 3261 149 3318 bus
164 3270 192 3318 et
206 3261 328 3318 bdelium
345 3261 476 3318 cordibus
490 3261 714 3317 anathematizata
739 3265 790 3329 est,
809 3257 901 3314 nemi·
954 3260 1101 3319 admodum
1132 3261 1234 3318 bomini
1261 3263 1297 3316 sit
1317 3262 1466 3318 vivendum
1484 3280 1490 3317 :
1507 3270 1534 3317 ει
1565 3261 1627 3317 ideo
1657 3261 1749 3332 utiquc

99 3366 167 3408 nem
197 3351 316 3407 arbitror
341 3350 471 3422 ignorare
485 3351 531 3422 qui
558 3349 602 3405 rel
624 3348 720 3406 leviter
746 3348 901 3404 divinorum
954 3350 1068 3421 adjurat
1082 3350 1154 3422 qood
1168 3349 1293 3406 docendo
1307 3350 1396 3406 aufert
1414 3350 1606 3423 ignorantiam,
1622 3358 1651 3406 ut
1679 3350 1750 3406 sciat

99 3439 231 3497 librorum
246 3439 408 3506 familiarem
427 3438 552 3494 babuerit
584 3436 738 3493 lectionem.
768 3436 823 3492 Sed
852 3435 902 3507 qui
953 3440 1036 3494 homo
1050 3438 1078 3493 in
1093 3438 1226 3510 operibus
1240 3438 1296 3494 suis
1315 3438 1379 3511 quid
1392 3439 1478 3495 vitare
1497 3438 1599 3509 etquid
1621 3445 1750 3510 appetere

100 3528 153 3585 hoc
167 3527 359 3598 audetdicere,
376 3542 432 3583 non
446 3543 480 3583 ex
500 3541 580 3598 saque
594 3541 652 3581 rern
666 3540 730 3580 curn
745 3523 805 3580 Deo
820 3523 900 3580 ride·
954 3526 1139 3597 debeat;quo
1163 3542 1212 3596 per
1239 3526 1355 3582 liberum
1372 3526 1516 3582 arbitrium
1539 3526 1697 3583 naturaliter
1708 3526 1750 3580 in-

102 3615 293 3673 turdiridere.
313 3617 386 3671 licus
401 3616 484 3683 enim,
499 3615 568 3671 sicut
583 3613 643 3683 ipse
658 3612 733 3679 dicit,
763 3612 902 3667 bominem
955 3616 1037 3670 situm
1051 3614 1124 3670 riam
1138 3615 1352 3670 demonstratam
1366 3615 1533 3689 ingrediens,
1563 3614 1748 3684 continenter,

103 3720 167 3762 eum
180 3703 244 3759 lacit
258 3703 417 3760 rationalem
434 3719 440 3757 :
456 3703 518 3775 ipse
528 3701 600 3774 quod
628 3700 711 3772 longe
724 3698 824 3755 melius
849 3706 901 3767 est,
952 3703 1039 3774 juste,
1050 3710 1077 3759 ει
1090 3704 1135 3774 ρίε
1149 3703 1276 3771 vivendo,
1293 3702 1328 3759 ad
1343 3703 1461 3772 beatam,
1477 3702 1749 3776 eamdemqueaeter-

103 3791 280 3862 semetipsum
295 3789 376 3847 elficit
390 3790 539 3846 secundum
553 3789 688 3845 rationem
703 3787 841 3843 virentem
857 3786 902 3845 vel
955 3805 1018 3845 nam
1036 3789 1130 3857 vitam,
1153 3791 1297 3861 pervenire
1312 3795 1459 3847 mereatur.
1478 3792 1535 3847 Nos
1562 3795 1653 3847 nutem
1681 3789 1752 3846 dici·

107 3887 247 3953 agentem.
264 3877 365 3935 Contra
384 3878 459 3949 qood
473 3877 606 3934 Dominus
633 3874 721 3932 dicit:
739 3897 751 3924 s
769 3875 833 3932 Sine
857 3891 902 3931 me
955 3894 1026 3947 mna,
1041 3879 1188 3937 humanam
1200 3878 1366 3936 voluntatem
1380 3879 1419 3935 sic
1430 3878 1562 3935 divinitus
1575 3878 1699 3948 adjurari
1714 3877 1753 3933 ad

104 3968 174 4025 nibil
188 3967 303 4039 potestis
318 3966 410 4023 lacera
424 3967 518 4038 (dcun.
535 3965 595 4036 xv).
615 3987 627 4015 s
644 3963 815 4035 Augustinus
830 3965 902 4033 (³3):
955 3965 1110 4021 faciendam
1122 3966 1268 4035 justitiam,
1283 3974 1312 4022 ut
1327 3974 1523 4039 preterquam
1546 3966 1621 4038 qnod
1645 3973 1753 4021 creatus

108 4079 120 4105 ι
137 4054 190 4125 Qui
204 4055 281 4111 nibil
295 4054 371 4126 dixit,
388 4055 457 4110 nibil
467 4054 585 4125 excepit.
603 4074 615 4102 r
633 4054 667 4108 Et
675 4051 792 4107 Paulus:
807 4052 903 4107 «Deus
956 4061 996 4110 εει
1019 4053 1176 4110 homocum
1195 4054 1281 4110 libero
1295 4054 1440 4111 voluntatis
1462 4054 1584 4119 arbitrio,
1601 4057 1629 4110 el
1656 4061 1753 4125 prater

106 4150 149 4200 est
162 4142 209 4216 qui
222 4149 349 4214 operatur
370 4144 399 4197 in
413 4142 492 4199 robis
506 4149 533 4198 et
553 4141 623 4197 relle
636 4150 663 4196 ct
689 4140 827 4212 perlicere,
855 4155 904 4211 pro
956 4141 1117 4209 doctrinam,
1136 4157 1191 4214 qua
1205 4142 1229 4199 ei
1244 4141 1401 4214 praecipitor
1416 4132 1645 4214 quemadmodum
1659 4141 1753 4198 virere

105 4227 177 4284 bona
201 4228 339 4284 voluntate
363 4229 496 4300 (Philipp.
525 4230 567 4298 ιι).
603 4249 614 4276 ι
656 4226 738 4296 Cujus
766 4226 839 4281 enim
862 4232 904 4281 est
956 4228 1065 4296 debeat,
1082 4229 1198 4301 accipiat
1212 4230 1340 4301 Spiritum
1355 4237 1490 4300 sanctum,
1521 4244 1575 4302 quo
1602 4227 1651 4284 fiat
1666 4230 1695 4283 in
1719 4244 1752 4284 eo

105 4315 237 4374 rationem
251 4316 328 4385 dare,
356 4317 443 4387 ipsius
466 4323 507 4371 est
533 4316 625 4370 datam
648 4313 813 4370 illuminare.
843 4314 902 4371 Va·
955 4316 1099 4373 delectatio
1122 4317 1286 4390 dilectioque
1313 4317 1413 4373 summi
1436 4318 1507 4373 illius
1534 4325 1615 4390 atque
1643 4318 1753 4372 incom-

105 4404 227 4462 nissimaa
241 4405 338 4461 mentis
353 4412 404 4474 est,
421 4411 448 4459 ει
461 4403 576 4459 nimium
593 4403 730 4475 elongatoe
745 4418 762 4458 a
776 4403 834 4459 Deo
849 4412 903 4458 ten·
916 4391 945 4455 D
959 4404 1094 4462 mutabilis
1108 4407 1183 4474 boni,
1192 4406 1264 4478 quod
1275 4406 1348 4461 licus
1356 4413 1407 4473 est,
1418 4406 1500 4462 etiarn
1510 4421 1581 4461 nunc
1589 4421 1651 4461 cum
1660 4421 1710 4476 per
1723 4404 1755 4459 fi-

107 4493 178 4550 tatio
192 4494 242 4548 ista
260 4511 268 4561 ς
284 4494 462 4565 superborum
489 4498 580 4547 mente
591 4491 681 4548 cordis
710 4491 751 4546 sui
783 4499 825 4547 est
851 4491 904 4546 ista
958 4493 1754 4566 demambulatur,nondumperspectam,utbaesibiarrba

106 4581 296 4654 presumptio.
312 4603 323 4628 α
336 4582 525 4652 Nequaquam,
535 4601 546 4628 ι
555 4578 656 4650 inquit,
667 4579 747 4649 «plus
757 4578 905 4634 lacitlieus
957 4583 1022 4639 data
1033 4583 1142 4655 gratuiti
1154 4583 1285 4648 muneris,
1299 4583 1456 4639 inardescat
1468 4582 1600 4639 inbaerrre
1620 4581 1753 4647 Creatori,

107 4670 133 4725 ei
145 4669 191 4742 qui
200 4667 712 4739 salvaturabeoquinonsalraturante
721 4667 905 4723 cohaesionem
957 4679 1039 4744 atque
1074 4670 1257 4727 inflammetur
1283 4670 1415 4728 accedere
1445 4670 1481 4726 ad
1517 4670 1755 4741 participationem

107 4758 215 4830 gratiae.
233 4781 245 4807 ι
957 4759 1017 4814 veri
1031 4758 1103 4814 illins
1117 4758 1238 4827 luminis,
1253 4767 1282 4813 nt
1293 4774 1328 4817 ex
1339 4758 1385 4815 illo
1401 4758 1427 4814 ei
1441 4760 1512 4816 bene
1525 4759 1568 4827 sit,
1578 4774 1594 4814 a
1603 4757 1755 4829 qoohabct

142 4852 215 4922 Quid
228 4868 296 4925 ergo
306 4854 364 4925 agit
382 4851 607 4924 praedestinatio?
622 4848 693 4919 Quid
703 4849 827 4909 vocatioi
841 4852 904 4907 Au·
957 4847 1045 4903 nteit.
1060 4847 1130 4901 Nam
1144 4863 1234 4919 neque
1247 4848 1369 4903 liberum
1384 4848 1524 4903 arbitrium
1539 4847 1688 4920 quidquam
1702 4845 1756 4901 nisi

106 4949 231 5021 gostinus
247 4962 254 5003 :
274 4970 285 4998 ι
301 4949 364 5004 Non
376 4955 463 5019 potest
478 4949 559 5004 bomo
587 4949 655 5004 bene
680 4948 760 5015 velle,
788 4946 843 5004 nisi
867 4948 904 5003 ab
956 4943 992 5000 ad
1005 4945 1173 5016 peccandum
1186 4944 1268 5013 valet,
1297 4945 1322 5000 si
1336 4945 1418 5000 lateat
1446 4945 1492 5001 ria
1505 4944 1636 5014 veritatis,
1650 4950 1678 5000 et
1692 4958 1755 4998 cnm

106 5062 141 5103 eo
160 5045 206 5118 qui
220 5061 273 5102 non
288 5053 377 5116 potest
390 5046 462 5100 male
477 5045 557 5104 velle.
576 5068 588 5094 ι
606 5045 678 5101 Dicit
691 5045 755 5115 quie
768 5044 815 5100 dat
827 5046 903 5101 Deus
955 5040 984 5097 id
999 5040 1071 5110 quod
1084 5041 1221 5114 agendum
1236 5048 1288 5108 est,
1302 5047 1329 5096 et
1340 5055 1393 5109 quo
1403 5040 1543 5097 nitendum
1563 5049 1613 5107 est,
1641 5038 1756 5110 coeperit

106 5142 295 5198 tantummodo
318 5142 458 5210 rationem,
488 5150 515 5197 et
549 5149 680 5213 provocat
716 5141 901 5212 cupiditatem.
955 5153 1012 5194 non
1021 5136 1115 5203 latere,
1128 5137 1183 5192 nisi
1196 5137 1278 5192 etiarn
1292 5136 1409 5192 delectet
1422 5143 1451 5193 et
1460 5141 1577 5203 ametur,
1593 5136 1753 5207 nonagitur,

108 5236 161 5304 Qui
175 5252 240 5293 vero
255 5236 362 5292 rivitde
375 5237 470 5308 spiritu
483 5237 556 5304 ritae,
586 5236 741 5292 certissime
761 5236 822 5305 scit,
839 5237 904 5308 quia
954 5249 1011 5289 non
1025 5235 1181 5305 suscipitur,
1196 5248 1251 5290 non
1266 5232 1337 5289 bene
1350 5233 1462 5291 vivitur.
1477 5235 1512 5289 Ut
1525 5234 1598 5288 enim
1613 5232 1753 5305 diligatur,

106 5333 259 5390 certissimo
286 5334 473 5406 experimento
501 5332 583 5390 sentit
601 5333 630 5388 in
648 5333 806 5405 semetipso,
832 5333 903 5390 sicut
955 5328 1298 5390 charitaslieidiffunditur
1311 5330 1341 5385 in
1353 5329 1609 5401 cordibus-nostris,
1624 5342 1674 5402 per
1687 5327 1754 5400 spt-

145 5507 202 5580 (33)
222 5509 283 5567 tide
297 5511 367 5581 Aug.
382 5511 417 5567 ad
428 5510 561 5569 Etcdinm
575 5509 609 5566 de
624 5507 763 5567 Trinitate.
992 5508 1048 5581 (sl)
1064 5509 1132 5581 Aug.
1149 5506 1198 5563 lib.
1211 5503 1253 5564 De
1263 5506 1324 5564 arb.
1339 5505 1373 5563 ad
1386 5505 1454 5565 Bon.
