3728 6000
55 210 114 272 989
560 217 691 276 ranei.
711 219 759 277 DE
774 212 1011 278 renuardum
1034 220 1066 278 S.
1086 218 1254 280 PATRlCll.
1711 216 1766 281 990

57 357 77 398 a
92 338 189 414 priore
200 339 312 399 ostium
322 343 491 412 obseratur,
506 345 610 419 sicque
620 346 773 419 processio
784 345 823 402 ad
839 360 883 402 ec·
900 348 923 402 Α
941 346 1056 402 llomini
1068 348 1138 404 Jesu
1152 346 1267 413 Christi,
1281 352 1310 404 et
1321 362 1373 420 per
1385 347 1600 404 concavitatem
1614 348 1764 421 spelunca

56 430 179 487 alesiam
191 432 345 487 revertitur
360 448 365 489 :
380 449 448 506 quae
458 435 506 490 die
520 434 612 491 altera
625 437 731 491 iterum
749 450 836 491 mane
847 436 885 492 de
940 436 1040 491 tandiu
1050 436 1233 502 ambulabis,
1245 438 1341 493 donec
1351 437 1381 493 in
1393 452 1536 509 campum
1552 438 1653 493 exiens
1666 438 1762 495 aulam

56 519 183 577 ecelesia
198 521 228 576 iu
242 521 358 577 iussam
373 524 548 592 regreditur,
565 525 737 598 ostiumque
752 540 770 582 a
784 525 884 599 priora
939 525 1069 581 invenies
1094 527 1338 583 artillciosissime
1358 527 1548 591 fabricatam,
1576 541 1669 599 quam
1694 542 1765 582 eum

56 610 199 680 aperitur,
212 614 240 666 et
255 610 281 665 si
294 609 388 667 homo
398 627 537 668 reversus
550 612 637 668 luerit
651 614 798 683 iuventus,
815 630 884 670 cum
938 614 1091 683 ingressus
1106 616 1205 682 trieris,
1219 617 1318 671 statiua
1333 632 1369 671 ex
1383 621 1465 687 parte
1478 616 1526 671 llei
1542 616 1661 671 nuntios
1673 615 1765 671 habe·

56 697 169 768 gaudio
182 699 211 754 in
220 699 377 756 ecelesiam
389 700 557 767 deducitur,
567 703 665 775 inqua
677 702 742 759 aliis
757 703 886 776 quinde-
939 701 996 767 bis,
1011 719 1079 776 quea
1094 703 1144 760 tibi
1156 720 1223 776 quae
1240 704 1372 760 iacturas
1384 720 1415 759 es
1428 705 1473 761 vel
1485 721 1628 777 passurus
1641 703 1765 773 diligen·

56 787 590 860 cimdiebus,vigiliis,etoratiouibus
601 793 730 848 intentus
740 797 883 857 moratur,
939 797 983 848 ter
996 798 1166 865 exponent;
1183 793 1239 849 illis
1253 800 1353 850 autem
1369 793 1555 859 exeuntibus,
1572 797 1600 849 et
1615 800 1642 850 te
1655 794 1721 849 solo
1734 794 1765 850 iu

57 877 175 950 quodsi
187 878 390 944 eademhora,
405 879 451 935 die
463 880 702 937 alterareversus
718 898 779 939 nou
793 897 886 954 appa·
939 896 975 936 ea
997 886 1181 947 remanente,
1211 884 1310 939 statim
1330 886 1491 939 tentatores
1516 884 1690 951 accedent;
1722 885 1765 939 sic

56 966 159 1032 ruerit,
173 967 329 1023 certissimi
345 967 382 1024 de
395 968 460 1042 ejus
472 968 648 1041 perditione,
662 971 738 1027 ostio
754 986 773 1027 a
787 972 885 1044 priore
940 970 1021 1024 enirn
1034 969 1162 1027 habetur
1175 972 1309 1028 evenisse
1321 972 1433 1044 bis,qui
1446 978 1515 1028 ante
1528 977 1554 1028 te
1565 973 1743 1029 introierunt
1755 990 1764 1045 ;

55 1056 208 1123 obserato,
222 1057 351 1113 universi
363 1060 516 1116 recedunt.
940 1066 970 1113 tu
985 1074 1056 1117 vero
1072 1059 1102 1116 iu
1117 1060 1174 1117 ilde
1188 1065 1329 1118 constans
1344 1067 1416 1118 esto.
1434 1063 1512 1118 llilee
1531 1066 1631 1118 autern
1648 1060 1764 1119 virilem

382 1150 495 1205 carui
513 1153 556 1208 lv.
940 1162 1046 1218 gerens
1064 1149 1211 1215 animum,
1227 1150 1308 1222 qrrod
1322 1149 1397 1205 alios
1412 1150 1555 1206 audiebat
1570 1150 1766 1207 absorbuisse

59 1244 213 1302 Demitr'te‘s
223 1245 399 1315 punitentia
410 1247 533 1319 ejusque
544 1249 721 1320 inpressuin
737 1249 885 1320 Purgato-
940 1252 1001 1292 1¹⁰ss
1013 1237 1197 1294 s0lfflldl¹b³2
1208 1238 1374 1311 periculum
1387 1255 1394 1306 ἓ
1407 1244 1435 1295 θῖ
1444 1239 1495 1312 qui
1507 1239 1675 1312 il¹¹⁰⁰d³m2
1687 1239 1765 1296 501'1'0

111 1318 201 1383 rium,
218 1324 246 1374 et
259 1317 372 1374 nuntiis
388 1333 407 1373 o
421 1321 480 1374 Deo
493 1322 534 1376 ud
553 1322 648 1390 ipsum
664 1322 830 1378 destinetis.
940 1327 1087 1394 munitus,
1107 1328 1217 1399 pugnis
1236 1329 1368 1385 interfuit
1384 1329 1554 1397 homiuum,
1575 1328 1667 1384 modo
1687 1327 1765 1386 ievro

91 1414 136 1489 [ll]
159 1418 203 1471 39.
219 1414 298 1473 lliles
312 1416 436 1488 quidam
451 1420 549 1475 OEnus
570 1421 702 1485 nominc,
717 1420 770 1493 qui
784 1420 885 1476 multis
940 1414 1051 1480 durior,
1069 1417 1138 1482 lide,
1156 1433 1209 1488 spa
1222 1422 1251 1473 et
1259 1418 1375 1489 justitia
1391 1424 1535 1485 armatus,
1550 1417 1587 1473 de
1599 1417 1648 1472 Dei
1665 1418 1765 1474 miseri

54 1503 209 1560 aunissub
219 1520 287 1577 rege
299 1506 647 1576 Steplrauomilitarerat,
658 1508 775 1566 lieentia
787 1523 805 1565 a
815 1523 885 1577 rege
940 1505 1043 1561 cordia
1052 1506 1620 1579 praesumcns,ccnildenteradpugnam
1629 1506 1767 1578 prorupit

54 1592 228 1665 impetrata,
244 1595 393 1666 proiectus
402 1602 446 1652 est
460 1597 490 1652 in
500 1597 670 1654 Hiberniam
681 1599 720 1654 ad
729 1598 826 1654 natale
839 1613 885 1654 so·
940 1594 1366 1670 doemcuum,atqueomnium
1377 1596 1603 1652 sacrationibus
1613 1608 1766 1651 commen-

53 1680 130 1746 lum,
144 1685 176 1738 ut
191 1688 328 1754 parentes
345 1684 484 1742 visitaret.
508 1686 563 1752 Oui
579 1701 648 1742 eum
665 1684 842 1760 aliquandiu
855 1685 884 1740 iu
901 1702 923 1758 g
940 1683 1027 1750 daus,
1039 1684 1166 1742 irontem
1182 1700 1268 1741 suum
1281 1686 1405 1741 vivillare
1418 1686 1513 1742 crucis
1528 1685 1614 1755 signo
1628 1684 1764 1753 munivit,

56 1769 237 1840 regioueilla
247 1771 420 1829 demoratus
431 1774 639 1847 luisset,coepit
652 1776 690 1831 ad
703 1781 833 1832 mentem
842 1791 886 1830 re·
941 1788 976 1829 ac
986 1771 1153 1844 intrepidus
1165 1779 1282 1846 portam
1294 1775 1424 1837 intravit,
1436 1773 1617 1846 quamprior
1625 1771 1764 1845 praeforis

54 1858 166 1917 ducere
176 1860 268 1918 vitam
278 1878 364 1918 auam
374 1863 450 1920 adeo
457 1864 640 1933 flagitiosam
654 1865 751 1937 ;quod
762 1864 802 1921 ab
811 1864 885 1936 ipsis
940 1859 1097 1924 obserans,
1108 1861 1265 1917 ecclesiam
1278 1876 1348 1918 oum
1362 1861 1551 1933 processione
1563 1860 1709 1933 repetivit.

54 1949 248 2017 incunabilis,
265 1951 538 2025 incendilssemper
549 1954 742 2024 vacaverit,et
753 1953 865 2026 rapinis
874 1969 885 2019 ,·
975 1948 1767 2023 tantitasitaquenovametlausitatamcupicnsexer·

55 2043 83 2096 et
93 2038 177 2111 quod
191 2041 289 2110 magis
299 2040 431 2109 dolebat,
443 2058 473 2098 se
490 2042 682 2100 ecclesiarum
696 2043 788 2100 luisse
799 2042 887 2099 viola·
940 2054 1006 2096 cera
1017 2039 1153 2095 militiam
1168 2053 1221 2111 per
1233 2040 1407 2113 speluncam
1424 2039 1575 2106 audacter,
1591 2039 1659 2095 licet
1672 2039 1764 2104 solus,

54 2131 570 2194 torem,etrerumeeclesiasticarum
584 2132 754 2189 invasorem
765 2154 771 2197 ;
781 2138 887 2205 praeter
941 2128 1046 2200 pergit.
1063 2128 1341 2197 ingravescentibus
1352 2130 1448 2201 magis
1463 2144 1499 2186 ae
1513 2129 1609 2198 magis
1625 2127 1765 2195 tenebris,

54 2217 692 2292 multaeuormia,quaeintrinsecuslatebaut
702 2221 885 2294 peecatalli·
940 2217 970 2273 iu
988 2218 1072 2274 brevi
1086 2223 1178 2274 totam
1195 2219 1294 2275 amisit
1312 2219 1409 2275 lucem
1425 2234 1432 2286 ;
1448 2218 1571 2275 tandem
1587 2233 1624 2275 ex
1638 2216 1766 2273 adverso

53 2306 887 2385 lesigiturpoeniteutiaductusadepiscopumquemdam
940 2306 991 2363 lux
1004 2307 1109 2380 parvla
1123 2307 1214 2380 ooepit
1227 2322 1281 2380 per
1292 2308 1410 2365 ioveam
1431 2308 1557 2364 tenuiter
1571 2308 1668 2363 lucere
1685 2322 1693 2373 ;
1709 2319 1765 2362 uec

54 2397 86 2454 in
98 2398 370 2471 ouiusepiscopatu
381 2406 427 2458 est
438 2402 654 2472 Purgatorium)
668 2401 746 2458 illius
757 2401 886 2472 regionis
941 2410 1027 2453 mora
1041 2397 1080 2453 sd
1094 2412 1237 2469 campum
1253 2397 1428 2469 preadictum
1443 2397 1587 2470 pervenit,
1604 2400 1632 2452 et
1644 2395 1764 2452 aulam:

54 2486 183 2545 accessit
194 2505 202 2555 ;
213 2488 261 2544 cui
272 2504 340 2544 cum
349 2494 473 2561 peecata
483 2505 537 2546 sua
547 2490 674 2547 devotus
685 2506 737 2563 per
749 2491 887 2549 ordinem
940 2486 991 2543 lux
1001 2492 1101 2544 aulem
1113 2485 1153 2543 ibi
1164 2502 1225 2542 non
1234 2487 1384 2560 apparuit,
1397 2488 1454 2544 nisi
1465 2486 1562 2560 qualis
1572 2485 1766 2543 hicisshiemss

55 2574 210 2641 detulisse,
223 2575 389 2650 increpavit
404 2594 472 2634 eum
487 2579 615 2649 graviter
624 2579 887 2652 episcopus,asse·
940 2582 1010 2649 post
1023 2574 1094 2633 solis
1106 2591 1245 2633 occasum
1259 2577 1393 2633 habetur.
1408 2576 1482 2632 aula
1496 2577 1623 2648 parietes
1637 2590 1698 2632 non
1713 2574 1767 2630 ha·

54 2663 221 2721 reusillum
241 2666 330 2723 nimis
344 2666 478 2724 divinam
498 2667 687 2726 clementiam
702 2668 885 2726 offendisse:
940 2665 1040 2736 babet,
1058 2665 1112 2720 sed
1131 2664 1279 2722 columnis
1298 2670 1327 2721 et
1345 2664 1486 2722 archiolis
1506 2669 1569 2721 crat
1582 2679 1636 2737 per
1655 2677 1765 2737 gyrum

56 2752 139 2810 unde
159 2753 245 2811 miles
258 2755 387 2813 multum
406 2758 608 2824 contristatus,
627 2760 687 2815 ileo
704 2758 887 2830 condignam
941 2753 1114 2820 subnixam
1125 2754 1250 2811 modum
1262 2753 1382 2810 claustri
1394 2754 1612 2811 monachorum
1624 2766 1765 2825 ;cumque

55 2840 154 2900 iacere
168 2845 374 2916 paenitentiam
395 2847 542 2917 cogitavit.
556 2847 600 2921 [B]
612 2847 726 2905 liabent
738 2848 817 2905 enim
829 2848 888 2906 hoc
941 2844 1015 2900 circe
1036 2843 1138 2900 aulam
1155 2843 1266 2900 diutius
1285 2843 1481 2910 ambulasset,
1506 2844 1571 2914 eius
1594 2841 1763 2898 mirabilem

57 2933 148 3005 quasi
166 2935 338 2992 naturaliter
352 2937 462 2993 milites
477 2937 554 2993 illius
570 2920 732 3011 patrissui
744 2938 887 2996 sicutelte
941 2933 1081 2990 mirando
1099 2938 1291 3002 structuram,
1316 2933 1393 2990 inira
1415 2933 1481 3007 ejus
1498 2935 1585 3004 septa
1608 2931 1682 2987 vidit
1697 2944 1765 2987 eam

56 3022 120 3079 rius
128 3022 404 3093 gentishomiuibus
410 3042 463 3099 per
473 3027 673 3097 ignorantiam
686 3029 886 3102 promptiores
940 3021 1034 3080 multo
1045 3023 1269 3080 mirabiliorem.
1283 3025 1439 3093 lugressus
1453 3023 1629 3093 igituream,
1645 3024 1673 3077 et
1683 3019 1764 3077 iulus
1846 3100 1850 3107 ἱ

55 3112 236 3179 admotum,
250 3114 300 3181 ita,
312 3115 386 3171 dum
398 3132 430 3172 se
444 3132 560 3173 errasse
573 3117 777 3189 cognoverint,
788 3131 888 3190 prom·
940 3112 1115 3186 aliquandiu
1129 3113 1247 3180 sedens,
1263 3113 1367 3169 oculos
1384 3113 1443 3169 huc
1456 3112 1587 3184 illucque
1608 3109 1764 3174 convertit,

60 3200 174 3273 pliores
188 3206 218 3258 et
232 3202 397 3260 stabiliores
413 3210 482 3262 sunt
496 3205 535 3262 ad
550 3207 769 3278 poenitendum.
939 3200 1019 3257 illius
1033 3201 1286 3273 pulchritudinem
1297 3208 1325 3257 et
1335 3205 1512 3258 structuram
1524 3199 1679 3255 admirans
1695 3196 1765 3266 ;ubi

94 3288 138 3363 [C]
154 3292 201 3348 to.
216 3293 289 3348 Cum
301 3298 401 3350 autem
416 3294 586 3368 episcopus,
599 3301 631 3350 ut
640 3295 758 3370 justum
773 3295 829 3351 sibi
841 3295 888 3351 ri·
940 3306 1009 3346 cum
1025 3290 1182 3363 paululum
1192 3291 1273 3346 solus
1284 3291 1420 3357 sedisset,
1432 3304 1500 3346 eece
1511 3288 1684 3361 quindecim
1699 3286 1765 3356 viri,

58 3377 200 3447 debatur,
222 3381 308 3438 vellet
328 3382 354 3438 ei
378 3383 533 3454 injungere
556 3386 773 3457 poeniteutiam,
798 3384 886 3440 miles
939 3375 1765 3453 quasireligiosi,etuuperrasi‚alblsquevestibusindutl

55 3469 225 3542 respondit.
240 3473 313 3527 bum
329 3473 429 3544 igitur,
443 3479 474 3529 ut
485 3475 601 3539 asseris,
618 3477 769 3532 Factorem
785 3490 885 3530 meum
940 3471 1064 3528 domum
1078 3471 1272 3536 intraverunt,
1286 3474 1314 3526 at
1329 3468 1491 3526 salutantes
1506 3483 1575 3523 eum
1592 3467 1622 3522 iu
1638 3464 1765 3522 nomine

55 3564 117 3615 nm
129 3559 389 3629 maviteroiiendi
399 3564 604 3634 paenitentiam
619 3580 775 3622 assumam
791 3568 887 3625 omni.
941 3559 1068 3626 llomini,
1082 3560 1290 3616 consederunt.
1303 3562 1385 3615 ‘lunc
1399 3557 1464 3614 aliis
1477 3555 1645 3614 tacentibus
1662 3597 1669 3622 ,
1685 3568 1765 3609 uuus

55 3647 115 3704 bus
130 3648 312 3720 poeuitentiis
324 3651 503 3722 graviorem,
515 3657 544 3708 et
556 3657 588 3708 ut
602 3658 790 3725 peccatorem
805 3671 886 3713 meo-
940 3650 992 3722 qui
1000 3649 1114 3722 prioret
1123 3648 1460 3707 eorumduxvidcbatur
1471 3663 1539 3703 cum
1548 3647 1615 3719 ipso
1622 3643 1766 3716 loqueba·

54 3750 125 3793 rum
139 3751 255 3794 merear
275 3740 486 3797 remissionem
507 3742 652 3814 accipere,
676 3744 883 3815 Purgatorium
940 3743 996 3807 tur,
1017 3738 1121 3795 dicens
1136 3754 1143 3794 :
1158 3737 1334 3795 Benedictus
1352 3737 1390 3795 sit
1403 3740 1479 3793 lleus
1493 3734 1696 3807 omnipotens,
1710 3731 1765 3807 qui

56 3825 155 3882 sancti
166 3826 281 3883 Patricii
297 3828 364 3886 volo
379 3830 498 3886 intrare.
939 3827 1115 3884 bonumtibi
1130 3827 1320 3901 propositum
1336 3826 1503 3898 inspiravit,
1516 3829 1549 3883 ut
1563 3839 1618 3897 pro
1634 3819 1764 3895 peccatis

94 3913 138 3987 [C]
147 3915 192 3970 tl.
206 3915 369 3989 Episcopus
384 3935 477 3991 quem
490 3919 688 3992 plurimorum
698 3921 728 3977 iu
742 3937 778 3978 eo
788 3923 886 3995 perdi·
938 3918 997 3974 tuis
1010 3918 1219 3988 Purgatorium
1229 3916 1286 3973 hoc
1301 3917 1436 3981 intrares,
1452 3915 1516 3982 sed,
1532 3914 1588 3971 nisi
1602 3918 1631 3970 ta
1645 3911 1765 3969 viriliter

56 4003 183 4069 tionem,
194 4008 227 4060 ut
238 4019 307 4061 eum
320 4006 360 4062 ab
372 4006 429 4064 hac
441 4013 587 4067 averteret
598 4010 772 4079 intentione,
783 4026 886 4070 narra·
939 4022 1036 4078 geras,
1052 4012 1081 4063 el
1093 4021 1216 4079 corpore
1230 4012 1258 4064 et
1274 4006 1376 4063 anima
1393 4005 1504 4078 peribis
1521 4018 1528 4059 :
1550 4018 1619 4059 m0¹
1635 4002 1715 4059 enlm
1731 4002 1765 4057 ¹1¹

56 4091 100 4148 vit
115 4107 123 4159 ;
139 4092 194 4149 sed
218 4093 310 4150 virilis
324 4097 414 4152 animi
429 4097 524 4170 miles,
551 4099 684 4172 episcopi
700 4100 884 4158 dissuasioni
938 4097 1017 4153 hauc
1025 4097 1151 4153 domum
1162 4097 1307 4152 fuerimus
1315 4093 1598 4167 egresslmultitudo
1606 4088 1765 4162 aderitspi-

55 4183 884 4260 nonconscutit.admonuitepiscopusarcananicorum
938 4184 1050 4242 rituum
1069 4186 1307 4251 immundorum,
1333 4183 1385 4258 qui
1411 4183 1464 4240 libi
1481 4183 1585 4254 gravia
1606 4179 1766 4236 inferenl&

54 4270 106 4326 vel
119 4271 337 4329 monachorum
361 4275 526 4348 susciperet
541 4277 680 4335 habitum
694 4293 701 4334 :
716 4279 801 4336 miles
813 4294 884 4337 varo
939 4278 1097 4339 tormenta,
1107 4272 1302 4330 minabuntur
1312 4271 1581 4342 inferregraviora:
1593 4268 1765 4342 promittent

55 4358 222 4431 respoudit,
247 4377 278 4418 se
300 4362 383 4420 nulla
398 4364 455 4420 boc
472 4366 586 4424 ratione
609 4364 769 4433 iacturum,
788 4368 885 4425 donoc
939 4379 970 4420 se
982 4364 1125 4420 ducturos
1140 4368 1167 4419 te
1182 4362 1221 4419 ad
1233 4367 1351 4435 portam
1363 4361 1560 4435 quaintrasti,
1571 4361 1726 4422 conantes,
1739 4356 1766 4412 sl

57 4446 218 4521 praelatum
229 4450 576 4522 intraretPurgalorium.
587 4457 661 4512 Cum
670 4457 759 4527 igitur
772 4458 885 4530 episco-
939 4453 985 4510 vel
994 4457 1021 4510 ta
1030 4453 1088 4510 hoc
1100 4451 1190 4509 modo
1198 4452 1334 4523 decipere
1343 4451 1467 4524 possint,
1477 4447 1685 4505 utrevertaris.
1697 4444 1764 4510 Sed,

56 4552 116 4609 pus
133 4536 216 4594 illum
229 4554 299 4596 vere
317 4541 511 4612 poenitentem
527 4548 555 4599 et
567 4543 759 4603 inflexibilem
775 4560 885 4616 cogno-
940 4543 964 4598 ai
976 4541 1361 4600 tormentorumaitliclioue
1371 4538 1526 4605 victus,vel
1538 4535 1627 4593 minis
1638 4535 1764 4601 territus,

57 4625 161 4691 visset,
186 4628 306 4684 tradidit
331 4631 356 4686 el
384 4630 495 4687 litteras
521 4648 591 4690 sues
614 4633 652 4688 ad
680 4635 808 4706 priorem
828 4635 884 4692 loci
940 4632 1195 4704 ssupromissioue
1210 4626 1579 4702 deceptus‚assensumeis
1591 4623 1764 4698 praebueris,

57 4713 212 4771 mandans
226 4720 260 4773 ut
271 4732 340 4774 cum
350 4718 745 4791 illoageret,sicutiierisolet
753 4724 886 4780 cumillis
940 4721 971 4777 iu
984 4736 1108 4793 corpore
1121 4719 1232 4793 pariter
1246 4723 1275 4776 et
1289 4719 1389 4776 anima
1403 4716 1513 4790 peribis
1529 4732 1536 4783 ;
1560 4716 1585 4771 si
1597 4728 1669 4771 vero
1681 4712 1766 4769 fortis

57 4802 112 4875 qui
136 4805 342 4875 Purgatorium
360 4809 474 4880 ingredi
497 4810 674 4882 deposcunt.
691 4813 771 4869 Prior
785 4819 886 4870 autem
939 4811 969 4866 in
980 4810 1047 4872 lide,
1059 4824 1143 4881 spem
1155 4814 1237 4865 tuam
1250 4808 1281 4865 in
1293 4807 1419 4864 llomiuo
1433 4806 1578 4879 posueris,
1594 4809 1625 4861 ut
1639 4817 1695 4859 nco
1708 4807 1766 4859 tor·

57 4890 134 4948 visis
144 4892 258 4962 littoris,
270 4900 298 4951 et
310 4899 423 4954 caeteris
435 4901 632 4966 caeremoniis,
644 4906 790 4974 utsupra,
804 4917 887 4974 pera·
939 4899 1057 4966 mentis,
1068 4913 1123 4954 nac
1132 4899 1290 4965 miuis‚neo
1297 4895 1453 4972 promissis
1463 4912 1567 4952 eorum
1576 4894 1765 4966 acquiescas,

59 4980 125 5048 etis,
142 4983 267 5041 militem
284 4985 312 5041 in
328 4987 482 5044 ecclesiam
499 4989 647 5061 perduxit,
660 4990 689 5046 in
703 5006 765 5062 qua
780 5006 887 5048 secuu—
940 4989 991 5045 sed
1005 4988 1094 5044 corde
1108 4988 1222 5058 integro
1238 5002 1289 5045 eos
1312 4986 1540 5058 contempseris,
1553 5000 1615 5041 nou
1629 4982 1726 5040 solum
1747 4996 1766 5037 a

58 5068 134 5126 dum
145 5087 262 5129 morem
272 5075 447 5147 quindecim
460 5077 566 5134 diebus
574 5080 694 5150 jeiuniis
704 5085 731 5135 et
747 5080 886 5138 orationi·
939 5079 1069 5152 peccatis
1081 5077 1223 5134 omnibus
1239 5076 1427 5149 purgaberis,
1443 5079 1651 5130 verumtamen
1666 5074 1694 5128 at
1707 5073 1766 5127 tor·

58 5159 118 5216 bus
128 5160 260 5219 instabat
271 5165 396 5235 :quibus
408 5166 547 5239 expletis,
560 5183 648 5224 mane
657 5169 747 5225 missa
760 5170 885 5242 apriora
941 5171 1052 5233 meula,
1065 5184 1133 5241 quse
1143 5170 1350 5240 praeparantur
1364 5163 1577 5237 peccatoribus,
1591 5167 1619 5217 et
1630 5159 1765 5233 requiem

57 5246 884 5323 celebrata‚sacracommuuiouemilitemcommunivit,
940 5248 1766 5330 iuquajustilaetautur,videbis.lleumsemperhabcas

57 5341 234 5397 convocatis
246 5340 388 5398 iratribus
407 5348 433 5400 et
450 5343 529 5401 clero
543 5345 651 5410 vicino,
668 5345 835 5404 adductum
848 5348 886 5405 ad
941 5347 971 5403 in
988 5347 1142 5410 memoria,
1163 5349 1191 5401 et
1205 5343 1442 5416 quotiescunque
1458 5347 1484 5398 te
1499 5340 1706 5411 cruciaverint,
1723 5339 1767 5396 iu-

57 5426 388 5500 spelunereintroitum,
404 5449 567 5505 aquosum
588 5433 744 5491 benedicta
760 5436 886 5508 aspersit
941 5451 1016 5492 voca
1034 5434 1193 5490 Dominum
1212 5440 1348 5490 nostrum
1368 5431 1470 5488 lesum
1486 5430 1646 5497 Christum,
1669 5432 1698 5484 et
1713 5443 1766 5503 per

57 5525 87 5577 et
96 5522 201 5593 aperto
210 5519 361 5579 ostiodixit
377 5525 469 5580 .Ecce
482 5539 563 5580 nuuc
578 5523 704 5582 intrabis
719 5525 885 5585 innomine
940 5520 1767 5598 iuvocatlouemhujusuomiuisstatimliberaberisaquo·
