3728 6000
100 238 153 306 ιιι

648 255 838 318 exaestuo
853 258 993 317 ALTERA
1008 262 1046 317 ttv
1060 259 1203 320 CANTIC.

1696 268 1749 326 ιιι

103 390 178 438 rens,
195 375 328 433 indicium
344 395 405 438 esse
429 380 497 437 solet
521 382 585 436 boni
608 382 722 454 alicujus
745 383 853 439 latentis
875 384 903 440 in
917 374 945 434 A
960 380 1018 438 sire
1033 383 1196 453 rotunditas,
1214 382 1307 438 omnia
1327 385 1355 440 ιι
1378 382 1438 439 anri
1461 383 1612 440 solistantia
1632 385 1753 442 satidan-

103 463 196 520 corde.
212 466 282 523 Naar
297 485 361 524 cum
377 471 449 541 quod
464 471 557 527 videre
571 472 680 543 cogitur
691 472 794 542 anima,
802 473 902 528 velin-

103 551 217 623 dignum
233 565 343 626 reputat
363 567 390 613 ut
404 559 507 626 videat,
529 560 572 615 vel
586 559 724 633 indiguam
741 577 771 617 se
790 576 850 631 quae
866 559 904 615 vi·

102 640 176 711 deal,
193 643 264 699 sicut
277 645 352 701 aiunt
366 648 480 718 physici,
497 649 597 721 refugit
620 649 701 713 intro,
718 650 835 705 abducto
850 649 893 704 sib

102 732 217 788 naturali
231 733 366 791 velamine
381 737 534 809 sanguinis,
549 738 596 809 qui
611 739 638 793 in
659 736 718 809 ipsa
740 740 805 794 bora
820 754 901 795 vere·

102 820 212 877 cundiae
225 821 253 876 in
273 822 342 880 lucie
365 826 465 881 rubere
485 827 599 895 videtur,
614 835 768 883 contestans
787 826 901 883 interio-

101 924 160 964 rem
175 910 332 981 pudicitiam
355 930 441 982 suam,
458 915 501 970 vel
519 915 611 971 ortium
631 916 731 972 habere
754 916 835 971 oblati
855 916 902 972 de·

100 996 220 1063 decoris,
238 1000 280 1055 vel
296 1001 471 1058 bumilitatem
487 1019 535 1060 seu
551 1004 730 1060 reverentiam
750 1004 835 1060 oblati
849 1005 901 1061 bo-

101 1087 189 1142 noris.
207 1087 240 1142 ta
254 1097 316 1158 apte
330 1091 397 1145 satis
411 1091 518 1162 Sponsa
534 1093 628 1147 turturi
643 1099 823 1162 comparatur,
841 1109 902 1164 quae

100 1175 229 1231 adolorc
242 1177 334 1232 atirissi
351 1180 486 1250 comparis
500 1180 580 1234 eliuut
598 1198 650 1237 ιιιι
666 1182 818 1251 requirens,
842 1182 901 1239 solo

99 1277 133 1318 se
146 1264 249 1335 gemitu
263 1266 433 1323 consolatur.
451 1267 566 1340 Jamque
581 1270 695 1339 probata
714 1279 741 1325 ct
755 1269 839 1343 digna
855 1287 901 1325 re·

100 1360 189 1423 perta,
207 1351 376 1410 illuminante
391 1358 489 1427 gratia,
505 1357 631 1413 laudibus
654 1358 752 1428 Spousi
781 1375 903 1430 propen-

99 1442 156 1500 sius
170 1441 311 1510 attollitur,
326 1443 379 1499 boc
393 1453 435 1499 est
450 1444 547 1516 Spoasi
563 1446 643 1501 laude
659 1445 752 1518 dignis
777 1447 902 1502 muneri·

98 1528 153 1584 bus
168 1530 362 1586 accumulatur.
379 1533 456 1588 Unde
470 1533 608 1606 subjungit
623 1544 650 1590 et
664 1534 728 1591 dicit
746 1551 752 1587 ε
770 1557 782 1587 ι
795 1536 902 1592 Cottum

99 1625 174 1673 tuum
189 1617 259 1674 sicta
280 1620 400 1675 monilia.
424 1644 435 1669 ι
453 1621 557 1676 Collum
573 1623 686 1692 Sponsae
701 1630 796 1680 sancta
811 1624 902 1679 inten-

958 476 1009 536 tur,
1025 471 1092 544 quia
1104 472 1176 527 nulla
1191 471 1255 528 boni
1275 472 1490 542 perseverantia,
1516 474 1588 528 nulla
1612 474 1753 545 persentio,
1818 533 1822 538 ,

958 556 1030 613 ιιιιι
1050 559 1225 630 pulchritudo
1248 560 1292 616 vel
1316 561 1427 627 utilitas,
1444 561 1499 617 nisi
1522 563 1549 616 in
1571 563 1712 633 sapientia,
1728 564 1755 619 id
1847 574 1849 579 '

956 656 998 702 cst
1012 647 1039 701 in
1054 664 1146 705 amore
1160 650 1209 705 Dei
1228 658 1255 705 et
1279 650 1409 722 spirituali
1429 667 1510 706 seusu
1535 652 1683 707 solidatur.
1703 653 1756 709 Sed

959 755 970 780 s
989 734 1118 790 iaciemus
1134 759 1158 800 n,
1169 736 1265 809 inquit.
1280 738 1357 807 Quis,
1371 739 1413 795 vel
1429 739 1473 810 qui
1489 741 1503 793 ‘l
1521 739 1617 810 Utique
1633 743 1678 811 qui
1689 741 1757 797 dixit

956 822 991 876 de
1005 822 1134 879 dilectore
1149 840 1209 879 sao.
1224 846 1235 875 ι
1254 826 1291 879 ,ιι
1304 841 1366 881 eum
1383 827 1534 892 veniemus,
1548 836 1572 882 et
1589 828 1756 883 mansionem
1847 830 1850 835 '

956 911 1029 979 apud
1044 927 1107 967 eam
1123 912 1253 968 iaciemus
1266 915 1360 979 (lona.
1377 916 1445 985 xiv).
1464 935 1475 964 ι
1502 916 1632 970 Dominus
1654 917 1758 973 scilicet

956 1000 1036 1054 Jesua
1051 1000 1181 1066 Cirristus,
1198 1009 1224 1056 et
1239 1002 1312 1058 Deus
1332 1003 1420 1069 Pater,
1446 1010 1473 1058 ct
1495 1004 1611 1074 Spiritus
1633 1013 1754 1062 sanctus.
1841 1020 1849 1037 ‘

956 1087 1004 1143 ιιι
1021 1104 1084 1161 ego,
1100 1089 1195 1159 iuquit,
1211 1089 1311 1147 faciam
1328 1091 1454 1163 angelico
1477 1093 1541 1148 mitti
1556 1093 1582 1147 in
1597 1093 1651 1150 hoc
1675 1094 1757 1150 mini-

956 1177 1036 1232 sterio
1051 1178 1234 1235 deserviente.
1252 1180 1414 1252 congaudet
1426 1181 1524 1236 etenim
1536 1183 1660 1256 angelica
1671 1183 1758 1255 pietas

957 1265 1034 1320 bonis
1050 1266 1200 1334 hominum,
1217 1275 1245 1323 et
1260 1268 1287 1323 ia
1301 1268 1396 1323 salutis
1414 1285 1508 1324 eorum
1523 1270 1681 1327 ministeriis
1704 1272 1756 1328 de·

957 1356 1059 1409 servire
1072 1362 1173 1421 amant,
1191 1372 1306 1428 quorum
1331 1357 1433 1413 sanctis
1456 1357 1483 1412 in
1508 1359 1638 1432 religione
1662 1360 1759 1417 studiis

956 1458 1065 1514 semper
1081 1452 1182 1514 praes‘n
1203 1453 1276 1514 suat,
1300 1445 1364 1500 licet
1387 1462 1440 1501 non
1467 1463 1576 1517 semper
1598 1457 1756 1519 appareant.

958 1531 1036 1588 Unde
1060 1532 1140 1587 etiarn
1156 1549 1215 1588 cum
1231 1543 1344 1605 repente
1357 1533 1393 1588 ab
1408 1534 1545 1605 aliquibus
1559 1533 1707 1607 aliqnando
1721 1537 1761 1594 vi·
1848 1546 1853 1553 “

956 1619 1065 1688 deutur,
1080 1636 1215 1692 apparere
1230 1622 1368 1691 dicuntur,
1385 1623 1460 1695 quod
1475 1624 1584 1695 proprie
1605 1624 1703 1681 dicitur
1723 1625 1759 1683 dc
1826 1624 1832 1641 ⁸

100 1707 139 1762 tio
153 1714 205 1773 est,
230 1721 284 1776 qua
310 1708 391 1778 capiti
418 1726 468 1764 suo
497 1711 570 1780 quod
589 1718 630 1765 est
658 1711 790 1778 Christus,
815 1719 901 1766 totum
916 1728 943 1789 B
957 1724 986 1762 re
1001 1717 1146 1779 praesente,
1162 1710 1210 1765 sed
1225 1710 1337 1777 latente,
1354 1720 1380 1766 et
1402 1719 1515 1782 repente
1529 1713 1701 1785 semetipsam
1716 1715 1760 1770 vi·

99 1794 192 1867 operis
206 1811 307 1865 corpus
324 1798 503 1871 conjungitur
519 1813 526 1866 ;
547 1797 580 1854 de
599 1815 652 1871 quo
667 1799 739 1855 idem
755 1808 835 1871 caput
851 1815 902 1855 no·
957 1796 1065 1852 sibitem
1080 1798 1236 1855 exhibente.
1252 1799 1340 1855 Habet
1353 1799 1425 1855 enim
1440 1801 1595 1856 facultatem
1612 1801 1759 1873 quamdam

98 1895 189 1939 strum
204 1883 272 1940 dicit
288 1901 294 1938 :
313 1907 325 1933 ι
342 1886 478 1941 Sincaius
495 1894 566 1952 tuus,
583 1887 610 1941 id
625 1895 667 1943 est
678 1888 770 1959 operis
780 1888 902 1953 intentio,
958 1885 1121 1952 naturalem,
1138 1885 1207 1941 sicut
1221 1887 1272 1942 sibi
1294 1887 1425 1955 invicem,
1450 1888 1491 1945 sic
1513 1889 1595 1945 etiam
1617 1891 1760 1961 spiritibus

98 1972 222 2044 simplex
254 1972 346 2042 luerit,
375 1982 460 2029 totum
489 1991 589 2047 corpus
615 1984 687 2031 tuum
715 1976 834 2033 lucidum
855 1977 906 2032 erit
959 1973 1098 2028 hominurn
1113 1974 1415 2048 quaelibetsuggercndi
1433 1975 1476 2032 vel
1490 1977 1657 2047 insinuandi,
1671 1994 1758 2051 aage-

97 2062 213 2132 (tetta.
230 2067 279 2126 ιι).
300 2087 311 2112 ι
330 2063 405 2118 Sicut
427 2080 489 2119 vero
514 2065 626 2120 monilia
647 2073 808 2120 ornamenta
829 2065 906 2121 collis
960 2061 1048 2116 lorum
1063 2062 1211 2132 spiritualis
1234 2065 1365 2134 potentia,
1391 2065 1425 2120 da
1449 2081 1502 2135 quo
1526 2082 1575 2136 per
1598 2067 1760 2138 Prophetam

101 2159 176 2217 suat,
192 2151 232 2206 sic
247 2150 327 2207 bonae
342 2152 499 2208 intentionis
514 2162 669 2209 sanctarum
686 2154 805 2226 iusignia
820 2155 907 2210 virtu·
961 2150 1075 2205 dicitur:
1090 2174 1100 2198 ι
1114 2152 1249 2223 Egressus
1264 2152 1437 2223 estangelus,
1451 2153 1497 2224 qui
1507 2153 1705 2224 loquebaturia
1716 2172 1761 2212 me
1811 2164 1814 2169 '

103 2247 172 2295 tum.
189 2239 294 2296 Collum
313 2257 378 2296 sero
402 2242 516 2313 Sponsae
540 2243 607 2298 sicut
629 2243 738 2298 monilia
762 2251 813 2310 cst,
836 2259 907 2314 quo·
962 2238 1057 2310 (Zoclt.
1069 2239 1111 2307 ul,
1124 2260 1134 2290 ι
1147 2247 1196 2295 ιιι
1211 2240 1281 2295 dixit
1291 2258 1361 2296 unus
1371 2242 1487 2315 angelus
1499 2243 1533 2297 ad
1549 2243 1662 2298 alterum
1672 2260 1761 2317 ange·

103 2329 181 2383 niam
196 2346 258 2384 cum
274 2330 413 2385 monilium
439 2331 473 2387 sit
497 2331 596 2388 collum
618 2348 728 2399 ornare,
753 2333 909 2389 econtrario
963 2327 1032 2382 lom·
1052 2327 1139 2383 Curvo
1153 2336 1180 2383 et
1195 2329 1324 2384 annuntia
1336 2345 1423 2400 puero
1440 2331 1503 2385 buic
1518 2332 1624 2402 (ibid.)·
1637 2331 1762 2401 Quorum

98 2418 201 2473 collum
217 2419 331 2488 Sponsae
350 2435 445 2474 otrtnes
460 2429 540 2476 ornat
556 2421 739 2476 virtutessuas
756 2440 764 2488 ;
782 2438 842 2494 qnae
858 2421 909 2477 nisi
963 2417 1087 2472 occultos
1103 2425 1190 2486 nutus,
1217 2419 1315 2491 quibus
1338 2419 1511 2490 suggerenda
1534 2419 1679 2485 insinuant,
1704 2422 1764 2477 siva

98 2523 135 2562 ex
160 2511 234 2563 recta
258 2507 409 2563 intentione
434 2509 617 2579 dependeant,
643 2525 694 2564 uec
714 2509 797 2565 decus
818 2525 906 2581 suum,
964 2506 1506 2578 bouiangeliinbonum,1)eovolcate;
1522 2509 1581 2564 sive
1596 2508 1659 2564 mali
1672 2510 1763 2583 angeli

101 2613 156 2653 nec
169 2597 308 2663 decorem,
324 2597 372 2652 sed
393 2613 481 2669 neque
506 2598 594 2668 ipsum
618 2597 835 2668 comprobantur
858 2599 907 2653 lna·
962 2593 989 2647 in
1006 2594 1116 2660 matum,
1132 2596 1189 2649 ⁰20
1204 2596 1398 2666 permillents:
1419 2597 1565 2668 Apostolus
1589 2597 1697 2670 linguas
1710 2613 1764 2676 att·

103 2685 170 2741 bere
184 2701 284 2742 nomen
304 2687 442 2742 virtutum.
462 2685 508 2740 Vel
532 2685 594 2741 colli
620 2687 737 2757 Sponsae
761 2703 908 2742 ornamen-
963 2681 1087 2754 getarum
1111 2684 1247 2754 appellare
1268 2685 1385 2753 videtur,
1401 2685 1447 2741 ubi
1469 2685 1534 2741 dicit
1558 2704 1564 2740 ι
1590 2707 1601 2736 ι
1626 2687 1654 2741 Si
1670 2686 1765 2759 loquar

101 2784 171 2842 tura,
187 2791 264 2830 amor
289 2774 391 2846 Sponsi
411 2784 450 2828 est
473 2775 577 2845 absque
602 2791 656 2846 quo
681 2776 772 2830 omnis
795 2777 908 2832 intentio
963 2769 1064 2841 linguis
1081 2772 1250 2841 angelorum,
1266 2773 1427 2828 charitatem
1443 2782 1534 2828 autem
1560 2790 1613 2830 uon
1636 2774 1761 2844 babeam,

101 2863 179 2919 loeda
192 2879 226 2920 ac
241 2880 368 2934 perversa
384 2872 435 2919 est.
459 2865 525 2919 Cum
541 2879 606 2918 vero
631 2864 744 2920 intentio
768 2865 866 2920 transit
880 2865 908 2921 ia
963 2859 1029 2913 nihil
1044 2876 1103 2914 sum
1120 2861 1144 2929 (l
1158 2860 1220 2916 Cor.
1239 2863 1308 2933 aut).
1327 2884 1338 2910 n
1355 2863 1462 2918 Sanctis
1478 2879 1543 2934 ergo
1565 2863 1764 2933 proficientium

99 2952 240 3022 allectum,
257 2952 371 3008 efficitur
385 2953 483 3008 collum
496 2953 687 3024 Sponsaesicnt
699 2953 799 3008 monite
814 2970 903 3010 sirum.
964 2947 1062 3002 studiis
1077 2958 1104 3003 ct
1118 2950 1286 3006 cohortando
1302 2959 1328 3006 ct
1344 2952 1515 3023 cooperando
1531 2968 1639 3023 semper
1667 2953 1766 3009 adsunt

963 3037 1053 3109 angeli
1068 3038 1127 3108 Dei,
1140 3044 1215 3093 tauto
1226 3038 1350 3094 devotius
1366 3042 1569 3112 congaudentes
1580 3041 1766 3112 spiritualibus
1817 3082 1820 3087 -

962 3126 1074 3196 Sponsae
1088 3129 1265 3196 ornamentis,
1282 3136 1382 3200 quanto
1400 3129 1488 3185 verius
1513 3129 1539 3184 in
1563 3130 1602 3184 eis
1626 3145 1763 3203 recogno-

960 3223 1135 3286 scuntopera
1154 3215 1300 3287 digitorum
1330 3217 1390 3284 Dei,
1420 3226 1447 3273 et
1475 3217 1619 3274 artiticium
1648 3219 1766 3289 Spiritus

960 3303 1061 3359 sancti.
1081 3304 1142 3359 Non
1158 3305 1247 3359 solum
1262 3314 1363 3371 autem,
1379 3306 1427 3361 sed
1442 3313 1469 3361 et
1483 3306 1609 3362 doctores
1623 3306 1710 3362 sancti
1735 3307 1764 3362 iu

959 3391 1082 3446 Ecclesia
1097 3392 1147 3447 Dei
1161 3393 1188 3448 in
1209 3394 1380 3464 sponsalibus
1396 3394 1565 3449 ornamentis
1580 3395 1688 3467 Sponsa
1716 3393 1762 3450 in·

959 3479 1097 3553 telligeudi
1113 3489 1174 3536 sunt
1189 3483 1341 3554 cooperati.
1362 3482 1490 3555 Sequitur
1507 3499 1513 3535 z

137 3068 243 3125 Deinde
259 3067 336 3138 qnasi
352 3083 401 3122 saa
416 3067 440 3122 ei
455 3067 598 3137 imponens
613 3076 796 3124 ornamenta:
816 3091 827 3117 a
852 3071 904 3125 'lu-
920 3081 946 3145 c

97 3158 223 3225 reculas,
243 3157 339 3227 inquit,
355 3172 455 3212 aureas
475 3157 608 3211 iaciemus
630 3155 688 3222 tibi,
715 3156 908 3215 vermiculatas

98 3254 227 3320 argento.
247 3271 257 3294 ι
276 3246 305 3301 ιι
321 3262 386 3301 auro
400 3244 533 3315 sapientia
554 3245 725 3317 intelligitur,
749 3246 813 3318 quia
835 3247 907 3304 sicut

98 3334 249 3407 Apostolus
262 3334 339 3402 dicit,
358 3355 367 3386 ι
388 3335 511 3389 Christus
526 3334 615 3390 iactus
629 3343 670 3390 est
692 3336 772 3390 nobis
793 3337 906 3405 sallien-

99 3425 137 3479 tia
151 3423 176 3495 (l
189 3423 313 3492 Cer.tt,·
331 3422 376 3477 vel
391 3438 424 3478 eo
439 3425 575 3492 tempore,
591 3439 645 3493 qno
661 3423 687 3477 in
703 3422 906 3480 similitudinem

99 3512 240 3569 bominum
257 3511 354 3579 iactus,
371 3511 462 3566 habitu
478 3512 604 3566 inventus
617 3520 657 3565 est
672 3519 700 3566 ut
715 3513 807 3577 bomo,
823 3519 850 3567 et
865 3511 906 3567 in·

99 3601 209 3656 firmum
225 3599 286 3670 ejus
301 3598 407 3664 lortius,
425 3608 450 3654 et
466 3599 579 3654 stultum
603 3599 663 3667 ejus
688 3598 837 3669 sapientius
853 3616 904 3671 ap·
996 3620 1007 3644 ι
1025 3597 1094 3650 Dum
1110 3604 1184 3652 esset
1199 3612 1249 3652 rex
1264 3596 1291 3653 in
1306 3598 1432 3653 accubitu
1445 3614 1505 3664 suo,
1523 3599 1624 3654 nardus
1640 3614 1701 3655 mea
1715 3599 1763 3657 de·

99 3690 190 3762 paruit
211 3688 337 3743 omnibus
361 3687 536 3749 bominibus;
561 3687 604 3743 vel
629 3704 660 3742 ex
685 3704 739 3760 quo
762 3689 787 3743 ei
801 3689 905 3746 haerere
957 3685 997 3739 dit
1013 3685 1123 3740 odorem
1139 3702 1229 3741 sunm.
1248 3707 1260 3737 ι
1277 3686 1359 3742 Aiunt
1373 3686 1418 3758 qui
1436 3687 1582 3759 sagittandi
1596 3687 1761 3759 habentpe-

98 3778 301 3849 incepimusut
316 3777 343 3830 in
356 3776 402 3831 illo
413 3776 565 3847 sapiamus.
581 3777 641 3846 lpse
653 3792 719 3845 ergo
732 3775 802 3832 collo
813 3777 904 3848 Spon·
956 3773 1331 3845 ritiamsensumquemdam
1360 3776 1449 3831 inesse
1475 3776 1565 3831 manui
1597 3777 1759 3850 sagittantis,
1838 3858 1841 3863 Ι

96 3883 137 3923 sae
150 3882 235 3923 aurea
249 3875 408 3922 ornamenta
424 3864 548 3934 imponit,
565 3865 629 3920 dnm
645 3872 745 3922 sanctae
761 3865 903 3922 intentioni
956 3878 1005 3932 per
1020 3878 1099 3931 quem
1117 3878 1191 3932 saepe
1207 3879 1259 3918 non
1276 3863 1341 3918 latet
1356 3862 1438 3918 etlam
1454 3879 1507 3918 non
1523 3864 1674 3930 videntem,¹
1696 3882 1759 3921 tum

95 3971 153 4012 suae
171 3955 289 4029 gratiam
303 3954 444 4024 sapientiae
463 3954 569 4024 adjicit,
585 3962 613 4008 ut
639 3954 729 4009 tendat
744 3970 798 4009 non
813 3955 900 4009 solum
956 3965 1009 4005 non
1025 3951 1052 4004 in
1069 3966 1166 4005 vanum
1182 3951 1248 4006 abiit
1272 3951 1371 4022 sagitta
1386 3952 1420 4008 de
1443 3968 1525 4007 manu
1549 3952 1690 4009 mittentis.
1707 3954 1757 4011 Eo·

94 4045 233 4110 ardenter,
251 4044 298 4098 sed
324 4051 350 4098 et
374 4042 521 4113 sapienter.
548 4042 615 4111 Qum
638 4042 902 4099 vermiculataesunt
955 4038 1017 4093 dem
1032 4038 1275 4110 modoquotndam
1301 4040 1408 4110 pietatis
1431 4056 1540 4096 sensum
1564 4058 1757 4115 nonnunquam

93 4140 220 4207 argento,
237 4133 346 4188 eumad
363 4131 561 4202 praedicandam
577 4130 693 4202 gloriam
714 4130 824 4200 Sponsi,
850 4147 900 4189 ac·
954 4135 1057 4183 constat
1071 4127 1158 4182 inesse
1174 4127 1245 4182 fideli
1259 4127 1375 4183 tideliter
1398 4129 1496 4197 oranti,
1520 4145 1569 4199 per
1594 4147 1678 4202 quem
1701 4146 1756 4187 noa

93 4231 172 4294 cepta
184 4222 274 4294 gratia
288 4220 422 4276 luculenta
439 4224 466 4274 et
480 4234 587 4274 sonorae
600 4219 812 4290 predicationis,
838 4219 898 4274 dis·
952 4233 1015 4270 eum
1030 4216 1103 4281 latet,
1119 4233 1179 4272 eum
1197 4233 1247 4270 sua
1261 4216 1295 4271 ad
1311 4217 1398 4272 Deum
1414 4219 1540 4288 pervenit
1555 4221 1654 4286 oratio,
1670 4226 1697 4275 et
1721 4235 1754 4276 ex

94 4310 172 4382 ponit
195 4325 336 4365 sermones
361 4325 425 4364 suos
450 4310 475 4362 ie
497 4308 610 4377 jndicio.
628 4309 776 4362 llurenutaa
797 4317 897 4372 autem,
951 4320 1084 4374 responso
1099 4304 1277 4360 illuminantis
1300 4306 1407 4377 gratiae,
1434 4314 1461 4361 et
1485 4323 1569 4361 sensu
1594 4306 1673 4362 bonae
1688 4322 1754 4362 con·

94 4400 166 4456 sicut
179 4415 228 4471 per
242 4403 399 4470 argentum,
417 4405 445 4452 ut
459 4398 561 4452 dictum
576 4404 625 4463 est,
638 4398 752 4451 nitorem
763 4395 896 4468 eloquen-
927 4437 931 4444 .
952 4393 1082 4459 scientiae,
1099 4392 1172 4447 nulla
1186 4401 1308 4448 remanet
1319 4393 1452 4449 dubitatio
1468 4393 1661 4449 exauditionis.
1674 4395 1753 4451 Hunc

95 4488 148 4554 tiae,
160 4489 201 4544 sic
217 4486 245 4542 in
259 4502 344 4558 opere
356 4485 430 4542 bono
441 4484 651 4556 perseverantiae
666 4485 896 4556 longanimitatem
952 4496 1017 4553 ergo
1033 4482 1151 4552 Sponsa,
1167 4481 1316 4552 disciptinae
1330 4482 1504 4550 corripientis
1519 4481 1677 4553 magisterio
1692 4498 1755 4539 eru·

95 4577 263 4650 designant:
287 4575 481 4647 perlectionem
507 4589 572 4629 vero
598 4572 625 4627 ia
653 4574 826 4628 rotunditate.
843 4573 897 4628 Sed
952 4568 1008 4623 dita
1022 4584 1055 4625 ac
1070 4568 1210 4639 sapientia
1221 4569 1284 4624 dote
1299 4567 1462 4641 glorificata,
1484 4569 1599 4623 indueus
1613 4568 1750 4640 affectum,

94 4663 448 4736 quarevermicnlatae‘lUt
461 4678 510 4733 per
525 4661 639 4733 liguram
654 4661 786 4716 vermium
801 4662 897 4716 admo·
951 4657 1047 4727 incipit
1069 4656 1127 4725 jnm
1156 4656 1303 4727 perfectius
1329 4658 1503 4727 semetipsam
1532 4673 1710 4729 cognoscere,
1725 4667 1753 4716 et

94 4753 151 4809 nita
164 4753 328 4823 eloquentia,
344 4756 440 4807 careat
455 4749 546 4807 vitium
561 4750 710 4820 jactantiae.
732 4750 807 4806 Sicut
822 4751 896 4805 euim
952 4746 1104 4818 intelligere
1119 4745 1318 4801 acdisceraere
1333 4745 1397 4816 quid
1412 4746 1486 4800 intra
1499 4747 1674 4814 semetipsam
1682 4764 1750 4820 aga-

95 4840 141 4898 vel
155 4842 294 4914 lignorum
320 4841 363 4895 ιιι
387 4841 521 4896 tractuum
545 4838 672 4910 quelibet
696 4839 809 4893 materia
832 4854 897 4909 pro-
952 4835 1133 4906 tantamque
1150 4833 1286 4890 indicante
1306 4834 1426 4902 Sponsa,
1446 4834 1499 4890 boc
1522 4843 1564 4891 est
1582 4834 1750 4895 illuminante

92 4931 186 5003 prium
200 4946 373 5002 unaquaeque
395 4928 478 4983 babet
492 4943 625 4992 vermem,
643 4929 722 4999 quasi
747 4927 896 4983 naturalem
951 4921 1050 4993 gratia,
1068 4920 1203 4991 incipiens
1216 4936 1301 4992 ιθῦθι
1313 4938 1342 4978 ⁸0
1356 4921 1488 4988 invenite.
1506 4923 1577 4994 (lu0d
1593 4925 1672 4996 (ιῦιῦί
1682 4926 1749 4982 ιῙίῑιί

91 5020 235 5076 inimicum
248 5016 387 5089 sospitatis
401 5033 470 5088 sure,
485 5017 525 5072 sic
539 5015 629 5072 omnis
646 5016 744 5083 virtus,
761 5032 810 5071 seu
825 5016 896 5070 bona
951 5013 1162 5082 querebatcum
1176 5009 1302 5065 dicebat:
1321 5033 1333 5059 ι
1350 5010 1442 5066 ludica
1455 5011 1531 5080 mill,
1547 5028 1564 5068 0
1585 5029 1666 5084 quem
1681 5014 1749 5070 dili·

92 5106 194 5164 meatis
207 5105 381 5176 compositio,
397 5104 539 5177 proprium
555 5105 638 5160 babet
651 5104 771 5175 aliquem
785 5103 811 5159 in
826 5103 896 5160 vitiis
950 5100 991 5170 git
1005 5098 1094 5154 aalma
1109 5113 1181 5165 mea,
1197 5098 1243 5154 ubi
1258 5099 1358 5171 pascis,
1375 5099 1421 5155 ubi
1434 5100 1519 5156 cubas
1539 5101 1566 5156 in
1589 5101 1715 5171 meridie,
1733 5125 1746 5155 s

92 5194 245 5252 inimicum.
265 5195 343 5252 Unde
359 5195 488 5265 scriptum
505 5203 544 5249 est
569 5213 574 5248 :
592 5217 603 5242 ι
622 5193 727 5249 l'ertnis
739 5192 895 5248 divitiarum
950 5186 1053 5244 scilicet
1066 5202 1185 5259 regnum
1200 5186 1249 5243 Dei
1265 5186 1337 5243 intra
1350 5203 1390 5255 se,
1406 5188 1497 5246 locum
1512 5190 1639 5255 Domino,
1656 5189 1749 5247 taber·

92 5281 773 5357 superbia.1Sicutautemproprinsdivitiarum
796 5279 896 5337 vermis
950 5276 1076 5333 naculum
1101 5277 1160 5331 Deo
1187 5274 1282 5345 Jacob,
1308 5274 1402 5347 incipit
1430 5279 1621 5350 contemplari,
1637 5295 1692 5335 non
1713 5295 1748 5337 eo

94 5371 226 5445 superbia
248 5380 303 5439 est,
325 5370 364 5428 ιιι
384 5369 546 5441 eloquentia
564 5370 707 5441 jactantia,
730 5386 747 5425 a
767 5386 822 5441 qao
844 5368 896 5425 nisi
950 5362 1186 5436 contemplationis
1200 5363 1293 5432 modo,
1309 5381 1389 5437 qaam
1404 5366 1492 5438 primo
1508 5366 1551 5423 ιιι
1575 5367 1667 5424 ιιιιιιι
1690 5368 1749 5423 ler-

93 5478 232 5538 careatur,
250 5469 380 5544 quidquid
395 5468 505 5527 virtutis
519 5469 562 5526 val
581 5469 701 5525 utilitatis
727 5468 830 5526 babere
852 5467 896 5524 vi·
950 5462 1022 5519 voris
1036 5461 1254 5534 presumptionis
1267 5461 1470 5530 invaserat,ch
1483 5466 1748 5538 acceptumabgra-

93 5567 185 5641 detor,
200 5566 341 5641 eorrumpi
357 5581 470 5626 neccsse
484 5573 533 5624 est.
550 5565 612 5624 Sive
627 5573 718 5623 autem
740 5563 894 5640 longitudo,
949 5561 1019 5617 tuita
1032 5560 1120 5638 gratia
1134 5559 1265 5618 ardenter
1280 5560 1368 5632 potius
1383 5578 1464 5634 quam
1486 5563 1625 5637 sapienter
1646 5579 1749 5635 expen-
