3704 6000
10 92 15 99 ·
67 98 124 158 aar
476 101 539 160 nra.
560 102 1110 175 uuutsusrcoaouurtusuru.
1130 121 1331 182 -rausua
1677 142 1729 195 ,30

71 226 244 299 prohiberet,
269 240 378 282 causam
403 225 524 294 redditit,
544 229 639 287 dicens
656 251 662 286 z
681 254 692 280 ι
710 232 782 302 Quis
805 238 872 293 Pau·
889 244 916 304 Α
932 243 1059 315 ordinari,
1075 256 1179 303 constet
1194 265 1247 305 non
1262 254 1419 323 oportuisse
1441 257 1621 317 ordinationis
1636 266 1728 322 eccle-

70 314 198 379 lienistae,
214 314 311 386 inquit,
327 315 354 368 in
371 315 480 371 nominc
495 318 582 372 Patris
606 327 632 373 et
655 320 719 375 Filii
742 331 769 378 et
791 324 875 395 Spiri·
927 329 1044 388 siasticae
1071 337 1209 404 suspicere
1238 339 1444 410 dignitatem.»
1466 347 1501 401 Et
1529 349 1611 417 paulo
1646 361 1727 423 post:

69 411 116 458 tus
130 403 217 458 sancti
241 402 352 458 minime
368 403 514 474 baptizant.
534 429 544 455 n
573 408 695 478 Cumque
717 411 770 469 hac
792 429 875 469 causa
930 441 941 465 α
957 420 998 474 Ad
1014 438 1148 477 summum
1162 437 1236 481 certe
1252 429 1296 498 qui
1311 431 1377 485 nihil
1393 449 1409 488 a
1425 433 1531 491 Bonoso
1546 452 1725 509 acceperunt,

70 493 171 548 horum
193 492 377 547 tantummodo
402 491 540 562 baptisma
564 495 734 553 residendum
759 499 872 568 diceret,

69 580 291 636 Norationarum
308 596 362 636 non
376 580 463 635 solum
480 582 573 650 laicos,
589 584 637 639 sed
648 593 674 640 et
684 586 800 644 clericos
811 606 872 644 enm

927 508 966 562 rei
985 519 1047 565 suut
1073 523 1198 583 usurpate
1217 517 1367 588 diguitatis,
1385 523 1430 592 qui
1457 524 1483 577 id
1509 540 1539 580 se
1562 539 1729 596 putaverunt
1826 594 1832 601 ,

926 611 996 664 esse,
1016 600 1090 670 quod
1111 602 1183 657 nulla
1210 604 1299 660 fuerat
1324 610 1444 681 regulari
1476 613 1583 671 ratione
1609 632 1725 675 conces·

70 684 171 723 rnanus
194 668 368 738 impositione
401 670 572 740 recipiendos
596 671 682 739 dixin
708 676 773 746 quia
801 676 873 747 apud
927 700 998 741 sum.
1018 709 1029 734 u

69 758 141 813 istos
157 757 463 814 videlicetNovatianos
478 759 512 814 de
536 759 640 816 unitate
663 763 748 819 Patris
771 774 798 819 et
822 765 873 820 Fi·

70 846 102 900 lii
119 855 147 901 et
163 845 280 916 Spiritus
292 846 379 901 sancti
398 846 544 917 aliquando
569 865 619 906 nec
642 851 757 920 quaestio
780 853 870 908 nomi-

69 943 134 989 nata
149 942 204 990 est.
227 934 260 988 Et
277 933 338 989 ideo
362 934 396 988 do
421 937 545 990 oruuibus
568 939 712 1009 segretatis
733 941 790 996 haec
814 941 871 995 sola

69 1023 186 1079 haeresis
210 1022 296 1078 electa
320 1031 371 1089 est,
392 1023 435 1077 cui
456 1024 526 1078 istud
550 1025 690 1081 crederent
714 1028 871 1084 conceden-

70 1114 148 1181 dum,
165 1120 193 1166 ut
214 1127 305 1166 eorum
328 1110 419 1167 clerici
441 1112 644 1183 reciperentur;
665 1116 726 1188 quia
751 1115 818 1171 nihil
842 1117 870 1171 iu

71 1201 159 1256 Patris
174 1208 201 1256 et
218 1199 276 1255 Filii
292 1208 318 1254 et
333 1199 450 1270 Spiritus
478 1202 565 1256 sancti
586 1213 753 1260 sacramento
768 1219 869 1276 pecct-

71 1296 125 1345 ret.
144 1288 198 1345 Sed
212 1290 264 1344 hoc
279 1292 381 1343 tantum
397 1289 424 1342 iu
444 1289 486 1344 his
509 1289 613 1345 duabus
637 1294 789 1348 haeresibns
811 1293 867 1348 sin-

70 1378 208 1451 gulariter
230 1393 293 1433 esse
317 1385 492 1449 praeceptum,
519 1387 546 1434 et
569 1396 623 1435 non
648 1383 675 1435 in
700 1381 815 1452 caeteris,
841 1391 870 1438 ut

69 1467 297 1522 Paulianistarum
314 1466 395 1522 etiam
416 1467 553 1537 baptisma
579 1469 717 1532 refutetur,
737 1471 868 1525 Novatia-

66 1572 166 1613 norum
180 1571 244 1611 vero
259 1554 340 1611 etiam
356 1556 492 1612 ordinatio
514 1557 668 1628 recipiatur.
684 1558 759 1613 ldem
783 1560 865 1614 luno·
882 1576 995 1657 Bretur
1006 1572 1110 1636 ordine,
1126 1574 1182 1630 sive
1197 1575 1282 1633 laicus
1297 1579 1324 1633 in
1344 1581 1514 1654 baptismate,

974 782 1036 839 Car.
1055 786 1114 842 llll.
1133 789 1210 857 Quod
1225 793 1381 920 Donastite
1394 814 1444 870 pro
1459 799 1589 860 utilitate
1604 810 1672 862 aaut

1263 880 1343 936 recep
1359 884 1379 923 t.

959 949 1110 1009 Donatistae
1123 971 1198 1021 roro,
1214 958 1345 1028 quianon
1361 961 1415 1018 alio
1430 966 1511 1022 modo
1526 983 1543 1023 a
1558 968 1612 1026 tide
1636 989 1722 1030 exor-

924 1035 1019 1104 bitant,
1036 1039 1088 1095 nisi
1102 1044 1175 1112 quod
1190 1045 1225 1100 ab
1236 1046 1365 1104 Ecclesiae
1385 1053 1489 1111 unitate
1507 1057 1628 1116 schisma
1649 1061 1723 1120 tece-

924 1135 993 1191 runt,
1019 1129 1081 1183 irati
1107 1132 1178 1200 quod
1197 1133 1360 1192 Caecilianus
1392 1153 1486 1198 contra
1516 1155 1606 1202 votum
1628 1165 1720 1207 eorum

923 1213 1070 1288 episcopus
1085 1228 1135 1285 est,
1153 1221 1359 1295 Carthaginensi
1374 1231 1494 1287 concilio
1515 1235 1600 1291 visum
1628 1249 1670 1294 est
1692 1252 1721 1298 ut

922 1305 1034 1360 eumad
1050 1307 1176 1363 unitatem
1192 1312 1354 1369 catholicam
1377 1318 1490 1389 quilibet
1506 1339 1601 1379 eorum
1628 1330 1720 1385 venire

922 1391 1086 1463 disponeret,
1103 1396 1125 1451 si
1142 1398 1193 1453 boc
1206 1401 1264 1470 paci
1279 1401 1444 1463 Christianae
1463 1411 1592 1479 prodesse
1607 1416 1718 1474 ridere·

922 1487 974 1546 tur,
991 1499 1074 1552 qnam
1088 1485 1126 1539 illi
1142 1487 1220 1542 valde
1234 1488 1439 1563 impugnabant,
1457 1514 1518 1552 cum
1543 1517 1592 1556 suo
1608 1507 1718 1577 recipe·

1531 1589 1588 1645 sive
1603 1593 1719 1650 clericus

64 1644 173 1701 centius
197 1659 268 1717 papa
289 1645 369 1714 paulo
393 1645 519 1716 superius
544 1645 686 1702 manifeste
710 1647 864 1720 distinguit,
923 1658 1132 1716 marmoratae,

65 1735 166 1789 dicens
187 1733 279 1804 (epist,
295 1737 339 1798 22,
356 1749 380 1787 c.
397 1734 426 1804 5)
456 1752 462 1788 ε
488 1758 498 1780 ι
522 1732 600 1801 Quod
626 1735 724 1806 placuit
749 1737 866 1792 Nicaenre

65 1823 177 1878 srnodo
192 1829 340 1891 utaccepta
353 1822 644 1892 manusimpositione,
653 1824 692 1878 sic
702 1833 829 1879 maneant
840 1824 868 1878 iu

65 1879 144 1966 ciero
162 1929 168 1965 :
186 1926 331 1981 possumus
346 1917 441 1965 vestras
463 1909 601 1965 dilectioni
628 1927 693 1966 rere
715 1912 816 1978 dicere,
833 1912 868 1968 de

68 2001 138 2054 solis
151 1998 312 2054 Novatianis
323 1998 376 2053 hoc
386 2015 447 2053 esse
458 2007 636 2070 praeceptum,
648 2015 699 2056 nec
709 2001 745 2055 ad
755 2000 868 2055 aliarum

68 2090 208 2144 haeresum
223 2087 335 2142 elericos
348 2086 497 2158 pertinere.
516 2088 583 2141 Nam
606 2089 627 2142 si
650 2088 742 2160 utique
756 2089 790 2144 dc
805 2104 866 2146 om-

66 2178 151 2234 nibus
165 2178 201 2231 ita
214 2175 378 2244 deffinirent,
394 2176 564 2230 addidissent
590 2193 606 2231 a
630 2177 788 2232 Novatianis
811 2194 866 2233 oa·-

68 2267 190 2337 terisque
204 2262 339 2320 haereticis
354 2263 494 2319 venientes
514 2264 615 2320 deliere
636 2265 663 2319 in
688 2282 766 2320 suum
789 2266 866 2322 ordi-

67 2371 132 2410 nem
147 2352 242 2423 recipi.
258 2351 336 2421 Quod
351 2352 374 2406 si
390 2353 427 2406 ita
450 2361 532 2415 esset,
550 2353 631 2408 etiam
652 2353 717 2408 illud
740 2354 811 2425 quod
832 2354 866 2410 de

71 2441 248 2498 paulianistis
262 2441 362 2496 dictum
378 2449 432 2508 est,
448 2441 550 2512 poterit
574 2440 743 2505 infirmaria
767 2443 866 2512 quibus

67 2532 211 2589 venientes
232 2530 312 2586 etiarn
334 2530 467 2599 baptizari
497 2531 699 2600 precipiantur.
719 2530 865 2603 Nunquid-

70 2636 134 2676 nam
150 2636 210 2677 cum
226 2619 259 2674 de
275 2618 448 2675 paulianistis
459 2617 568 2687 jubent,
583 2634 679 2674 omnes
702 2618 737 2673 ab
753 2618 865 2674 haereti-

68 2710 109 2767 cis
141 2716 308 2764 revertentes
330 2715 409 2762 erunt
441 2708 494 2762 hoc
526 2706 651 2779 exemplo
683 2706 866 2778 baptizandi?

67 2797 148 2864 Quod
167 2813 232 2854 cnm
252 2796 340 2851 nullus
368 2795 467 2851 audeat
492 2796 591 2861 lacere,
612 2795 645 2850 de
667 2795 733 2866 ipsis
755 2802 865 2851 tautum

65 2903 127 2944 esse
142 2894 310 2957 pracceptum
325 2885 393 2940 ratio
409 2884 467 2956 ipsa
480 2884 659 2939 demonstrat.
676 2907 688 2932 s

65 3003 131 3059 Cur.
147 3002 183 3056 X.
202 3000 277 3070 Quod
292 3001 402 3056 nullius
422 3001 535 3056 haeresis
549 3001 609 3056 nisi
628 3001 792 3084 licentiose
805 3002 861 3057 cle-

261 3073 315 3128 rici
330 3077 396 3127 suot
406 3072 473 3143 jure
489 3072 658 3144 recipienda.

99 3171 167 3227 Cum
182 3185 248 3241 ergo
262 3169 295 3224 de
313 3167 380 3222 solis
402 3168 559 3222 Novatianis
581 3168 685 3224 clericis
707 3167 731 3222 si
753 3183 859 3239 praece·

62 3267 150 3333 ptum,
166 3259 230 3329 quid
240 3258 274 3312 de
294 3256 452 3321 Donatistis,
463 3257 618 3311 Bouosincis
626 3257 802 3312 moramentis
814 3255 857 3311 vel

62 3347 206 3405 ordinibus
232 3345 262 3399 in
289 3344 409 3400 Ecclesia
434 3343 599 3414 recipiendis
629 3357 674 3399 est
697 3343 857 3412 dicendum,

61 3436 114 3491 nisi
131 3434 203 3505 qnod
219 3448 272 3488 non
284 3432 345 3502 jure
361 3432 514 3499 celebrata,
531 3432 579 3487 sed
597 3432 720 3501 qualibet
728 3431 857 3488 Ecclesiae

60 3527 105 3582 rel
121 3522 276 3596 ignorantia
289 3521 331 3576 vel
347 3521 506 3577 necessitate
529 3525 657 3590 usurpata
673 3520 726 3574 sint
748 3529 774 3576 et
797 3537 858 3618 per·

59 3613 166 3670 missa‘?
183 3611 237 3666 Sed
252 3610 298 3680 qui
317 3619 376 3681 post
401 3611 459 3664 haec
482 3608 517 3663 de
542 3610 658 3674 arianis,
674 3609 856 3680 Patripassra-

59 3704 117 3771 uis,
135 3699 306 3764 Simonineis,
323 3714 434 3767 quorum
451 3696 586 3751 ordinatio
599 3712 660 3751 cum
676 3697 717 3751 his
732 3697 856 3752 rideatur

59 3788 198 3854 interdici,
219 3786 292 3841 nulla
319 3785 480 3841 auctoritate
505 3784 641 3841 invenitur
666 3784 792 3857 usurpari
812 3785 854 3840 tel

57 3877 201 3951 permitti‘l

95 3975 162 4030 Cae.
181 3972 233 4027 Xl.
256 3970 331 4039 Quod
347 3970 491 4025 bonosiaci
504 3971 734 4040 prooccesattnte
748 3974 818 4026 aaut

395 4042 509 4112 recepti.

93 4143 149 4200 Sed
175 4143 210 4199 de
233 4141 275 4197 his
302 4141 419 4212 primum
447 4138 686 4211 agamus,quibus
714 4147 852 4208 utcunque

55 4233 230 4308 permittitur,
246 4239 271 4287 et
281 4229 452 4303 postmodnm
467 4229 501 4283 de
516 4229 558 4282 his
573 4227 791 4299 quibusomoino
806 4227 851 4281 in-

921 1757 989 1814 Csr.
1009 1759 1087 1817 Xlll.
1104 1765 1179 1833 Quod
1191 1785 1207 1821 o
1217 1769 1308 1825 Leone
1318 1773 1459 1832 dioximus
1469 1780 1616 1852 recipitur,
1629 1786 1718 1842 unat·

956 1847 1020 1955 {aaa
1031 1850 1068 1889 ae
1084 1836 1155 1892 laico
1170 1841 1198 1893 et
1213 1839 1420 1902 Donastistain
1435 1849 1719 1921 episcoporaordioc·

972 1919 1013 1957 us.

958 1991 1023 2045 Item
1039 1993 1092 2049 Leo
1106 2011 1176 2068 papa
1191 2000 1225 2054 ad
1251 2003 1358 2060 lllauros
1383 2007 1528 2080 episcopos
1550 2012 1577 2066 in
1602 2015 1717 2086 epistola

921 2093 970 2132 sua
998 2079 1071 2136 inter
1098 2093 1196 2141 caetera
1221 2090 1371 2162 (epistol,
1396 2112 1423 2150 n.
1450 2098 1500 2168 ol:
1532 2102 1716 2161 «Maximum

921 2183 1028 2239 quoque
1043 2187 1076 2225 ex
1101 2172 1170 2230 laico
1198 2176 1262 2233 licet
1286 2183 1527 2252 reprehensibilter
1551 2190 1715 2260 ordinatum,

921 2263 1011 2311 tamen
1028 2259 1050 2313 si
1067 2260 1208 2320 Donatista
1219 2266 1278 2335 jum
1293 2284 1350 2325 non
1366 2281 1415 2340 est,
1431 2282 1485 2329 ota
1508 2277 1603 2347 spiritu
1627 2281 1718 2337 schis-

920 2345 1026 2402 rnaticae
1049 2350 1189 2418 pravitatis
1205 2354 1309 2412 alienus
1332 2367 1382 2426 est,
1407 2362 1441 2416 ab
1464 2363 1612 2437 episcopali
1636 2386 1717 2441 qnam

920 2438 1115 2505 quoquomodo
1142 2441 1259 2511 adeptus
1282 2454 1333 2514 est,
1358 2464 1411 2504 non
1442 2453 1596 2521 repellimus
1622 2457 1716 2530 digni-

921 2529 973 2576 tate
987 2540 993 2586 ;
1009 2523 1045 2578 ita
1061 2533 1089 2580 nt
1104 2527 1162 2598 ipse
1175 2529 1267 2587 libello
1281 2534 1315 2588 ad
1331 2552 1381 2592 nos
1405 2539 1478 2596 edito
1502 2543 1671 2601 catholicum
1686 2564 1717 2604 se

919 2626 981 2665 esse
997 2613 1160 2673 manifestet.
1177 2642 1188 2668 a

990 2711 1056 2767 Car.
1071 2714 1144 2770 xlv.
1161 2718 1231 2774 ltam
1252 2721 1402 2780 Nepotiani
1416 2727 1449 2784 oh
1469 2729 1644 2788 Innocentio.

955 2801 987 2856 Et
1003 2803 1066 2873 quie
1080 2805 1208 2863 similiter
1221 2809 1398 2869 Novatianis
1421 2814 1473 2872 fide
1497 2835 1552 2874 non
1573 2821 1713 2890 aberrant,

918 2886 953 2943 de
964 2888 1040 2946 laicis
1055 2891 1096 2947 rel
1113 2895 1226 2951 clereois
1240 2914 1337 2955 eorum
1351 2902 1516 2972 recipiendis
1524 2912 1658 2966 consentit
1670 2929 1717 2969 au·

917 2979 1025 3035 ctorias.
1041 2980 1121 3037 Unde
1145 2985 1342 3044 Innocentiusl
1360 2991 1480 3049 Victoria
1501 2995 1715 3072 ltotltomagensi

915 3066 1056 3138 episcopo,
1078 3086 1128 3140 cap
1153 3076 1186 3127 ta
1210 3074 1299 3145 (epist.
1321 3081 1348 3144 2,
1368 3095 1396 3135 e.
1419 3082 1456 3149 8):
1483 3105 1494 3130 n
1523 3085 1672 3143 Venientes
1696 3107 1712 3145 a

913 3154 1073 3211 Novatianis
1089 3160 1133 3214 vel
1148 3162 1333 3220 hlontensibns
1347 3183 1395 3234 per
1415 3185 1514 3226 manus
1529 3180 1633 3229 tantum
1657 3178 1712 3231 im-

913 3245 1074 3312 positionem
1099 3249 1300 3319 suscipiantur;
1322 3255 1540 3326 qnia.quamvis
1569 3263 1603 3316 ab
1626 3265 1710 3321 haere·

912 3332 980 3399 ticis,
996 3340 1090 3389 tamon
1106 3335 1132 3390 in
1149 3336 1248 3393 Christi
1264 3342 1372 3397 nomine
1388 3344 1513 3415 baptizati
1529 3359 1602 3405 suut.
1624 3377 1636 3402 s

954 3422 1018 3477 Cur.
1035 3424 1094 3479 XV.
1110 3425 1180 3481 ltem
1197 3427 1321 3486 Donatus
1342 3432 1515 3493 Narrationes
1529 3455 1546 3494 c
1561 3440 1663 3497 Leone.

948 3511 980 3565 Et
996 3511 1048 3567 heo
1071 3512 1106 3566 ad
1132 3515 1239 3571 hlauros
1261 3520 1404 3590 episcopos
1430 3524 1521 3594 (epist.
1547 3527 1591 3594 87,
1607 3546 1634 3584 n.
1652 3534 1679 3602 3)
1697 3549 1704 3586 :

913 3618 924 3648 ι
951 3599 1085 3654 Donatum
1117 3610 1206 3659 autem
1241 3605 1415 3675 sejacensem
1434 3627 1466 3667 ex
1494 3615 1660 3687 Novatiano,
1677 3630 1707 3677 ut

909 3689 1100 3759 comperimus,
1117 3707 1179 3746 cnm
1194 3709 1242 3748 sua
1267 3696 1346 3765 plebe
1370 3714 1542 3770 conversum,
1556 3704 1590 3760 ite
1616 3708 1706 3763 Domi·

910 3776 971 3832 nico
987 3779 1063 3849 gregi
1079 3779 1203 3836 uolumus
1218 3785 1375 3855 praesidere,
1393 3797 1422 3843 nt
1436 3789 1558 3847 libellum
1576 3793 1638 3850 ttoni
1649 3813 1705 3853 suae

909 3867 1065 3922 meminerit
1078 3867 1113 3922 ad
1127 3885 1176 3924 nos
1191 3871 1365 3944 dirigendum
1383 3894 1389 3930 :
1407 3894 1460 3948 quo
1480 3888 1507 3935 et
1521 3882 1617 3937 Noruli
1632 3885 1705 3957 dog·

887 3956 989 4010 matis
1013 3956 1124 4013 damnet
1147 3975 1279 4030 errorem,
1306 3968 1332 4019 et
1353 3965 1511 4034 plenissime
1542 3972 1703 4031 confiteatur

908 4044 1067 4100 catholicam
1091 4046 1241 4104 veritatem.
1261 4072 1272 4098 n
1303 4049 1383 4118 Quod
1402 4062 1430 4109 ut
1453 4055 1486 4111 de
1508 4055 1653 4116 Donatista
1677 4072 1705 4118 et

907 4132 1058 4189 Novatiano
1074 4150 1127 4189 uon
1143 4138 1313 4208 regulariter,
1328 4140 1375 4194 sed
1397 4143 1512 4211 quadam
1538 4146 1701 4205 discretione

907 4236 1064 4277 concessum
1089 4225 1252 4292 ostenderet,
1277 4243 1306 4282 se
1336 4243 1469 4285 excusans
1502 4233 1703 4303 subsequenter

54 4322 210 4380 terdicitur.
230 4318 369 4376 Douosiaci
393 4325 454 4372 suut
474 4315 631 4382 Plrotiniaci,
647 4317 706 4386 qui,
722 4316 791 4370 sicut
804 4316 850 4370 lu·
865 4300 894 4363 D
907 4310 967 4364 ait:
987 4329 998 4359 ι
1016 4309 1082 4378 Quae
1092 4326 1146 4366 nou
1161 4322 1295 4369 certarum
1311 4316 1469 4373 remisimus
1484 4321 1702 4381 consideratione

54 4413 110 4468 daei
124 4410 260 4467 Christum
273 4416 333 4464 ante
348 4406 446 4463 saecula
461 4423 495 4460 ex
505 4405 581 4460 Patre
596 4405 717 4477 genitum
733 4406 848 4475 negant.

54 4501 99 4557 De
113 4500 155 4555 his
169 4513 237 4573 ergo
249 4497 321 4552 idem
339 4494 515 4551 Innocentius
530 4509 591 4564 cap.
608 4496 624 4547 5
639 4493 728 4564 (epist.
738 4491 784 4562 Η)
795 4491 833 4546 ait
845 4511 851 4546 :

58 4614 69 4639 ι
86 4588 182 4645 annisi
197 4587 286 4642 fratris
300 4585 438 4658 quondam
453 4583 538 4638 nostri
561 4580 729 4652 aliorumque
750 4595 851 4636 consa-

54 4678 196 4736 cerdotum
210 4689 319 4730 summa
334 4673 492 4728 deliberatio
508 4670 568 4738 tuit,
583 4678 612 4725 ut
636 4685 704 4739 quos
726 4670 851 4725 Bonosus

54 4767 240 4832 ordinaverat,
256 4780 290 4821 ne
305 4780 368 4818 cum
389 4761 483 4817 eodem
509 4766 709 4831 permanerent,
725 4773 757 4814 ac
772 4757 852 4813 fleret

54 4872 110 4913 nou
124 4854 263 4911 mediocre
290 4851 457 4918 scandalum,
483 4849 599 4904 ordinati
624 4847 817 4916 reciperentur.
837 4868 847 4894 n

53 4944 134 5014 onon
149 4958 216 5016 ergo
231 4941 380 4997 necessitas
395 4953 443 5010 pro
469 4936 588 4993 remedio
603 4936 712 5006 reperit,
728 4941 852 4991 cessante

52 5032 225 5096 necessitate,
241 5030 322 5085 debet
337 5029 438 5101 pariter
452 5042 558 5082 cessare
583 5025 656 5095 quod
681 5024 807 5096 urgebat,
822 5029 851 5120 ut

52 5125 105 5179 hoc
127 5120 237 5193 quidem
258 5126 321 5174 aute
345 5115 406 5186 ejus
431 5114 649 5170 damnationem.
667 5111 738 5167 Nam
757 5111 852 5209 dehis

52 5211 99 5285 qui
124 5216 220 5280 postea
252 5206 371 5262 ordinati
403 5213 474 5268 sunt,
495 5202 697 5270 subsequenter
724 5199 850 5267 adJecrt:

54 5297 139 5370 ..Qui
168 5298 203 5354 de
225 5296 359 5353 catholica
381 5293 416 5349 ad
434 5294 560 5347 Bonosun
579 5289 713 5344 transiero
734 5287 842 5343 damna·

51 5397 120 5458 lnm,
136 5392 216 5457 atque
243 5400 273 5440 se
294 5384 365 5456 passi
379 5390 442 5437 sunt
463 5381 506 5437 vel
530 5379 674 5451 cupierunt
698 5378 733 5433 ab
756 5374 851 5431 eodem

229 5539 371 5602 Parnon
386 5533 547 5600 CLXXX

907 4414 1059 4463 causarum,
1081 4399 1197 4472 antiquis
1220 4401 1352 4474 deinceps
1373 4407 1553 4463 custodienda
1576 4419 1639 4466 sunt
1661 4430 1702 4468 re-

907 4488 989 4559 gulis,
1005 4496 1037 4542 ut
1052 4489 1123 4558 quod
1139 4489 1172 4543 ad
1189 4497 1294 4562 tempus
1315 4492 1359 4563 pia
1374 4493 1483 4551 lenitate
1507 4500 1700 4571 concessimus,

905 4563 977 4646 justa
992 4584 1051 4646 post
1065 4579 1122 4631 lraec
1136 4577 1236 4632 ultione
1260 4578 1419 4649 plectamus.
1438 4607 1449 4630 a
1465 4585 1504 4638 Ex
1528 4587 1626 4657 quibus
1648 4604 1701 4644 au-

904 4663 1071 4719 ctoritatibus
1090 4662 1231 4735 colligitur
1255 4666 1319 4737 quia
1341 4680 1521 4740 sacramenta,
1537 4691 1598 4745 quae
1622 4676 1700 4732 here·

904 4750 950 4806 tici
965 4766 1018 4805 non
1034 4749 1113 4805 aliter
1135 4752 1245 4818 habent,
1261 4769 1310 4810 nec
1333 4756 1413 4813 aliter
1435 4769 1519 4832 agunt
1543 4779 1623 4832 quam
1650 4765 1700 4820 Ec-

904 4838 998 4904 clesia,
1015 4854 1046 4893 ea
1060 4838 1160 4895 scilieet
1175 4838 1227 4895 fide
1242 4847 1267 4897 ct
1283 4842 1378 4900 ordine
1398 4847 1538 4916 hahentes,
1553 4856 1580 4906 et
1605 4853 1700 4909 dantes

904 4927 1040 5000 quomodo
1054 4927 1232 4993 habebantur,
1247 4938 1273 4985 et
1289 4932 1423 4989 dabantur
1448 4938 1606 5012 priusquam
1632 4942 1700 4998 inde

905 5019 1007 5072 exirent
1020 5016 1148 5072 aliorsum
1170 5016 1273 5089 perfide
1296 5021 1445 5078 sentientes
1469 5042 1548 5098 quam
1578 5030 1604 5083 in
1633 5030 1699 5101 ipsis

905 5105 1095 5171 sacramentis,
1111 5121 1160 5176 per
1175 5122 1269 5162 manus
1289 5107 1490 5179 impositionem
1505 5131 1699 5173 consummau-

906 5203 952 5249 tur
979 5201 1005 5250 et
1026 5193 1213 5263 approbantur
1242 5198 1440 5253 revertentibus
1468 5202 1503 5255 ad
1531 5203 1695 5261 Ecclesiam.

906 5281 988 5352 Quod
1003 5291 1092 5337 tamen
1106 5282 1201 5336 intuitu
1218 5285 1383 5339 necessitatis
1399 5296 1424 5342 et
1439 5290 1701 5363 pietatisaliquaudo

907 5372 1018 5441 tactum,
1034 5386 1087 5427 non
1103 5370 1212 5443 sapius,
1230 5379 1258 5426 ut
1276 5373 1313 5428 ait
1338 5374 1400 5445 Leo,
1418 5385 1458 5433 est
1481 5390 1651 5453 usurpatum,
1669 5401 1702 5441 no

1472 5529 1511 5592 30
