3728 6000
99 268 154 320 893

499 262 569 321 Llll.
592 267 639 322 DE
659 266 910 324 tttsbutcottuttt
930 267 975 323 ET
991 268 1157 325 ttJSTtTtA.
1176 300 1212 310 —
1225 268 1325 324 esuis
1341 271 1361 325 l.

1701 271 1752 325 89}

101 393 175 449 libus
190 401 217 450 et
237 393 430 467 predicatione
449 409 509 460 sua,
533 402 559 450 et
580 395 715 462 oratione,
740 393 899 463 caeterisque
914 390 975 454 Aa
999 395 1099 451 Christi
1121 396 1221 452 ienitate
1246 404 1416 469 separantur.
1442 396 1556 466 Quidam
1580 410 1647 453 vero
1670 410 1754 452 econ·

102 484 436 540 omnibusecclesiasticis
459 484 606 554 mysteriis,
623 484 682 539 sire
707 500 738 539 ea
762 482 903 540 celebrent

101 572 260 640 occasione,
276 573 344 639 siue,
359 581 389 628 ut
403 573 439 627 nit
458 575 612 644 Apostolus,
629 573 742 628 veritate
759 592 766 628 t
782 573 817 628 dc
832 586 903 642 quu-

104 678 165 717 rum
179 662 324 718 tolerantia
338 678 388 718 nos
403 662 570 735 Augustinus
590 663 669 718 laude
682 663 780 735 dignes
796 660 901 726 astruit,

103 751 142 806 ab
155 751 209 807 illis
223 751 302 807 nobis
318 767 380 808 esse
394 751 589 807 attendendum
613 753 745 807 Dominus
760 751 787 805 in
810 751 903 805 Evan-

104 840 179 912 gelio
212 839 439 906 admonet3illus
472 840 632 896 Ambrosius
664 840 765 909 ejicere
797 839 832 894 dc
854 839 904 894 Ec·

103 928 196 984 clasiae
210 928 344 994 navicula,
360 944 393 983 ne
406 945 467 984 curn
483 929 536 984 illis
555 945 701 1000 pereamus
716 928 793 998 jubet
804 944 810 983 :
823 928 903 981 unius

103 1017 176 1072 enirn
193 1018 301 1088 culpam
317 1019 423 1073 cunctis
444 1018 569 1074 conterre
592 1018 730 1090 ignasiam
754 1017 844 1072 docet.
863 1017 903 1070 Ea

104 1123 158 1177 qua
181 1116 377 1178 praeceptorum
403 1108 533 1162 varietate
556 1107 665 1174 sanctis,
691 1122 811 1177 quorum
836 1120 905 1159 unus

105 1204 146 1250 est
179 1196 289 1266 spiritus
312 1213 366 1251 non
391 1195 575 1251 dissensionis
598 1197 648 1251 sed
676 1194 759 1266 pacis,
784 1209 838 1249 non
862 1200 904 1248 cst

102 1284 161 1340 ulla
184 1284 360 1342 contrarietas
386 1284 555 1356 imputanda.
573 1286 627 1340 Sed
643 1301 704 1339 cum
730 1299 826 1338 omnes
850 1282 904 1337 riae

103 1375 216 1430 Domini
241 1383 304 1429 sunt
325 1373 512 1429 misericordia
537 1383 562 1429 et
582 1374 694 1441 veritas,
716 1372 836 1428 maxima
858 1371 902 1425 di-

104 1466 206 1521 scretio
221 1472 261 1519 est
275 1464 449 1527 attendenda,
467 1481 520 1534 qua
535 1479 596 1520 cum
627 1463 785 1518 psalmistas
798 1460 902 1516 miscri-

103 1553 226 1609 cordiam
242 1552 408 1622 ctjudicium
425 1553 483 1607 Deo
499 1561 636 1607 cantemus
658 1553 746 1622 (l’sul.
762 1553 804 1613 C..
822 1552 859 1619 ι),
875 1557 904 1603 ut

103 1641 209 1699 scilicet
229 1657 284 1696 non
308 1641 428 1709 dissone,
452 1641 500 1695 scd
526 1642 659 1696 concinne
682 1648 708 1695 et
732 1639 904 1695 concorditer

956 485 1038 540 trario
1071 486 1266 554 periclitantes,
1300 504 1360 542 curn
1386 486 1520 542 ιιοιιοιιιιιι
1554 494 1581 541 et
1619 483 1755 540 malorum

957 574 1174 630 commistionem
1190 576 1217 630 in
1232 575 1356 631 Ecclesia
1381 576 1593 632 demonstratam
1617 574 1661 630 rel
1683 589 1754 645 pree-

956 662 1056 718 dictam
1071 679 1131 719 esse
1145 665 1344 735 perspexerint,
1361 673 1389 720 et
1404 665 1538 735 patientiae
1552 671 1690 736 precepta
1703 663 1755 718 de-

957 751 1050 807 derint
1080 754 1153 822 (qure
1176 768 1226 808 nos
1254 752 1428 809 firmissimos
1457 752 1585 820 reddunt,
1601 760 1630 807 ut
1652 749 1755 808 etiamsi

958 841 1084 895 videntur
1099 843 1128 895 in
1143 841 1265 897 Ecclesia
1281 858 1340 898 esse
1354 844 1467 908 zizania,
1485 858 1540 897 non
1558 851 1649 897 tamen
1664 842 1755 912 impe-

957 928 1047 984 diatur
1063 928 1131 986 fides
1145 938 1190 985 aut
1205 931 1323 987 charitas
1338 940 1441 997 nostra,
1458 939 1486 986 ut
1510 931 1634 1003 queniam
1651 929 1755 984 zizania

958 1034 1019 1074 esse
1034 1019 1183 1084 cernimus,
1199 1019 1252 1090 ipsi
1280 1020 1314 1075 de
1337 1020 1460 1075 Ecclesia
1480 1020 1652 1087 recedamus,
1667 1017 1754 1074 desti-

958 1108 1085 1163 tuendam
1101 1113 1228 1180 putantes
1242 1110 1372 1164 Ecclesiae
1397 1109 1592 1179 disciplinam),
1608 1107 1755 1181 quamdam

957 1197 1192 1268 perversissimam
1227 1198 1400 1253 securitatem
1442 1198 1594 1270 praepositis
1636 1196 1757 1252 tribuunt

958 1286 1033 1357 quasi
1048 1287 1081 1341 ad
1098 1302 1145 1341 cns
1160 1302 1213 1342 nen
1229 1287 1362 1354 pertinent
1384 1286 1435 1341 uisi
1457 1286 1547 1343 dicere
1570 1285 1636 1357 quid
1654 1299 1755 1340 cauren-

957 1375 1021 1430 dnm
1038 1375 1136 1446 quidve
1159 1374 1316 1430 laciendum
1340 1374 1382 1441 sit,
1399 1375 1540 1448 quodlibet
1562 1385 1651 1430 nutam
1676 1372 1756 1444 quis-

958 1464 1018 1536 quis
1032 1464 1112 1520 saciat
1126 1480 1180 1520 non
1194 1482 1298 1521 camare.
1316 1466 1374 1520 Nos
1395 1480 1463 1521 vero
1475 1465 1509 1520 ad
1532 1479 1627 1520 sanam
1650 1461 1755 1518 doctri·

957 1570 1021 1608 nam
1045 1554 1178 1624 pertinere
1203 1553 1373 1620 arbitramur,
1391 1569 1427 1609 ex
1450 1553 1569 1622 utrisque
1593 1550 1754 1607 testimoniis

958 1643 1040 1697 vitam
1056 1643 1273 1715 sententiamque
1287 1643 1423 1698 moderari
1440 1662 1446 1698 ε
1476 1650 1505 1697 ιιι
1518 1657 1600 1698 canes
1614 1641 1642 1695 in
1656 1638 1754 1695 Eccle-
1810 1671 1812 1675 <

105 1737 256 1803 utrumque
278 1746 338 1786 esse
363 1729 570 1799 exsequendum
594 1745 643 1785 sue
668 1728 776 1794 ordine,
790 1744 837 1782 sua
858 1726 902 1782 di·
917 1753 944 1813 B
960 1731 1000 1786 sia
1021 1739 1131 1803 propter
1151 1747 1246 1802 pacem
1268 1731 1399 1788 Ecclesiae
1421 1732 1577 1796 toleremus,
1594 1737 1620 1786 et
1641 1727 1754 1784 canibus

104 1820 242 1877 scretione
256 1819 481 1874 demonstremus.
498 1819 533 1873 Et
555 1817 619 1872 illud
635 1818 717 1891 igitur
735 1826 776 1872 est
797 1816 903 1872 lacien-
960 1820 1090 1875 Sanctum
1106 1820 1151 1874 ubi
1164 1827 1205 1876 cst
1219 1837 1272 1890 pax
1286 1820 1415 1876 Ecclesia
1429 1826 1486 1875 tuta
1500 1819 1667 1874 nondcmus.
1687 1816 1754 1871 Cum

105 1909 182 1974 dum,
205 1918 232 1965 et
256 1911 310 1967 hoc
332 1925 388 1964 nen
410 1917 452 1964 est
475 1908 673 1975 emittendum3
689 1907 737 1961 sed
760 1914 800 1961 est
824 1922 902 1960 suum
958 1925 1026 1981 erge
1041 1909 1098 1964 sire
1114 1926 1164 1981 per
1177 1909 1376 1982 negligentiam
1393 1908 1610 1980 prepositorum,
1626 1908 1686 1961 sive
1704 1920 1754 1975 par

104 2007 214 2071 tempus
229 1998 394 2066 tolerantiae,
415 2005 456 2053 est
479 2000 561 2053 etiam
586 2013 664 2052 suum
687 1994 850 2065 disciplinae.
869 1995 903 2050 Ut
958 1997 1077 2069 aliquam
1088 1998 1272 2052 excusabilem
1284 1998 1482 2060 necessitatem,
1500 1997 1556 2053 sire
1572 2012 1620 2068 per
1634 1993 1753 2051 occultas
1841 2066 1844 2071 Ι

105 2088 224 2144 enimait
234 2087 360 2144 Salomon
372 2106 377 2142 :
391 2088 438 2142 Est
449 2091 560 2159 tempus
568 2086 781 2159 pluratundi,est
793 2089 904 2156 tempus
957 2086 1134 2158 obreptiones
1149 2086 1307 2142 insanimus
1323 2088 1350 2141 in
1365 2086 1492 2142 Ecclesia
1507 2085 1603 2153 malos,
1621 2098 1688 2155 quus
1703 2096 1753 2139 ec·

106 2179 246 2236 evellendi
259 2178 360 2247 (Eccle.
375 2193 416 2244 ιιι,
430 2178 467 2247 a).
479 2176 607 2245 Quamliu
623 2175 695 2230 enim
705 2173 767 2228 mali
784 2172 903 2229 accusari
957 2175 1111 2231 clesiastica
1126 2175 1271 2246 disciplina
1287 2176 1426 2247 corrigere
1439 2190 1493 2230 non
1503 2190 1662 2248 possumus;
1678 2180 1753 2236 tuuc,

106 2275 256 2338 nequeunt,
272 2267 315 2320 vel
330 2267 393 2336 quia
407 2265 588 2321 accusationis
607 2263 777 2320 documentis
798 2261 902 2316 deseri·
957 2281 991 2319 ue
1013 2264 1145 2321 ascendat
1167 2264 1193 2320 in
1216 2281 1264 2321 cor
1286 2272 1407 2319 nostrum
1433 2264 1519 2337 impia
1549 2272 1576 2320 et
1603 2260 1754 2335 perniciosa

107 2372 185 2430 mur,
202 2356 266 2428 quia
277 2355 353 2411 deest
371 2363 520 2420 accinatur,
536 2354 579 2409 vel
594 2369 733 2416 numerus,
749 2350 792 2405 vel
807 2350 902 2421 probi·
956 2352 1144 2424 praesumptio,
1161 2370 1212 2423 qua
1240 2353 1427 2409 existimemus
1438 2369 1488 2408 noa
1503 2354 1537 2409 ah
1552 2352 1594 2407 bis
1609 2363 1754 2421 essesepa·

107 2452 159 2512 tas,
174 2445 218 2501 rel
233 2444 319 2516 culpe
335 2444 396 2499 talis
412 2443 550 2498 euidentia
564 2442 606 2498 cui
632 2440 766 2497 testificari
788 2439 901 2511 possint,
957 2443 1069 2508 randos,
1084 2451 1112 2497 ut
1126 2441 1245 2513 peccatis
1257 2457 1349 2498 curum
1373 2457 1427 2497 non
1448 2441 1629 2513 inquinemur,
1644 2438 1754 2495 veniant

106 2533 150 2590 vel
166 2534 245 2590 etiarn
257 2549 273 2588 a
285 2533 366 2587 malis
378 2528 901 2602 Ecclesiaajudicibusnonaudirentur,
957 2533 983 2588 in
1000 2539 1118 2587 mentem
1142 2529 1194 2586 illae
1216 2530 1249 2587 de
1274 2530 1423 2601 Seriptmis
1446 2529 1645 2596 similitudines,
1660 2535 1687 2582 et
1708 2525 1753 2581 di-

105 2621 213 2679 ttiumsi
237 2631 447 2684 accusarenluffi
470 2621 513 2677 uel
538 2620 601 2692 quia
626 2621 708 2675 etiam
731 2625 903 2673 accusatores
957 2621 1020 2678 sinu
1034 2621 1158 2687 oracula,
1175 2628 1201 2675 et
1214 2620 1365 2676 certissima
1380 2620 1514 2691 exempla,
1531 2619 1629 2691 quibus
1643 2618 1755 2672 demon-

105 2712 246 2784 corrigere
271 2726 325 2766 nen
358 2718 480 2781 possent,
507 2709 555 2764 sed
589 2707 817 2779 pejerarent;rel
840 2705 904 2775 quia
958 2718 1070 2765 stratum
1094 2717 1136 2765 est
1159 2708 1246 2764 malos
1277 2709 1305 2764 in
1337 2709 1462 2764 Ecclesia
1494 2709 1640 2780 permistos
1672 2703 1753 2760 bonis

106 2800 177 2856 tales
189 2816 314 2870 personae
328 2806 389 2853 sunt
402 2815 462 2868 quae
478 2797 520 2852 rel
540 2814 588 2868 per
602 2814 631 2850 se
650 2797 693 2851 rel
712 2812 760 2867 per
783 2795 903 2850 fautores
957 2798 1089 2870 usquead
1102 2797 1181 2853 linem
1197 2797 1290 2853 saculi
1311 2806 1472 2870 tempusque
1488 2796 1585 2868 judicii
1597 2795 1714 2859 futuros,
1725 2793 1753 2848 ei

105 2903 170 2943 suos
186 2887 236 2943 toti
251 2887 381 2942 Ecclesiae
396 2886 533 2942 concitare
550 2892 666 2956 possunt
686 2883 845 2939 scandalum
860 2882 903 2937 vel
956 2887 1025 2942 nihil
1040 2887 1120 2942 bonis
1143 2888 1169 2941 in
1194 2885 1295 2943 unitate
1318 2901 1351 2944 ac
1365 2887 1572 2958 participatione
1595 2896 1754 2941 sacramen·

106 2976 262 3033 schismatis
285 2976 328 3031 sel
352 2974 533 3046 oppresionis,
558 2972 651 3027 tandiu
679 2981 740 3027 sunt
760 2971 900 3037 tolerandi,
957 2984 1055 3040 torum,
1071 2975 1117 3046 qui
1138 2975 1178 3030 eis
1202 2974 1279 3032 iactis
1303 2991 1357 3030 nun
1378 2976 1577 3044 consenserint,
1592 2975 1752 3035 oblaturos·

104 3080 155 3121 nec
178 3072 267 3120 minen
292 3064 347 3119 ullo
368 3079 502 3119 consensu
527 3061 725 3134 amplectendi;
742 3060 790 3115 sed
813 3069 902 3115 tamen
919 3106 943 3171 C
958 3065 1026 3119 Cum
1041 3079 1110 3119 raro
1126 3065 1177 3127 eis,
1189 3079 1238 3135 per
1248 3080 1316 3136 quos
1325 3064 1447 3120 Ecclesia
1468 3065 1586 3136 regitur,
1594 3065 1756 3122 adestsslvs

106 3154 169 3228 quia
193 3153 352 3218 intentione,
368 3152 415 3207 uel
440 3151 596 3224 fragilitate,
611 3149 656 3206 rel
679 3149 839 3205 necessitate
860 3149 903 3203 la·
958 3169 1024 3224 pace
1040 3160 1159 3224 potestas
1180 3153 1334 3224 disciplinae
1356 3153 1489 3208 adsersus
1513 3153 1651 3223 improbos
1671 3169 1755 3211 0101.

105 3244 180 3299 ciant
193 3241 342 3315 diligenter
355 3240 555 3296 considerandi.
572 3241 606 3296 L't
631 3255 697 3308 ergo
712 3237 905 3294 misericordia
958 3242 1070 3307 cendae3
1087 3250 1150 3297 tunc
1165 3257 1261 3297 rursus
1276 3257 1309 3295 ne
1325 3242 1449 3297 socordia
1461 3241 1623 3314 signitiaque
1638 3242 1757 3299 dormia-

106 3337 232 3387 cautctur
247 3337 273 3386 ct
288 3337 420 3386 consonet
443 3346 502 3384 cum
524 3328 637 3399 judicie,
659 3335 904 3398 temperamentum
959 3348 1029 3397 mus,
1046 3330 1106 3385 aliis
1120 3329 1221 3385 aculeis
1243 3338 1439 3400 praeceptorum
1462 3346 1523 3402 quae
1545 3331 1755 3387 saeveritatem

107 3419 358 3490 discretionemque
373 3420 513 3490 utriusque
535 3416 665 3473 describit
685 3417 853 3488 Attgustinus
876 3415 904 3469 in
958 3418 1135 3476 correctionis
1157 3418 1301 3489 pertinent,
1319 3418 1454 3473 excitandi
1477 3426 1622 3484 sumasne
1643 3435 1756 3490 gressus

107 3507 182 3564 libro
197 3510 237 3564 Dc
252 3508 305 3563 lide
320 3515 347 3563 et
361 3509 490 3577 operibus
512 3506 584 3576 (rap.
601 3510 626 3570 3,
641 3522 670 3560 n.
686 3508 713 3574 l)
730 3521 735 3560 :
756 3528 766 3554 ι
780 3504 906 3560 Prohibet
959 3516 1069 3564 nostros
1084 3507 1109 3561 iu
1129 3507 1172 3562 uia
1182 3506 1290 3562 Domini
1305 3523 1339 3562 ex
1362 3507 1504 3578 utriusque
1525 3507 1695 3572 testimoniis,
1710 3509 1756 3566 illo

108 3598 243 3654 Dominus
258 3598 385 3654 Sanctum
401 3596 461 3651 dari
487 3596 610 3659 canibus,
627 3610 678 3650 nec
699 3593 849 3649 contrarius
863 3600 907 3647 est
960 3596 1029 3651 duce
1044 3595 1169 3662 adiutore
1181 3593 1338 3666 dirigentes,
1353 3610 1404 3650 nec
1428 3595 1563 3666 patientiae
1577 3595 1680 3650 nomini
1696 3604 1755 3653 ter·

108 3685 259 3758 Apostolus
275 3686 402 3750 Domino,
418 3684 462 3756 qui
478 3683 542 3738 dicit
555 3702 561 3738 :
576 3685 726 3739 Pascentes
742 3698 905 3740 curamont-
959 3700 1112 3756 pescamus,
1134 3699 1186 3738 nec
1208 3683 1317 3758 obtentu
1338 3682 1487 3755 diligentiae
1511 3685 1666 3739 satiamus.
1683 3708 1694 3733 ι
1720 3686 1757 3742 Ει

109 3775 194 3833 nidus
204 3791 309 3846 urpae:
325 3779 355 3830 ut
368 3779 395 3830 et
411 3775 506 3829 caeteri
516 3780 624 3828 anetum
638 3771 791 3841 iritbennttl
802 3772 905 3837 lirnv,
959 3781 1124 3843 postpauca
1141 3787 1147 3826 :
1168 3793 1178 3816 ι
1198 3771 1226 3826 si
1241 3771 1266 3825 iu
1283 3771 1399 3842 praefata
1414 3773 1646 3829 condescensione
1658 3789 1674 3829 a
1684 3790 1756 3847 quo·

106 3866 164 3937 tu),
177 3880 238 3919 cum
256 3864 301 3919 ille
316 3864 407 3918 dicat:
423 3863 537 3935 Corripe
550 3878 615 3917 erran
629 3863 707 3916 inter
723 3865 749 3915 te
766 3863 793 3914 et
812 3860 906 3932 ipsum
959 3861 1026 3917 libet
1040 3860 1214 3916 calumniaris
1229 3860 1263 3915 de
1283 3860 1375 3933 aliquo
1396 3860 1544 3916 simulandi
1566 3862 1610 3920 uel
1632 3862 1755 3935 tingendi

106 3952 308 4019 (iunctarum,
320 3953 374 4021 ts).
383 3949 609 4022 Utrumqueenim
618 3947 908 4012 iaciendumest,sicut
960 3967 1071 4023 genere,
1080 3950 1199 4022 legimus
1211 3949 1286 4021 quod
1301 3949 1374 4004 utilis
1389 3950 1530 4006 simulatio
1543 3951 1757 4008 assumendaest

106 4041 272 4098 diversitatis
291 4040 433 4095 infirmitas
454 4039 582 4094 admouet
604 4051 794 4108 eorumquae
815 4037 907 4108 utique
959 4040 1137 4110 intempore.
1153 4039 1391 4109 Undeethphas
1412 4039 1590 4096 subtrahebat
1609 4048 1637 4097 et
1659 4057 1757 4114 segre-

107 4146 164 4186 non
179 4129 344 4201 perdendus,
363 4129 410 4184 sed
426 4127 607 4200 corrigendos
618 4127 808 4196 curandosque
819 4140 907 4180 susce·
959 4128 1044 4201 gabat
1059 4145 1090 4182 se
1104 4128 1204 4183 timens
1219 4143 1276 4195 eus,
1286 4144 1346 4182 cum
1363 4143 1413 4184 ras
1421 4128 1561 4184 electionis
1575 4130 1692 4185 totundit
1707 4144 1757 4187 ca-

106 4220 215 4291 pimus;
232 4225 258 4275 et
273 4219 343 4274 alius
358 4218 407 4285 sie,
421 4217 492 4272 alins
514 4225 605 4271 autem
625 4215 663 4270 sic
687 4214 823 4269 sanandus
847 4217 901 4269 est.
959 4225 1008 4288 put
1021 4226 1047 4272 et
1062 4215 1255 4272 Thimotbeum
1271 4216 1453 4273 circumcidit.
1473 4221 1536 4289 lpse
1547 4234 1657 4290 quoque
1670 4219 1754 4274 Filius

107 4309 148 4363 lta
162 4315 207 4364 est
222 4307 303 4363 etiam
318 4307 389 4362 ratio
405 4304 596 4360 dissimulandi
612 4311 637 4358 et
662 4302 793 4359 tolerandi
817 4303 905 4357 malos
962 4304 1010 4360 Dei
1025 4304 1104 4359 linxit
1119 4321 1149 4360 se
1164 4304 1273 4377 lougius
1289 4305 1339 4369 ire,
1354 4313 1382 4360 et
1396 4305 1498 4362 nescire
1513 4306 1586 4378 quod
1600 4306 1716 4362 sciebat.
1743 4330 1755 4354 ι

105 4395 134 4452 iu
151 4396 274 4452 Ecclesia
291 4413 298 4452 ε
314 4403 398 4451 ειεει
421 4411 518 4449 ιιιιειιε
543 4393 698 4462 castigandi
723 4391 800 4460 ratio,
821 4391 907 4447 curri·
961 4393 1039 4459 ltem,
1056 4393 1083 4448 iu
1100 4394 1196 4449 eodem
1211 4409 1272 4464 cap.
1290 4394 1342 4447 tau
1358 4410 1364 4447 :
1380 4416 1390 4442 ι
1409 4394 1566 4449 Cavendum
1590 4402 1631 4449 est
1645 4411 1680 4450 ne
1694 4395 1757 4452 ideo

105 4484 210 4556 piendi,
235 4499 289 4540 non
311 4484 473 4547 admittenti,
493 4483 536 4537 ιει
561 4498 576 4536 a
599 4481 791 4538 commuuione
811 4494 904 4535 reme·
919 4462 945 4524 D
961 4488 1086 4554 putemus
1109 4499 1170 4540 esse
1193 4481 1348 4554 propositas
1368 4481 1434 4537 istas
1462 4480 1653 4539 similitudines
1675 4482 1758 4539 tritici

107 4574 203 4629 rendi.
233 4575 329 4628 Errant
353 4581 443 4628 autem
463 4571 588 4626 homines
610 4586 663 4624 nun
685 4577 827 4624 servantes
846 4583 907 4624 rno-
961 4571 1006 4627 ιει
1021 4571 1199 4636 zizaniorum,
1216 4580 1244 4625 ut
1262 4570 1376 4626 dormiat
1400 4571 1530 4626 Ecclesiae
1551 4570 1705 4642 disciplina,
1722 4572 1757 4628 de

108 4662 188 4728 dum,
218 4667 245 4718 ct
277 4678 337 4717 eum
371 4675 452 4715 unam
486 4659 513 4713 in
551 4667 655 4728 partem
689 4657 836 4727 proclivem
869 4657 908 4712 ire
961 4676 1015 4730 qun
1030 4660 1056 4714 in
1076 4660 1161 4731 figura
1176 4659 1249 4713 illius
1266 4659 1389 4714 mulieris
1404 4658 1503 4714 dietum
1518 4666 1559 4713 est
1573 4674 1674 4716 serere
1688 4674 1755 4715 con-

106 4751 328 4824 ceperianum
357 4748 506 4821 respiciunt
537 4747 637 4802 ‹lirime
670 4745 835 4802 auctoritatis
855 4746 908 4800 alia
961 4748 1126 4804 versationis
1148 4749 1246 4803 domus
1270 4747 1347 4817 ejus;
1370 4745 1418 4802 sed
1440 4762 1538 4803 moneo
1560 4763 1594 4802 ne
1614 4763 1647 4803 eo
1670 4764 1756 4818 usque

109 4840 277 4906 testimonia,
294 4838 396 4910 quibus
411 4837 516 4908 possint
532 4836 566 4890 ab
587 4835 634 4890 illa
656 4835 804 4891 intentione
825 4850 908 4889 revo-
961 4837 1152 4911 progrediatur
1166 4836 1310 4892 dementia
1324 4836 1415 4907 potius
1429 4836 1570 4892 temeritas
1581 4853 1660 4908 quam
1675 4853 1756 4893 sere-

109 4929 178 4995 cari,
194 4937 221 4984 et
236 4929 262 4983 in
278 4944 310 4982 ea
322 4944 382 4999 quae
393 4943 426 4982 en
442 4925 584 4996 utriusque
596 4932 794 4994 temperataest
815 4923 906 4980 consi·
960 4926 1026 4982 ritas
1041 4926 1201 4997 disciplinae,
1218 4933 1247 4980 ut
1262 4926 1339 4997 quasi
1355 4925 1472 4980 bonose
1488 4924 1569 4979 malis
1588 4925 1754 4996 pecuniaria

110 5022 186 5074 stere
206 5019 334 5072 varietate
349 5032 381 5070 nc
404 5015 606 5070 mederatione.
635 5013 752 5081 Quidam
775 5013 908 5068 intuentes
961 5016 1106 5071 schismata
1121 5030 1252 5087 separare
1268 5023 1423 5086 praesumat.
1439 5016 1533 5084 Neque
1557 5016 1629 5069 enim
1644 5032 1694 5087 per
1707 5018 1756 5070 has

109 5114 245 5178 praecepta
270 5104 424 5161 severitatis
447 5105 547 5174 quibus
569 5103 751 5158 admonemur
770 5101 907 5170 corripere
961 5104 1150 5160 similitudines
1178 5113 1205 5159 ct
1219 5103 1453 5175 pronuntiationes
1476 5103 1618 5159 consilium
1643 5103 1756 5160 desidiae

109 5196 255 5267 inquietos,
272 5212 322 5250 nec
337 5195 402 5248 dare
428 5193 557 5248 Sanctum
582 5192 705 5260 cautibus,
722 5200 750 5245 ut
769 5190 906 5246 ethnicum
960 5193 1038 5248 bouis
1058 5193 1151 5247 datum
1174 5201 1223 5260 est,
1240 5199 1269 5247 ut
1293 5193 1433 5265 negligant
1448 5191 1521 5264 quod
1538 5192 1681 5265 prohibere
1703 5193 1755 5247 de-

109 5295 209 5350 habere
223 5293 353 5350 uecteste
369 5299 597 5362 contemptorem,
613 5306 628 5342 a
651 5306 784 5362 compage
806 5304 907 5359 corpo·
962 5283 1025 5337 irent
1037 5298 1043 5350 ;
1056 5281 1103 5337 sed
1127 5281 1276 5352 patientiae,
1293 5299 1346 5354 qua
1369 5282 1520 5352 perierant,
1536 5282 1611 5338 satra
1633 5281 1758 5338 doctriua

108 5396 146 5447 ris
158 5393 309 5448 membrum
322 5391 395 5464 qued
412 5389 575 5445 scandalizat
588 5388 714 5451 euellere,
731 5389 766 5442 ita
792 5395 905 5442 contur—
961 5371 1092 5436 ι’ῡιὶῑθῑῑὲι
1109 5373 1180 5443 (ιῦοἅ
1197 5371 1342 5426 Οῐῐιθΰίῖθιθ
1357 5387 1410 5425 ¹1⁰⁰
1426 5371 1525 5426 valini-
1545 5395 1555 5418 r

107 5488 174 5544 bant
187 5488 318 5546 Ecclesiae
333 5503 438 5560 pacem,
455 5494 483 5540 ut
504 5494 636 5541 conentur
651 5494 712 5540 ante
728 5492 834 5554 tempus
859 5499 906 5538 se-

106 5603 205 5663 parare
220 5587 332 5658 zizania,
349 5594 429 5661 atquc
443 5586 495 5640 hoc
509 5599 601 5640 errore
626 5582 729 5654 caecati,
747 5581 800 5652 ipsi
815 5582 906 5655 potius
