3728 6000
56 242 111 299 285
379 241 589 301 DISPUTATIO
607 243 744 301 attauh
763 245 945 303 ADVERSUS
964 246 1194 303 tractabunt.
1213 277 1250 288 —
1268 245 1334 302 uta.
1358 245 1384 301 Ι.
1654 242 1707 301 286

57 370 133 421 sunt.
150 365 221 432 Quis
238 383 358 439 unquam
374 368 711 438 Arius,qnisEunomius,
723 370 859 440 quisalius
873 370 900 432 A
915 370 1013 426 Filium
1042 371 1101 441 ojus
1114 370 1301 442 intelligimus,
1318 368 1442 440 quaedam
1457 365 1577 439 potentia
1591 370 1646 436 est,
1664 367 1707 424 vel

58 455 244 511 haeresiarcha
259 458 293 512 de
308 458 429 513 Deotam
444 459 515 513 male
530 460 627 524 sensit,
642 467 695 514 tam
711 459 862 514 malasari-
915 459 1012 515 laculta
1027 459 1130 515 somnia
1145 458 1315 515 discernendi
1330 459 1388 514 sive
1402 454 1596 531 cognoscendi,
1609 471 1644 511 ne
1659 473 1708 528 per

59 543 216 616 psittQuid
228 546 322 618 agitis,
332 561 349 600 o
359 555 494 601 nostrates
509 547 662 619 philosophi
677 551 691 602 ‘t
705 548 863 604 Curooulos
915 549 1098 621 ignorantiam
1113 564 1204 605 errare
1218 548 1302 619 possit
1315 562 1322 617 ;
1337 547 1374 602 sic
1388 562 1465 603 amor
1478 544 1569 615 ipsias,
1587 545 1644 600 sive
1656 545 1708 602 be-

59 632 208 687 arertitist
224 633 247 688 0
263 634 425 689 nobilissimi
437 635 565 704 juvenes,
581 651 598 690 o
612 636 709 690 mundi
729 636 818 702 liores,
847 651 863 690 o
916 638 1047 708 nignitas,
1060 653 1139 707 quarn
1154 637 1285 708 Spiritum
1305 643 1429 691 sanatum
1457 635 1580 699 dicimus,
1607 634 1709 705 optima

61 737 147 777 aurea
162 722 283 778 scientim
297 723 437 779 saecularis
451 740 516 780 vasa
532 743 539 788 ς
555 741 603 780 cur
617 725 865 791 taliadiscitis,cur
915 735 957 780 est
972 727 1030 794 eius
1042 725 1177 790 voluntas,
1195 726 1383 797 potiusquam
1398 730 1526 795 potestas.
1546 745 1556 772 ι
1572 721 1709 794 Expergi-

59 809 163 877 dicitis,
180 827 229 866 cur
244 811 364 868 scribitis
376 813 390 865 ‘t
404 812 513 869 Utinam
527 814 652 885 magistri
667 814 748 869 vestri
758 814 863 884 scripta
915 815 1031 883 scimini,
1048 816 1094 886 qui
1109 814 1235 870 dormitis
1248 813 1274 868 in
1289 814 1365 869 lectis
1379 813 1515 877 eburneis,
1532 819 1558 867 et
1581 810 1710 868 lascivitis

60 915 136 954 vana
152 901 341 956 tantummodo
351 906 453 968 essent,
474 918 530 957 uon
550 910 605 957 tam
621 902 771 972 pomicioss
782 904 787 956 t
797 906 863 973 hpo
916 903 944 957 in
960 904 1052 958 stratis
1073 903 1182 969 vestris,
1196 903 1340 974 sapientiae
1353 902 1492 957 saecularis
1509 908 1647 957 amatores
1661 919 1669 967 3
1685 905 1711 955 et

59 988 157 1044 stolioa
173 989 280 1044 sanctia
295 991 637 1062 ast,omrreqaodnoaest
651 992 863 1062 erfidapecca·
916 993 1108 1064 videte,quam
1123 1007 1195 1049 caeca
1210 993 1243 1046 sit
1258 991 1483 1061 praesumptionis
1512 989 1633 1046 audacia.
1662 987 1713 1044 llic

61 1081 123 1133 tum
138 1081 182 1133 est
204 1077 292 1147 (Rom.
309 1080 376 1148 arv).
393 1077 463 1147 Quid
481 1087 522 1134 εει
541 1094 618 1150 ergo,
648 1080 721 1152 quod
748 1079 863 1134 destruit
917 1089 1010 1153 aperte
1039 1081 1115 1146 dicit,
1144 1080 1304 1151 sapientiam
1320 1080 1380 1147 Dei,
1396 1078 1491 1140 idest,
1520 1078 1620 1132 Filium
1644 1076 1707 1144 Dei,

62 1164 284 1221 lidemtSedne
298 1166 404 1222 diutius
433 1167 533 1223 olidum
551 1183 659 1223 carnum
688 1174 863 1223 removentes
915 1169 1062 1242 quamdam
1078 1168 1128 1224 Dei
1142 1170 1290 1239 potentiam
1307 1183 1367 1223 esse
1381 1166 1425 1222 vel
1441 1166 1602 1232 facultatem,
1618 1165 1713 1222 omnia

60 1269 198 1309 nauseam
220 1256 401 1320 incurramus,
429 1256 589 1328 relegamus
605 1256 763 1327 superiora.
778 1255 861 1322 Dicit,
915 1259 1018 1315 scilicet
1031 1257 1203 1313 discernendi
1219 1256 1261 1314 vel
1276 1254 1464 1327 cognoscendi
1480 1273 1486 1310 :
1500 1262 1570 1310 tacet
1583 1253 1711 1321 faciendi,

61 1343 135 1415 quod
150 1344 233 1400 Pater
245 1351 287 1399 est
302 1345 510 1413 omnipotentia.
528 1347 625 1402 Verum
640 1353 692 1410 est,
719 1345 764 1400 hic
789 1344 863 1400 nulla
916 1363 951 1403 ne
966 1346 1189 1418 omnipotentiam
1200 1345 1320 1402 ascribat
1331 1344 1408 1411 Filio,
1424 1359 1486 1400 cum
1501 1344 1632 1414 scriptum
1652 1342 1688 1398 ait
1703 1356 1710 1398 :

61 1432 179 1504 quaestio
195 1440 246 1488 est.
263 1434 300 1487 Αι
313 1432 386 1505 quod
398 1434 561 1504 specialiter
574 1434 707 1505 adJungit,
717 1442 864 1505 suspectus
917 1437 1019 1493 Omnia
1030 1451 1081 1508 par
1094 1436 1189 1508 ipsam
1203 1438 1283 1506 sacta
1298 1433 1467 1499 santtloan.
1485 1435 1504 1501 ι)
1522 1449 1529 1486 :
1544 1439 1571 1488 et
1585 1445 1712 1487 amorem

62 1520 130 1575 mihi
146 1520 237 1577 lactus
254 1528 305 1590 est,
336 1537 471 1576 venenum
489 1529 586 1592 portet.
610 1522 769 1590 Vultenim,
792 1521 865 1594 qnod
917 1526 978 1592 Dei,
994 1524 1052 1578 sive
1067 1523 1262 1595 benignitatem
1273 1521 1333 1586 Dei,
1350 1521 1377 1575 id
1391 1524 1433 1576 est
1442 1519 1711 1592 Spiritumsanctum,

62 1609 145 1663 Pater
159 1609 260 1664 babeat
275 1610 500 1679 omnipotentiam
516 1610 674 1680 quamdam,
690 1626 769 1682 quam
779 1611 865 1666 Filias
917 1614 1048 1683 optimam
1063 1611 1307 1676 essevoluntatem,
1319 1624 1373 1665 non
1383 1616 1555 1679 potestatem.
1567 1606 1712 1676 Quidam-

62 1713 114 1752 non
128 1697 241 1765 babeat,
258 1698 351 1764 idest,
368 1698 441 1769 quod
458 1700 538 1754 Pater
547 1704 638 1769 potest
653 1715 713 1754 esse
728 1715 744 1754 a
758 1699 860 1770 seipso,
876 1727 902 1786 B
917 1701 987 1772 plius
1000 1700 1146 1770 quantist
1163 1699 1274 1753 Planum
1287 1705 1337 1753 est.
1367 1698 1437 1753 Dicit
1464 1696 1590 1769 quidem:
1606 1718 1617 1743 a
1637 1695 1714 1750 Pater

63 1786 149 1842 lilius
163 1802 219 1842 non
235 1791 400 1857 potestesse
413 1803 429 1841 a
444 1789 549 1858 seipso.
565 1788 607 1843 sd
634 1789 706 1844 hanc
725 1787 861 1842 fallaciam
917 1797 960 1844 est
972 1787 1178 1858 omnipotentia,
1197 1787 1280 1843 Filias
1295 1786 1418 1856 quadam
1446 1784 1581 1857 potentia,
1598 1784 1713 1857 Spiritus

62 1875 185 1930 veridica
211 1876 394 1946 responsione
420 1875 609 1931 denodandam
633 1883 728 1947 pastea
743 1883 865 1931 reverte·
918 1885 1029 1932 sanctus
1041 1875 1112 1930 nulla
1126 1874 1255 1945 potentia.
1275 1897 1286 1922 v
1305 1874 1449 1947 Curigitnr
1461 1873 1597 1929 invehitur
1610 1887 1715 1944 proca·

63 1980 132 2019 mar.
163 1963 248 2031 Dicit,
278 1963 351 2032 quod
378 1964 514 2034 sapientia
529 1965 627 2030 Patris,
644 1972 754 2034 quaeest
767 1963 863 2029 Filius,
918 1965 1010 2036 pitulis
1025 1964 1078 2029 his,
1095 1963 1168 2018 velut
1187 1962 1222 2017 ab
1238 1978 1271 2018 eo
1287 1963 1375 2028 lactis,
1402 1977 1482 2032 quern
1509 1961 1714 2017 criminatorem

64 2067 118 2107 non
133 2060 178 2107 est
192 2051 459 2122 omnipotentia,sad
473 2053 575 2122 aliquid
588 2053 623 2107 de
639 2053 726 2117 Patre,
755 2051 782 2105 id
810 2058 863 2118 est,
919 2050 1548 2123 suumappellat,inabbatemlNuncergo,
1577 2064 1713 2104 nanvace

64 2141 192 2213 quadam
204 2140 324 2210 potentia
339 2138 374 2195 de
383 2141 579 2210 omnipotentia
593 2140 689 2196 Patris.
719 2141 749 2194 ld
764 2139 867 2211 pluries
919 2141 1086 2208 ludaeorum,
1102 2139 1376 2195 sedortbodoxorum
1398 2137 1503 2207 judicio
1524 2137 1715 2192 simulomnes

65 2229 191 2298 replicat.
209 2228 292 2295 llicit,
309 2229 385 2299 quod
401 2229 634 2299 benignissima,
651 2244 712 2300 quae
727 2237 768 2283 est
777 2229 866 2298 Spiri-
921 2231 1108 2287 exclamemus
1119 2247 1125 2283 :
1137 2230 1362 2284 heascrtroortir
1374 2226 1484 2297 (llottb.
1497 2227 1584 2296 xxvi).
1596 2225 1714 2282 ltcolu-

64 2325 107 2372 tas
126 2324 248 2383 sanctus,
266 2333 319 2372 non
335 2325 376 2373 est
391 2317 483 2389 aliqua
505 2318 533 2370 in
549 2318 606 2373 Deo
621 2317 745 2386 potentia
760 2317 802 2372 vel
817 2332 866 2372 sa·
921 2319 1023 2375 berillo
1036 2325 1173 2372 tortuosus
1188 2316 1271 2371 modo
1282 2314 1402 2371 retlexus
1418 2316 1444 2370 ia
1459 2331 1554 2387 gyros,
1577 2314 1715 2370 modose-

64 2405 168 2477 pientia
185 2420 192 2474 ;
210 2405 357 2477 quisaliud
372 2410 423 2470 εει,
434 2405 585 2478 benignum
601 2422 662 2462 εεεε
679 2420 686 2475 ;
702 2405 789 2472 aliud,
820 2422 866 2462 ss·
919 2407 1039 2464 cundum
1058 2407 1223 2462 seutentiam
1235 2404 1347 2475 judicis,
1361 2404 1492 2476 gradiens
1505 2419 1590 2475 supra
1610 2411 1714 2475 pectus,

62 2496 186 2566 piantem
201 2493 244 2549 vel
265 2501 401 2564 potentem
432 2510 502 2550 esse.
534 2495 616 2560 Dicit,
648 2494 711 2566 quia
726 2495 867 2565 sapientia
920 2504 1049 2569 quantum
1062 2502 1150 2567 potest
1165 2501 1281 2558 erectus,
1297 2493 1515 2549 latebrosissima
1529 2508 1561 2548 ac
1575 2492 1715 2548 obscuris-

63 2583 136 2639 csdit
151 2581 274 2654 potentia
289 2583 318 2636 in
349 2582 521 2639 discussione
546 2582 655 2652 judicii,
684 2583 730 2638 abi
755 2583 868 2654 aequitas
921 2585 997 2640 simne
1011 2582 1204 2652 disputationis
1223 2589 1330 2637 antrum
1353 2582 1515 2654 ingreditur,
1538 2589 1566 2636 ει
1589 2580 1662 2637 velut
1688 2578 1716 2636 ia

62 2671 154 2744 magis
162 2671 408 2738 examinandamt,
420 2687 501 2742 quarn
512 2672 553 2726 vis
560 2672 690 2742 potentiae
705 2671 865 2727 exercenda.
921 2672 1056 2728 altissima
1068 2687 1136 2743 rape
1152 2669 1322 2726 Parmenidis
1336 2669 1427 2726 sibilat
1435 2670 1558 2726 inaudita
1570 2684 1577 2738 ;
1588 2685 1636 2742 per
1645 2671 1717 2740 dpa-

63 2760 147 2829 llicit,
160 2760 235 2829 qnod
249 2760 328 2815 Pater
341 2759 468 2832 quaedam
492 2760 580 2831 posuit
594 2764 622 2815 in
644 2774 695 2815 sua
721 2764 867 2831 potestate,
921 2761 1024 2832 logiam
1039 2776 1118 2817 suam
1133 2758 1299 2831 theologiam
1311 2758 1467 2830 impejorat,
1479 2774 1566 2816 novos
1579 2757 1717 2815 veteribus

64 2865 127 2920 quae
140 2863 196 2903 uon
210 2849 301 2918 posuit
317 2848 410 2914 Filius,
420 2848 463 2903 vel
478 2849 597 2919 Spiritus
613 2856 733 2905 sanctos.
750 2850 798 2903 llis
813 2865 868 2904 nun
922 2865 1032 2905 errores
1047 2850 1185 2921 adjungit,
1203 2855 1229 2904 et
1245 2863 1294 2905 eos
1303 2848 1478 2918 pertinaciter
1495 2856 1522 2903 et
1536 2847 1716 2914 contentiose,

63 2945 118 2992 tam
133 2937 257 3008 argutiis,
280 2952 361 3008 quam
375 2937 536 3003 mendaciis,
552 2938 622 2993 siout
636 2939 705 2993 ordo
733 2938 867 3009 proposi·
922 2938 994 3007 quod
1009 2938 1166 2992 haereticum
1183 2936 1320 2992 bominem
1349 2937 1424 3001 facit,
1440 2936 1588 2992 defendere
1603 2941 1717 2991 conten·

65 3023 150 3079 tionis
165 3024 287 3094 requirit,
305 3032 331 3078 et
346 3025 428 3091 Deus,
444 3041 495 3096 pro
510 3040 564 3094 quo
579 3033 607 3080 et
620 3026 718 3096 dequo
730 3025 868 3097 loquimur
881 3070 907 3133 c
921 3027 979 3092 dit;
1006 3027 1156 3081 novitatum
1172 3032 1319 3093 amatores,
1345 3040 1378 3081 ac
1405 3025 1545 3096 simplices
1569 3024 1717 3092 auditores,

66 3111 313 3179 administraverit,
327 3113 544 3183 respondendum
561 3117 614 3170 εει.
628 3114 671 3169 Ac
686 3114 804 3184 primum
820 3129 867 3169 re·
923 3114 1078 3185 sophisticis
1092 3113 1342 3184 importunitatibus
1351 3112 1437 3168 eludit
1451 3131 1458 3176 ;
1474 3113 1603 3169 abbatem
1614 3112 1719 3168 littera-

65 3201 147 3271 quiro
164 3216 214 3256 cur
224 3209 326 3257 sanctae
341 3201 481 3274 roligionis
495 3211 522 3257 et
536 3202 627 3273 magni
642 3204 761 3257 nominis
781 3202 867 3257 abba·
922 3204 1068 3268 tissimum,
1082 3202 1191 3272 etquod
1204 3201 1295 3271 majus
1310 3210 1361 3269 est,
1376 3201 1621 3273 religiosissimum,
1638 3207 1719 3257 vocat

64 3297 124 3344 tem
141 3290 283 3344 insimulet
295 3288 367 3345 laisa
381 3289 492 3346 linxisse
508 3306 515 3360 ;
533 3292 596 3363 quia
623 3291 651 3345 in
666 3291 804 3363 theologia
819 3307 869 3346 sua
922 3293 1095 3362 inexpertum
1110 3290 1175 3344 artis
1189 3290 1270 3355 illius,
1286 3306 1346 3361 quae
1360 3290 1491 3361 magistra
1499 3298 1538 3344 est
1549 3286 1717 3345 disserendi:

65 3377 219 3448 scripserit,
235 3378 333 3433 Filium
354 3394 411 3434 esse
427 3378 575 3450 quamdam
590 3379 749 3450 potentiam,
779 3378 867 3450 Spiri·
923 3377 1351 3452 quasinonlegissetinapostolo
1365 3378 1439 3450 quod
1459 3378 1603 3450 supientia
1617 3376 1720 3432 mundi

67 3469 128 3520 tum
143 3467 395 3521 sanctumnullam.
412 3466 444 3521 ld
459 3467 868 3538 enimtntpotogiasuu,qnan
922 3469 1050 3524 stultitia
1069 3470 1112 3523 ast
1129 3467 1334 3538 aputlleumtl
1347 3465 1411 3522 Cor.
1431 3468 1484 3536 ιιι).
1517 3465 1571 3521 Sed
1597 3473 1624 3521 et
1650 3464 1719 3520 illud

66 3563 164 3609 eontra
180 3555 304 3610 abbatem
321 3557 417 3610 Petrus
433 3555 492 3625 ipse
507 3554 608 3627 dirigit,
624 3555 868 3611 sedixissedene·
923 3557 1041 3612 maxime
1067 3556 1248 3627 dedpostolo,
1265 3555 1328 3611 etin
1347 3555 1444 3611 eodem
1459 3554 1642 3625 apostolom
1672 3553 1718 3610 Vi·

66 3651 126 3716 gat,
154 3643 261 3699 scilicet
285 3644 357 3714 quod
369 3643 461 3699 divina
476 3645 614 3715 sapientia
629 3643 753 3714 quaednm
765 3645 800 3699 eit
820 3660 868 3716 po·
923 3646 984 3701 dante
998 3662 1032 3701 ne
1049 3645 1110 3717 quis
1124 3659 1174 3702 vos
1188 3643 1288 3716 spoliet
1302 3643 1561 3715 perpbilosophiam
1576 3643 1720 3699 etinauem

67 3732 152 3788 tentia
182 3732 279 3798 Patris,
294 3748 349 3787 uon
365 3732 451 3787 Filius
468 3750 475 3795 ς
492 3741 519 3787 ει
535 3732 609 3804 quod
636 3748 713 3788 amor
741 3734 826 3788 Patris
840 3738 870 3789 ει
924 3734 1121 3804 deceptionem,
1135 3733 1286 3788 secuudum
1314 3732 1490 3788 traditionem
1514 3731 1664 3799 hominum,
1694 3738 1721 3787 et

68 3820 143 3886 Filii,
174 3820 210 3873 sit
238 3819 314 3874 nulla
340 3821 472 3891 potentia,
498 3836 552 3876 non
569 3821 685 3892 Spiritus
699 3829 819 3888 sanctus,
840 3838 869 3878 se
924 3823 1071 3879 secundum
1081 3822 1217 3878 elementa
1230 3821 1334 3887 muudi,
1350 3829 1378 3876 et
1391 3835 1448 3876 nou
1463 3821 1611 3877 secundum
1640 3819 1719 3876 Chri-

67 3908 173 3963 dixisse
187 3907 342 3978 profitetur,
371 3916 398 3964 et
423 3925 518 3964 verum
534 3925 594 3966 esse
610 3909 786 3980 pertinaciter
805 3925 869 3965 con·
924 3918 995 3966 stum
1012 3929 1018 3965 :
1036 3911 1064 3964 in
1079 3926 1133 3982 qno
1143 3910 1276 3965 inhabitat
1304 3910 1393 3965 omnis
1417 3908 1557 3981 plenitudo
1572 3907 1721 3968 divinitatis

68 3996 228 4051 tendit.Sed
248 4012 289 4051 vae
304 3997 526 4053 contentionibus
541 3999 695 4053 bominum.
712 3998 871 4068 llerejuxta
924 3999 1105 4069 corporaliter
1118 3998 1235 4069 (doleas.
1256 4001 1299 4065 ul.
1316 4020 1328 4049 s

67 4086 214 4140 teremiem
228 4086 328 4141 stultus
340 4091 382 4142 est
397 4087 486 4144 tactus
500 4088 590 4144 omnis
605 4089 687 4143 bomo
705 4103 721 4141 a
744 4088 868 4143 scientia.
960 4088 1008 4142 llis
1021 4088 1120 4159 itaque,
1137 4102 1188 4158 pro
1198 4102 1231 4143 eo
1246 4086 1318 4157 quod
1331 4086 1449 4158 capitula
1462 4086 1510 4141 illa
1532 4086 1658 4142 abbatem
1672 4083 1721 4141 bn-

67 4174 154 4228 lliror
168 4189 222 4247 ego
232 4174 398 4230 homullulus
411 4176 524 4247 quidam
539 4175 619 4231 lamas
630 4175 726 4242 tannis,
742 4184 768 4231 et
776 4177 869 4232 scien·
925 4178 999 4233 nisse
1009 4182 1213 4244 commemorat,
1229 4176 1361 4244 excursis,
1389 4176 1447 4245 jam
1475 4190 1547 4230 nuno
1574 4176 1644 4231 ratio
1672 4190 1722 4231 nos

65 4263 113 4318 tias
141 4262 252 4329 nultius,
280 4270 337 4318 tam
365 4262 511 4332 eruditum,
542 4272 596 4320 tam
626 4264 763 4320 celebrem
779 4265 872 4337 magi·
925 4267 1008 4338 cogit,
1023 4264 1286 4336 utadpraejacentia
1301 4263 1443 4320 mendacia
1463 4264 1619 4330 redeamus,
1648 4271 1722 4320 etea

65 4358 167 4415 strum,
184 4350 285 4405 talibas
299 4351 394 4406 naeniis
406 4359 461 4407 tam
476 4353 593 4423 turpiter
608 4352 757 4409 involutum
775 4353 869 4408 tuisse.
925 4353 1212 4422 nonviribusnostris,
1227 4353 1275 4408 sed
1290 4360 1447 4408 sanctorum
1463 4352 1574 4408 Patrum
1602 4350 1721 4424 patroci-

66 4440 132 4494 h'on
157 4438 288 4494 debuisse
318 4439 360 4494 vel
385 4440 469 4495 idiota
498 4441 613 4511 quilibet
650 4441 784 4497 aeriarum
805 4424 979 4498 aro-Dniis
1005 4443 1191 4498 vlisoutiamus.
1223 4442 1335 4498 Cunctis
1356 4456 1421 4497 vero
1449 4440 1597 4496 scientibus
1625 4439 1720 4512 liquet,

66 4542 184 4582 aearum
208 4537 263 4583 tarn
298 4528 421 4584 lloocidis
449 4529 572 4584 cassibus
594 4530 704 4585 irretiri.
741 4530 769 4586 Si
798 4529 869 4585 enim
925 4533 998 4604 quod
1013 4532 1078 4587 latet
1090 4532 1195 4587 falsitas
1210 4531 1261 4586 sub
1270 4532 1392 4601 veritate,
1408 4537 1434 4585 et
1449 4530 1514 4600 quia
1529 4544 1578 4598 per
1588 4544 1618 4583 so
1634 4528 1721 4600 turpis

65 4616 209 4688 sapientia
234 4615 286 4671 Dei
316 4624 359 4672 est
386 4616 471 4672 Filius
497 4617 557 4683 Dei,
583 4624 609 4672 et
634 4632 806 4673 econverso
822 4632 829 4687 ;
845 4625 872 4673 et
925 4630 977 4687 est,
994 4637 1108 4693 semper
1122 4619 1396 4692 contaginititursub
1411 4617 1661 4673 illiusumbracolo.
1675 4617 1722 4673 Ve-

66 4720 147 4761 arnor
162 4704 246 4760 Patris
265 4711 293 4759 et
309 4704 368 4759 Filii
383 4713 424 4759 est
447 4704 566 4776 Spiritus
581 4713 702 4775 ειιιειιιε,
719 4713 746 4762 et
760 4722 775 4761 ε
801 4721 871 4763 con·
923 4726 983 4765 rum
1000 4718 1041 4765 est
1051 4710 1133 4776 enim,
1149 4706 1521 4780 omnipotentiapertinetad
1533 4706 1722 4777 Patremque

67 4808 150 4849 verso
167 4807 175 4861 ;
191 4792 357 4863 sapientiam
375 4793 460 4848 Patris
476 4793 623 4865 quamdam
639 4795 787 4865 potentiam
802 4810 869 4860 εεεε,
924 4800 1002 4855 l‘ater
1015 4799 1185 4869 omnipotens
1193 4804 1242 4863 est,
1250 4804 1277 4851 ει
1291 4812 1307 4852 a
1322 4795 1396 4851 nullo
1410 4803 1452 4851 est
1469 4801 1513 4850 :et
1528 4802 1557 4850 ιιι
1572 4796 1600 4850 Β.
1617 4794 1722 4868 Diony·

66 4892 94 4939 ει
118 4881 222 4936 Filium
252 4896 307 4937 uon
335 4897 405 4948 esse,
436 4890 464 4938 et
490 4896 614 4938 amorem
641 4881 729 4937 Patris
757 4872 792 4939 et
811 4883 871 4938 Filii
924 4889 981 4943 sius
995 4887 1160 4959 areopagita
1174 4886 1201 4940 in
1211 4885 1370 4940 Hierarohia
1384 4884 1510 4940 saadicit
1526 4901 1533 4938 ε
1551 4905 1563 4932 α
1579 4882 1722 4941 Fonsbei-

66 4979 177 5035 nullam
203 4979 355 5050 potentiam
383 4995 453 5047 esse,
485 4987 511 5036 et
539 4980 670 5051 Spiritum
681 4988 871 5036 sanctumnon
925 4979 986 5031 tatis
1000 4977 1128 5032 estPater
1144 4994 1151 5044 ;
1170 4975 1284 5030 »Filius
1301 4990 1364 5031 varo
1379 4973 1538 5029 naturaliter
1552 4974 1722 5029 estdePatre

67 5092 142 5145 esse,
155 5094 207 5149 per
215 5093 260 5132 me
275 5078 368 5134 videre
383 5093 437 5134 non
452 5094 571 5150 possum.
582 5076 735 5135 bioetenim
751 5092 804 5133 non
820 5079 872 5133 Pa·
924 5090 986 5136 suo,
1002 5076 1029 5131 et
1043 5073 1157 5147 Spiritus
1172 5080 1285 5129 sanetus
1303 5072 1338 5129 de
1348 5074 1427 5128 Patre
1442 5078 1469 5128 ει
1485 5070 1552 5128 titio
1568 5090 1574 5128 :
1592 5070 1722 5142 sedqaod

68 5182 109 5230 ter
125 5190 176 5246 per
191 5172 301 5243 Filium,
317 5173 522 5245 sedFiliasper
551 5175 657 5229 Patrem
684 5173 797 5247 sapiens
825 5175 870 5242 sit,
925 5168 1149 5241 omnipotentiam
1165 5169 1205 5225 sic
1220 5166 1467 5242 proprieassignat
1496 5166 1579 5238 l’atri,
1603 5173 1632 5223 ιιι
1660 5182 1722 5223 eam

66 5273 150 5328 Pater
164 5272 239 5328 enim
254 5288 270 5327 a
284 5270 369 5338 nullo,
382 5272 463 5327 lilius
478 5287 495 5326 a
511 5273 588 5328 Patre
599 5279 649 5338 est,
667 5272 798 5343 quidquid
812 5280 869 5340 est;
924 5266 990 5322 vitot
1004 5264 1144 5337 assignare
1159 5263 1229 5319 Filio
1254 5263 1296 5320 vel
1323 5263 1434 5335 Spiritui
1458 5272 1562 5330 annoto,
1580 5271 1610 5319 ut
1632 5263 1722 5336 perid

65 5370 127 5442 ipse
144 5370 244 5426 Petrus
258 5378 348 5424 nmen
359 5369 476 5439 qualiter
490 5369 523 5426 de
539 5369 673 5440 sapientia
698 5369 782 5424 Patris
797 5377 869 5443 agat,
924 5364 1029 5419 scilicet
1043 5362 1242 5418 distinctionem
1253 5376 1435 5433 personarum
1448 5362 1541 5429 iaciat,
1562 5361 1651 5417 Patris
1675 5376 1725 5433 per

67 5469 192 5525 maxime
201 5465 231 5521 in
244 5465 377 5539 Apologia
390 5483 439 5524 sua
448 5465 617 5534 manitestnt,
647 5466 694 5523 nbi
708 5483 791 5538 super
819 5469 873 5526 boa
925 5460 1162 5534 omnipotentiam,
1173 5458 1234 5514 Filii
1247 5475 1297 5531 per
1310 5459 1485 5532 sapientiam,
1510 5459 1538 5516 id
1553 5467 1605 5529 est,
1620 5473 1723 5517 secuu-

69 5565 227 5639 capitulnm
248 5564 287 5621 ita
300 5564 388 5622 dicit:
407 5584 418 5612 ι
436 5564 511 5621 Sicut
539 5579 606 5637 ergo
634 5563 873 5638 sapientiaquem
926 5559 991 5617 dum
1019 5575 1049 5616 se
1070 5557 1219 5632 quamdam
1246 5557 1405 5631 potentiam,
1438 5557 1556 5631 Spiritus
1570 5556 1657 5615 macti
1671 5566 1722 5631 par
