3728 6000
137 197 207 255 4005
829 184 976 246 soosun
994 185 1034 244 in
1053 184 1157 244 rann
1566 170 1595 207 ·'
1628 198 1630 202 ·
1775 187 1844 253 soso

136 321 272 379 buslibet
283 318 489 376 vexationibus
501 315 627 389 fatigare
643 334 650 386 ;
664 315 716 372 sed
732 314 835 372 omnia
849 313 964 389 integra
978 316 1003 372 Α
1018 313 1231 370 cluniacenses
1252 311 1420 370 monachos
1433 316 1461 370 at
1471 310 1593 373 clericos
1606 312 1643 371 de
1655 314 1843 373 Doce-Bovis

135 415 354 470 conserventur
373 424 477 465 eorum
494 422 548 481 pro
567 420 696 479 quorum
708 403 925 477 gubernatione
935 407 965 460 et
1018 403 1109 459 curtis
1125 402 1179 475 (Lo
1194 400 1487 477 acels-Desarene)
1502 419 1593 479 super
1607 403 1739 462 ecclesia
1754 405 1842 478 ipsius

137 494 964 566 sustentationeconcessasunt,usibusomnimodispro·
1017 491 1201 565 loeijamdiu
1211 493 1323 564 agitata
1332 498 1388 562 est,
1398 492 1731 564 diligenteraudivimus
1741 500 1772 551 ct
1782 510 1841 552 cun

134 590 246 656 lutura,
264 589 348 647 salva
357 587 499 645 nimirum
508 585 586 642 sedis
594 584 766 657 apostolicae
776 582 962 641 auctoritate.
1017 580 1159 640 iratribus
1176 581 1287 641 nostris
1299 597 1390 655 super
1402 597 1438 640 ea
1459 580 1512 639 diu
1524 582 1717 641 contulimus.
1731 583 1842 642 Auditis

35 684 38 689 '
135 679 165 739 Si
178 695 241 752 qua
258 678 348 749 igitur
362 678 393 733 in
409 676 544 733 futurum
556 674 759 732 ecclesiastica
774 671 963 731 secularisve
1016 669 1105 743 igitur
1116 671 1270 746 utriusque
1283 670 1377 745 partis
1391 670 1559 730 rationibus
1577 679 1606 730 st
1625 672 1795 731 studiosius
1804 672 1843 731 in·

134 760 963 843 persona,bancnostrseconstitutionispaginamsciens,
1017 758 1140 833 quisitis,
1163 761 1309 835 quoniam
1325 776 1360 818 ex
1377 760 1637 835 utriusquepartis
1656 761 1842 821 contentens

133 863 317 916 contrusam
332 861 443 912 temere
457 855 558 911 venire
573 851 737 919 tentaserit,
757 850 893 910 secundo
905 855 964 907 ter-
1016 849 1184 907 monachos
1198 849 1290 908 luisse
1303 849 1333 907 in
1344 851 1533 924 possessione
1543 853 1759 926 cognovimus,
1769 852 1842 925 judi·

133 946 210 1004 tiove
222 944 417 1010 commonita,
434 944 490 1000 nisi
504 948 620 1000 reatum
635 958 725 998 suum
738 938 962 1013 congrassatis-
1015 940 1150 996 cavimus
1161 946 1201 1007 ut,
1212 941 1236 996 si
1244 941 1299 1015 ipsi
1310 939 1452 997 monachi
1464 939 1584 998 duobus
1594 946 1647 999 aut
1660 941 1760 1000 tribus
1772 942 1842 1000 testi·

132 1035 260 1096 lectione
271 1033 441 1099 correxerit,
455 1028 959 1106 potestatishonorisquesuidigni·
1015 1026 1073 1085 bus
1088 1029 1205 1087 idoneis
1220 1029 1252 1088 in
1271 1034 1376 1087 nostra
1389 1029 1546 1103 prasentia
1557 1029 1687 1104 probare
1695 1030 1841 1104 potuerint

133 1129 194 1183 tate
213 1131 322 1190 careat,
334 1138 479 1196 reamque
494 1137 525 1178 se
539 1120 642 1177 divino
659 1119 909 1192 judicioexistere
924 1116 961 1174 de
1014 1118 1098 1192 quod
1123 1118 1221 1177 clerici
1236 1119 1287 1193 qui
1309 1124 1381 1177 tunc
1396 1125 1480 1176 erant
1499 1118 1530 1176 in
1546 1119 1613 1192 ipsa
1644 1119 1786 1188 ecclesia,
1801 1120 1840 1179 sel

132 1219 303 1290 perpetrata
321 1212 476 1286 iniquitate
495 1216 668 1282 cognoscat,
684 1215 713 1266 et
727 1223 745 1265 a
760 1207 961 1266 secretissimo
1015 1206 1091 1264 alius
1105 1225 1159 1283 per
1171 1209 1263 1278 ipsos,
1274 1224 1324 1266 eos
1340 1208 1378 1265 de
1391 1209 1584 1282 possessione
1596 1209 1693 1283 ipsius
1713 1210 1839 1268 ecclesia

12 1346 15 1351 -
132 1319 257 1377 corpore
269 1301 458 1372 aessnguine
468 1301 516 1357 Dei
525 1305 553 1357 et
564 1299 681 1356 Domini
692 1297 898 1371 Redemptoris
909 1312 961 1355 no·
1014 1313 1068 1374 per
1076 1299 1245 1356 violentiam
1256 1298 1444 1372 expulerunt,
1457 1298 1523 1373 ipsa
1536 1299 1690 1371 possessio
1705 1299 1751 1357 eis
1764 1301 1838 1358 resti·

131 1394 183 1451 stri
194 1394 266 1450 lesu
281 1391 386 1449 cbristi
401 1390 499 1447 atiena
514 1388 574 1457 fiat,
597 1394 687 1461 atque
702 1388 731 1444 in
744 1392 877 1446 extremo
892 1402 961 1445 esa·
1014 1392 1115 1445 luatur
1129 1404 1137 1455 ;
1150 1387 1229 1445 iacta
1243 1392 1345 1445 sutem
1360 1387 1450 1461 plena
1461 1388 1659 1455 restitutione,
1677 1387 1758 1447 inira
1772 1389 1839 1447 duos

130 1483 211 1540 mine
223 1481 363 1538 districtae
378 1479 479 1537 ultioni
495 1479 657 1551 subjaceat.
676 1477 795 1535 cunetis
809 1482 909 1534 autem
920 1476 960 1534 ei·
1014 1492 1128 1536 menses
1138 1482 1570 1552 utraqueparteantevestram
1581 1482 1708 1535 evocata
1718 1493 1838 1553 praesen·

130 1572 200 1629 dem
219 1570 286 1628 loco
295 1571 377 1642 justa
391 1569 589 1637 servantibus,
605 1568 642 1625 sit
661 1583 719 1640 pax
734 1567 851 1624 Domini
864 1565 957 1624 nostri
1013 1567 1097 1636 tiam,
1109 1569 1277 1626 causamde
1288 1568 1470 1642 proprietate
1477 1567 1623 1625 hincinde
1632 1566 1796 1641 diligenter
1803 1566 1838 1626 in·

127 1661 197 1719 lesu
213 1660 328 1727 curisti,
350 1665 498 1732 quatenus
511 1657 597 1715 ethic
616 1656 746 1714 fructum
760 1657 848 1714 bona
863 1654 957 1713 actio·
975 1671 998 1728 Β
1013 1658 1148 1731 quiretis,
1165 1661 1193 1716 et
1212 1658 1270 1714 fine
1290 1658 1436 1716 canonico
1451 1657 1626 1716 terminetis.

128 1750 362 1823 nuperrimam,
378 1753 405 1805 et
420 1747 502 1821 apud
513 1747 681 1803 districtum
689 1746 823 1817 iudicem
832 1744 958 1817 pramis
1049 1748 1157 1806 Datum
1177 1747 1325 1815 Laterani,
1340 1763 1400 1805 arn
1412 1747 1477 1804 lial.
1495 1746 1660 1807 Februarii.

129 1845 246 1897 oeternae
262 1839 344 1910 piscis
363 1836 524 1893 inveniant.
537 1837 642 1901 Amen,
653 1850 752 1900 amen,
765 1850 866 1892 amen.
1371 1837 1481 1895 Lllillll.

164 1928 225 2001 ligo
245 1927 393 1999 Eugenius
408 1924 568 1984 Catholicae
582 1926 718 1983 Ecclesia
733 1925 895 1999 episcopus
914 1942 955 1983 ss.
1011 1927 1107 1985 Balla
1119 1927 1155 1985 de
1172 1926 1396 2001 confirmatione
1408 1926 1549 1986 bonorum
1559 1927 1739 1986 monosterii
1752 1927 1837 1987 eries

163 2020 225 2091 Ego
241 2018 393 2075 conradus
409 2017 584 2074 Sabinensis
595 2015 756 2089 episcopus
770 2033 813 2072 ss.
1407 2017 1505 2074 nonis.

163 2111 226 2180 ligo
244 2108 398 2165 Albericus
411 2108 571 2179 episcopus
582 2123 624 2162 ss.
1225 2105 1322 2179 (linno
1335 2106 1413 2174 illd,
1432 2107 1498 2163 lan.
1516 2106 1571 2179 tu.)

164 2198 225 2269 ligo
244 2199 403 2270 Gregorius
413 2196 545 2271 presbyt.
561 2195 644 2254 card.
665 2196 707 2253 tit.
721 2196 750 2252 S.
767 2192 871 2252 calixti
885 2194 955 2251 sub·
1153 2193 1259 2269 [coll.
1275 2195 1341 2252 cir.
1355 2211 1427 2252 nov.
1444 2195 1507 2262 llll,
1519 2199 1606 2253 lustr.
1619 2193 1698 2270 117.]

127 2288 245 2361 scripsi.
1047 2284 1185 2342 Ducarius
1204 2285 1374 2357 episeopus,
1398 2301 1502 2341 servus
1524 2300 1682 2342 serrorum
1705 2283 1770 2351 Dei,
1794 2283 1835 2342 di-

162 2379 224 2447 Ego
240 2374 516 2448 Ubalduspresbyt.
527 2373 609 2431 card.
626 2373 701 2430 tituli
718 2374 833 2430 Sancta
847 2371 955 2429 Praxe-
1009 2373 1092 2431 lectis
1108 2374 1138 2431 in
1158 2371 1273 2432 Christo
1291 2372 1422 2440 filiabus,
1436 2372 1593 2431 Ensssars
1612 2373 1780 2433 abbatissas
1800 2373 1833 2431 da

126 2464 174 2522 dis
190 2481 233 2520 ss.
1009 2465 1182 2529 Crisonone,
1212 2463 1336 2536 ejusque
1364 2462 1519 2521 sororibus
1548 2469 1610 2521 tam
1634 2464 1836 2538 presentibus

164 2556 224 2627 Ego
233 2553 370 2612 Nicolaus
377 2550 696 2626 presbytercardinalis
703 2552 746 2608 tit.
756 2552 872 2609 Sanctis
886 2552 954 2608 cru·
1008 2569 1101 2628 quam
1115 2553 1235 2623 tuturis,
1247 2552 1417 2627 regularem
1430 2554 1523 2612 vitam
1539 2552 1684 2627 professis
1694 2555 1725 2611 in
1737 2568 1836 2628 perpe

128 2643 171 2703 cis
187 2661 229 2702 ss.
1009 2649 1107 2701 tuum.

161 2736 221 2807 ligo
229 2732 725 2807 UbalduspresbytercandinalisS.
745 2731 953 2789 crucisinllie·
1043 2733 1191 2801 Quoniam
1202 2733 1266 2790 sine
1275 2731 1612 2805 seroeoulturaligionis,
1621 2748 1677 2791 nec
1685 2731 1836 2792 charitatis

126 2822 260 2882 rusalem
275 2840 317 2880 ss.
1008 2823 1106 2881 unitas
1122 2828 1218 2895 potest
1231 2822 1405 2890 subsistere,
1423 2839 1477 2880 nec
1497 2824 1557 2880 Deo
1569 2827 1691 2897 gratum
1705 2821 1835 2880 exbiberi

162 2918 223 2986 ligo
239 2916 305 2971 Otto
322 2913 468 2970 diaconus
489 2912 650 2971 cardinalis
668 2911 766 2970 Sancti
785 2911 899 2985 Georgii
911 2911 951 2971 ad
1006 2911 1153 2979 officium,
1168 2913 1287 2984 expedit
1306 2911 1479 2986 apostolicas
1494 2911 1662 2970 auctoritati
1681 2911 1836 2984 religiosas

127 3004 230 3061 velum
249 3005 384 3062 Aureum
412 3020 453 3060 ss.
969 3031 991 3090 C
1007 3017 1153 3075 personas
1173 3001 1305 3073 diligere,
1332 3007 1360 3058 et
1374 3017 1479 3059 earum
1502 3000 1569 3059 loca
1587 3001 1638 3076 pia
1652 3000 1836 3075 protectione

159 3095 221 3163 Ego
234 3093 413 3149 Octauianus
428 3091 576 3150 diaconus
586 3090 749 3150 cardinalis
759 3090 852 3148 sancti
867 3091 950 3147 Nico·
1006 3093 1133 3149 munire.
1148 3094 1319 3165 liapropter,
1332 3090 1445 3148 dilectae
1464 3090 1495 3148 in
1516 3090 1630 3148 cbristo
1644 3090 1728 3158 filias,
1744 3105 1835 3149 vene·

122 3182 162 3241 lai
177 3183 345 3240 incarcere
361 3180 498 3239 Tulliano
517 3199 558 3238 ss.
1004 3180 1107 3238 rabilis
1126 3180 1225 3237 iratris
1240 3178 1759 3250 nostrillugonisAutissiodorensis
1773 3178 1836 3254 epi·

157 3274 219 3344 Ego
227 3271 385 3342 Gregorius
400 3271 548 3329 diaconus
562 3269 723 3329 cardinalis
738 3268 949 3341 Sanctillngeli
1004 3271 1085 3343 scopi
1092 3267 1227 3342 precibus
1237 3267 1836 3342 inclinati,restrisjustispostulationibus

120 3360 296 3433 subscripsi.
1003 3359 1165 3417 clementer
1179 3360 1351 3426 annuimus,
1374 3365 1402 3415 et
1418 3358 1575 3431 praeratum
1589 3356 1703 3425 locum,
1728 3358 1834 3432 inquo

157 3450 364 3523 EgoAsteldns
372 3451 519 3507 diaeonus
527 3448 686 3508 cardinalis
694 3447 950 3506 Sanctiliustachii
1004 3449 1107 3506 divino
1121 3448 1301 3522 mancipatos
1320 3448 1390 3506 estis
1414 3447 1571 3521 obsequio,
1587 3446 1645 3503 sub
1663 3451 1694 3504 D.
1717 3447 1835 3505 Petriet

117 3537 198 3612 juxta
212 3538 357 3612 templum
373 3540 515 3613 agrippie
528 3555 570 3596 ss.
1003 3546 1106 3596 nostra
1121 3537 1303 3613 protectione
1316 3538 1510 3610 suscipimus,
1519 3541 1548 3594 ct
1559 3536 1718 3610 praesentis
1732 3535 1834 3610 scripti

149 3631 210 3699 Ego
222 3629 318 3686 Guido
330 3629 478 3686 diaconus
494 3627 658 3685 cardinalis
680 3629 708 3685 S.
725 3627 822 3686 lloriae
833 3628 864 3684 in
880 3627 949 3684 Por·
1004 3626 1160 3701 privilegio
1169 3627 1405 3694 communimus,
1416 3630 1579 3684 statuentes
1591 3632 1623 3683 ut
1633 3641 1833 3700 quascunque

119 3715 180 3773 ticu
194 3733 235 3773 ss.
1002 3717 1223 3791 possessiones,
1254 3731 1444 3791 quascunque
1468 3715 1550 3773 bona
1568 3716 1832 3789 inpresentiarum

156 3807 217 3875 ligo
230 3805 380 3862 lacinthus
394 3805 537 3863 diaconus
550 3804 712 3863 cardinalis
724 3806 839 3863 Sancta
851 3805 947 3864 ilaris
999 3807 1079 3880 juste
1093 3812 1121 3864 et
1135 3806 1278 3864 canonice
1286 3805 1457 3879 possidetis,
1467 3810 1519 3862 sut
1530 3805 1702 3862 infuturum
1712 3821 1832 3864 conces-

120 3892 151 3950 in
167 3893 325 3950 Cosmedin
340 3911 383 3951 ss.
1002 3895 1087 3953 sione
1104 3896 1293 3969 pontificum,
1315 3894 1492 3952 liberalitate
1511 3909 1651 3965 regnum,
1672 3893 1834 3966 largitione

155 3985 217 4052 ligo
232 3984 333 4039 Petrus
346 3982 493 4039 diaconus
503 3983 662 4040 cardinalis
678 3985 793 4042 Sanctia
809 3983 906 4041 llarioe
916 3984 946 4041 in
1002 3983 1617 4059 principum,0blationefidelium,seualiis
1625 3983 1832 4057 justismodis,

124 4069 177 4128 Via
191 4070 263 4128 Lata
275 4089 317 4130 ss.
1000 4079 1163 4147 proestante
1179 4073 1316 4140 Domino,
1331 4072 1464 4146 poteritis
1479 4071 1616 4146 adipisci,
1630 4072 1722 4130 firma
1733 4072 1831 4141 vobis,

155 4161 264 4217 Datum
279 4160 417 4217 Laterani
433 4175 617 4234 permanum
634 4159 750 4217 liuberti
765 4166 876 4218 sanctas
892 4165 944 4219 llo·
999 4161 1402 4236 vestrisquesuecedentibus
1413 4166 1442 4218 et
1456 4160 1568 4220 illibata
1578 4168 1789 4234 permaneant.
1802 4163 1833 4221 ln

120 4262 219 4305 manta
236 4249 371 4306 Ecclesia
386 4249 552 4322 presbyteri
560 4248 720 4306 cardinalis
728 4249 943 4318 etoancellarii,
999 4251 1832 4325 quibusboecpropriisduximusexprimendavocabulis

118 4337 189 4394 ldus
211 4337 355 4405 ianuarii,
380 4337 540 4395 indictione
559 4338 826 4404 inluminationis
848 4342 944 4398 Domi·
1000 4343 1168 4400 ldolendina
1179 4341 1216 4398 de
1231 4344 1316 4400 cren.
1334 4345 1365 4398 ln
1379 4341 1555 4414 episcopatu
1571 4341 1738 4400 senonensi
1752 4341 1832 4400 deci-

119 4425 206 4492 nicae,
223 4443 304 4484 anno
327 4431 404 4494 illi,
417 4426 607 4501 pontificatus
620 4428 806 4486 verodomni
821 4431 945 4504 Eugenil
1000 4431 1438 4489 memdecbasciaco.Furnum
1446 4429 1830 4489 Autissiodoricumrineis.

118 4513 151 4571 lll
173 4531 259 4589 papae
279 4533 360 4574 anno
380 4532 401 4574 r.
998 4522 1108 4579 vineas
1121 4519 1263 4578 varziaci.
1275 4519 1831 4593 Territoriumdeluciaco.crangiam

474 4606 563 4663 Lllllll
570 4648 577 4663 .
998 4610 1036 4668 de
1046 4610 1231 4668 Nertennaco
1241 4627 1311 4667 cum
1324 4609 1469 4668 territorio
1480 4625 1545 4667 suo.
1555 4611 1587 4666 ln
1599 4610 1776 4683 episcopatu
1787 4611 1831 4668 Ni·

116 4712 460 4783 Adgnqorgmmpmeg
472 4713 858 4784 gemovgpmm0p5300p03‚
871 4717 944 4774 ,m
998 4701 1137 4758 vernensi
1148 4700 1364 4757 monesterium
1374 4699 1412 4756 de
1420 4700 1582 4765 firmitate,
1594 4699 1623 4756 in
1635 4715 1698 4772 quo
1708 4715 1830 4775 congre·

153 4793 378 4841 controversiam
391 4784 428 4841 de
438 4785 723 4842 liora-Bovis·curtis
733 4785 811 4844 inter
825 4787 944 4846 clania-
998 4789 1150 4860 gationem
1163 4804 1301 4846 sororum
1311 4795 1476 4847 vestrarum
1492 4787 1643 4862 posuistis.
1656 4788 1690 4846 Et
1701 4789 1743 4848 ad
1759 4806 1830 4848 usus

151 4870 247 4913 ⁶⁶⁷¹⁸⁰⁸
261 4861 287 4912 θ’
300 4856 421 4913 dmm
434 4857 493 4925 fim
511 4861 653 4914 ⁶⁰²²⁰⁷¹f⁶⁰
669 4857 835 4916 ‘eminem-
997 4877 1828 4952 earumdemsororumquidquidllugodeLimoetPetro

349 4962 702 5035 (sanctissinum.)
996 4967 1069 5026 nilla
1084 4983 1158 5026 uxor
1184 4970 1259 5039 eius,
1288 4968 1439 5041 Seguinus
1467 4975 1496 5026 et
1526 4970 1624 5039 Agnes
1645 4984 1723 5026 uxor
1750 4968 1826 5044 ejus,

275 5049 323 5125 [D.
343 5053 480 5118 BOUQUED
499 5050 624 5121 decurii,
638 5052 694 5119 XV,
705 5051 782 5126 435]
997 5059 1110 5128 ogerus
1136 5064 1165 5114 et
1177 5057 1343 5116 christiana
1360 5073 1434 5115 uxor
1446 5058 1511 5129 eJ'us
1526 5058 1564 5114 de
1583 5056 1650 5130 jure
1667 5073 1725 5115 suo
1743 5057 1829 5116 vobis

152 5143 293 5200 Ducarius
307 5140 482 5213 episcopus,
495 5156 599 5197 servus
610 5155 765 5197 servorum
781 5141 838 5210 Dei,
850 5157 939 5201 vene·
996 5145 1144 5205 dederunt
1154 5147 1185 5204 in
1205 5147 1274 5205 villa
1288 5164 1357 5221 quae
1371 5148 1481 5205 dicitur
1495 5150 1623 5215 lunum,
1642 5147 1673 5203 iu
1690 5147 1827 5220 Lnguen,

115 5228 261 5286 rabilibus
283 5230 424 5286 iratribus
441 5228 592 5287 Liunsnro
604 5228 824 5301 Engolismensi
843 5238 873 5288 et
887 5235 941 5290 cs·
996 5235 1026 5293 in
1046 5237 1220 5307 Chalma,in
1236 5237 1359 5305 coenni,
1372 5238 1403 5295 in
1426 5237 1545 5305 Suenci,
1556 5238 1587 5295 in
1610 5235 1718 5294 Tribus
1735 5237 1828 5312 Aquis

115 5318 938 5392 rinnoLemovieensiepiseopis,sa1utemetapostolican
995 5325 1026 5382 in
1041 5325 1179 5399 cigoniis,
1202 5327 1233 5383 in
1262 5326 1442 5384 chassennis
1467 5333 1495 5383 et
1513 5327 1639 5384 ltuenni.
1672 5328 1826 5385 Decimam

114 5404 364 5467 benedictionem.
995 5431 1088 5488 quam
1106 5415 1280 5473 cuillelmus
1304 5415 1426 5475 carolus
1440 5417 1548 5489 eteius
1569 5432 1644 5474 uxor
1662 5416 1702 5475 ad
1722 5417 1827 5475 linum

150 5494 391 5557 controversiam
413 5514 481 5573 quse
494 5499 570 5558 inter
584 5498 707 5558 dilectos
725 5499 803 5558 filios
820 5508 938 5563 nostros
994 5504 1176 5566 habuerunt·
1201 5506 1353 5566 Decimam
1372 5511 1487 5581 partem
1498 5506 1629 5582 piscium
1640 5505 1737 5565 Clusa
1747 5504 1828 5565 cuii·
