3728 6000
108 166 158 219 us
491 124 1294 215 rnuarrcuaorucouasumuncnusa.'-ma.
1315 159 1368 215 m.
1702 163 1756 217 ns

106 288 238 343 Praeteree
258 286 324 341 emit
351 283 489 340 decimam
532 285 714 351 Gomurvillae,
751 290 904 354 terramque
918 285 946 345 A
960 283 1084 355 probitas
1096 288 1203 349 nostru,
1215 289 1273 341 eta
1289 287 1342 342 lieo
1353 301 1411 342 nou
1426 286 1758 355 recesserttccatideulia

3 418 6 425 .
104 375 224 431 dimid-a
243 389 363 430 carrucae
387 372 529 440 arabilem,
545 389 605 428 cum
635 372 725 426 multis
754 372 822 438 alii,
844 387 904 443 quae
957 372 1755 445 austruttupuumaupartuescitotejummittdeaorto-

103 464 165 519 idco
181 479 293 520 narrare
306 478 505 534 supervacuum
522 477 583 517 csse
603 461 742 526 duximus,
759 463 822 532 qnia
837 462 903 515 Car·
958 461 1756 535 cerniacumbaradludeetoosobuiaadeprecoratmeom

103 553 249 609 thalarium
267 551 526 624 repraesentantibus
540 551 638 605 litteris
661 549 732 620 apud
749 566 797 604 nos
812 549 903 604 deter·
958 549 1100 605 studeatis
1111 551 1537 608 voluntatemvestrocomitata
1552 558 1579 608 et
1591 557 1704 611 auxilio
1714 573 1757 612 ro·

102 642 205 698 minata
217 641 359 697 habemus.
376 640 404 695 Si
420 649 511 695 autem
526 639 561 694 ad
575 641 730 695 necessarie
745 638 903 693 monasterii

103 734 260 798 recurritur,
277 731 368 801 ipsum
392 729 533 794 calicibus.
564 728 650 793 libris,
667 729 775 794 casulis,
794 726 903 797 cappis,

81 848 84 863 ·
101 820 202 893 palliis,
216 819 358 889 multisque
373 817 435 874 aliis
449 818 620 873 ornamentis
634 818 780 873 decorasse
796 831 903 888 cogno-

102 910 197 968 scitur.
211 909 301 963 Primo
312 924 377 963 vero
393 923 447 979 quo
462 908 541 962 nobis
552 906 661 978 praeluit
676 922 758 973 anno,
775 907 891 959 Thomas
896 954 903 982 ‚

104 1000 150 1071 qui
167 998 302 1070 quondam
319 997 397 1052 uobis
425 997 505 1052 Pater
531 996 668 1060 extiterat,
693 994 766 1067 apud
794 994 904 1049 Colum·

104 1088 187 1143 banse
201 1087 396 1142 monasterium
411 1100 594 1153 commorans,
621 1085 655 1140 ad
685 1084 756 1138 diem
773 1093 812 1138 est
839 1100 903 1154 per-

103 1180 206 1232 tractus
221 1184 384 1231 extremum.
397 1172 474 1243 Quod
485 1174 566 1229 etiam
578 1189 650 1228 auno
665 1172 904 1227 domusTheoinns

104 1264 288 1338 abbasregem
307 1264 378 1335 apud
393 1261 901 1327 Aurelianumcommorantemadiens,

103 1362 133 1410 ut
147 1354 318 1426 privilegium
332 1353 404 1425 quod
422 1354 499 1407 Pater
512 1369 577 1406 suus
592 1352 716 1407 ecclesiae
742 1357 838 1404 nostrae
852 1348 902 1403 dc-

106 1443 192 1511 derat‚
210 1442 341 1513 precepti
352 1441 393 1496 sui
411 1441 602 1511 astipulatione
614 1440 710 1494 stabile
719 1456 755 1494 ex
768 1454 816 1493 sua
828 1446 902 1508 parte.

959 637 1068 693 barura.
1081 638 1172 694 Hultis
1185 639 1372 712 igitureorum
1389 641 1435 712 qui
1449 649 1633 696 convenerant
1656 645 1756 700 corde-

958 733 1036 781 tenus
1051 725 1149 782 inlisus
1164 735 1204 782 est
1215 744 1306 784 sermo
1321 730 1403 799 regis.
1420 728 1591 801 Quapropter
1605 735 1756 802 assumptis

957 830 1019 871 cum
1047 816 1107 886 ipso
1135 832 1199 888 rege
1222 818 1360 884 crucibus,
1377 818 1546 874 Hierusalem
1568 827 1630 890 post
1651 827 1758 893 tempus

958 905 1095 960 modicum
1109 907 1290 961 tetendemut.
1304 907 1479 963 Famosiotes
1493 916 1583 963 autem
1607 909 1676 965 inter
1694 926 1756 966 om·

959 994 1060 1063 nesqui
1077 1010 1136 1049 cum
1153 1011 1217 1065 rege
1233 995 1313 1065 hujus
1328 995 1755 1066 itinerisaugustiamsubierunt,

958 1080 1065 1137 suerunt
1078 1083 1105 1137 bi
1122 1084 1356 1138 :Alamannorum
1373 1085 1520 1155 imperator
1535 1086 1673 1152 Hernicus,
1698 1089 1757 1144 iio·

958 1170 1051 1226 bertus
1066 1169 1151 1226 irater
1165 1173 1248 1242 regis,
1257 1172 1651 1242 HeldensiscomesHenricus‚
1664 1192 1756 1232 comes

959 1258 1092 1316 Flandriae
1105 1259 1253 1316 Gaulridus
1266 1260 1331 1334 [lep.
1349 1261 1556 1335 Theodericusl.
1572 1264 1755 1336 Aluinusepi-

959 1349 1262 1419 scopusttrubuensts,
1279 1349 1414 1405 Girardos
1429 1353 1574 1422 episcopus
1603 1352 1756 1424 lingonen·

957 1436 1005 1502 sis,
1019 1437 1185 1492 Gauclserius
1199 1439 1233 1492 de
1249 1437 1422 1506 Home-Gaii,
1447 1455 1539 1495 comes
1558 1439 1593 1494 de
1621 1440 1753 1508 Warena,

31 1600 34 1605 Ι
106 1532 217 1595 laceret,
235 1531 321 1602 petiit,
335 1539 362 1584 et
376 1530 447 1602 quod
464 1531 578 1599 petierat
606 1529 766 1600 impetrans,
797 1542 899 1597 praece·
957 1525 1496 1594 H-ainaldnsTornadorensis,blanasses
1523 1529 1557 1583 de
1586 1530 1754 1596 battalia·

106 1629 182 1692 ptum
197 1618 275 1679 illud,
292 1617 421 1688 quidquid
438 1627 516 1688 pater
530 1632 592 1670 suus
607 1615 719 1671 dederat
735 1616 776 1670 vel
787 1629 903 1670 conces·
917 1641 945 1703 B
958 1614 1054 1668 rardus
1069 1614 1103 1669 de
1119 1616 1244 1670 Bretolio.
1268 1617 1326 1671 Hex
1341 1623 1430 1672 aulem
1444 1618 1539 1674 volens
1568 1619 1677 1675 tutelam
1694 1619 1754 1691 regi

108 1715 182 1764 serat
200 1708 376 1777 amplectens,
393 1721 484 1760 serum
496 1704 601 1759 detulit.
920 1727 922 1732 ·
957 1701 1071 1773 sapienti
1086 1703 1203 1759 consilio
1231 1704 1387 1773 disponere,
1404 1723 1574 1780 congregare
1594 1709 1656 1764 lecit
1680 1707 1754 1780 apud

141 1796 246 1852 Eodem
275 1810 383 1865 quoque
410 1808 481 1848 alano
497 1794 600 1848 Edessa
615 1792 712 1850 civitas
726 1793 759 1848 ab
784 1790 903 1846 inimicis
958 1790 1082 1861 stampas
1098 1790 1219 1848 Francrae
1234 1795 1377 1864 primores,
1394 1796 1486 1866 ibique
1502 1798 1585 1868 ipsius
1600 1798 1754 1868 regnipro·

108 1883 322 1948 crucisCHristi,
352 1890 504 1938 nostrorum
533 1880 698 1937 dormitante
719 1881 903 1952 providentia,
957 1878 1088 1934 visionem
1105 1880 1324 1951 Superioabbati
1341 1884 1370 1938 H.
1387 1883 1509 1957 Dionysii
1524 1885 1674 1946 commisit.
1691 1886 1755 1943 viro

105 1977 197 2045 capla,
212 1973 409 2028 Saracenomm
424 1971 601 2026 dominationi
629 1980 741 2041 repente
769 1969 898 2025 accesit.
957 1966 983 2020 in
995 1967 1162 2023 secularium
1177 1984 1318 2024 causamm
1330 1969 1533 2042 dispensatione
1547 1974 1612 2029 nulli
1623 1974 1753 2037 secundo.

103 2058 181 2116 Unde
211 2061 239 2112 et
266 2073 312 2112 eos
338 2062 383 2126 qui
398 2056 427 2110 in
441 2056 553 2126 regione
567 2055 735 2109 Hierusalem
760 2054 902 2122 adjacente
956 2055 1038 2110 tilulo
1066 2057 1152 2111 etiam
1178 2058 1300 2114 scientiae
1319 2059 1445 2115 litteralis
1468 2061 1755 2132 praeclar0;ltedullo

100 2148 259 2213 manebant,
288 2144 585 2200 dolorisimmoderata
614 2143 842 2212 angustiansque
867 2141 901 2196 ad
957 2144 1040 2198 etiam
1066 2145 1324 2201 viromandensium
1352 2151 1445 2203 comiti
1472 2150 1752 2222 consanguineosuo.

102 2236 197 2291 intima
221 2233 347 2305 perculit.
375 2234 513 2288 Venerunt
535 2247 601 2304 ergo
631 2231 665 2285 ab
701 2231 847 2285 Antiochia
876 2238 903 2285 et
957 2233 1262 2304 Priusquamsurorer
1280 2234 1662 2311 proficisceretur.iiugeniua
1683 2254 1755 2311 papa

104 2323 277 2380 Hierusalem
294 2323 321 2375 in
336 2329 456 2375 nostram
473 2321 613 2393 regionem
629 2320 712 2392 legali
732 2336 748 2375 a
771 2321 902 2390 primori·
956 2323 1026 2391 quod
1043 2322 1094 2376 Dei
1108 2321 1284 2393 inspiraverat
1299 2325 1412 2395 spiritus
1440 2331 1620 2396 persuasione
1646 2328 1753 2383 solida·

103 2413 154 2469 bus
163 2412 279 2482 partium
295 2410 402 2464 illarum
422 2409 498 2464 missi
529 2409 687 2480 suppliciter
713 2409 899 2477 secretalibus,
957 2408 1076 2463 turusiu
1103 2410 1243 2466 Hraasciam
1269 2412 1350 2468 venit.
1376 2414 1457 2483 Cujus
1480 2414 1754 2472 henedictionelaeli·

102 2509 132 2558 ut
146 2501 317 2557 Francorum
333 2497 503 2554 invincibilis
519 2497 641 2567 probitas
655 2497 804 2569 periculum
829 2500 900 2568 quod
955 2496 1039 2560 ficati,
1055 2499 1107 2552 iter
1123 2499 1196 2553 allius
1207 2500 1260 2568 piae
1276 2502 1502 2571 peregrinationis
1517 2504 1606 2558 statim
1631 2505 1754 2577 aggressi

102 2589 411 2650 eveneratcmeudaret.
428 2596 453 2641 et
481 2588 573 2641 lutura
601 2587 755 2656 repelleret.
780 2584 901 2640 Aualiens
955 2593 1026 2640 sunt.
1044 2586 1228 2642 Domusrero
1254 2605 1323 2660 papa
1350 2590 1445 2645 Remis
1474 2593 1611 2648 celebrato
1639 2593 1754 2650 coucilia

102 2695 152 2736 raa
164 2685 263 2743 noster,
280 2685 309 2732 ut
324 2684 382 2731 erat
397 2676 552 2746 piissimus,
569 2676 691 2730 miseriae
706 2675 900 2729 transmarino·
957 2675 1076 2729 Parisius
1097 2676 1180 2740 venit,
1205 2675 1300 2748 ibique
1328 2678 1486 2749 aliquandiu
1514 2681 1673 2736 demoratus
1695 2689 1748 2738 est.

101 2765 317 2831 rumcouduluit‚
335 2768 402 2820 etat
420 2774 553 2835 concepta
573 2764 636 2818 inde
666 2765 753 2834 pietas
783 2766 900 2819 tralatum
956 2763 1019 2817 Post
1023 2803 1077 2817 .....
1094 2763 1172 2818 niens
1201 2766 1228 2818 in
1253 2765 1310 2836 ipsa
1340 2768 1408 2821 urbe
1435 2769 1755 2839 diebusaliquot....ut

100 2857 220 2929 aliquem
244 2852 363 2918 afferret,
389 2854 516 2909 celsiores
532 2853 658 2924 reguisui
675 2855 703 2906 iu
720 2851 900 2921 l’asclraapud
955 2858 1058 2905 tantum
1072 2852 1188 2907 decebat
1210 2854 1305 2922 uirum,
1340 2856 1507 2925 amplissime
1530 2858 1632 2916 ab.....
1646 2859 1751 2931 fierent,

102 2946 274 3010 viziliacum,
290 2951 320 2998 ut
335 2942 461 3014 exigebat
477 2942 633 3008 necessitas,
646 2942 816 2997 convocavit.
833 2939 900 2996 Om·
955 2939 1102 2994 Gallicanae
1122 2942 1235 2995 multum
1252 2959 1285 2996 ex
1309 2945 1362 3000 hoc
1389 2956 1509 3016 gravatae
1525 2954 1587 3000 suut
1605 2947 1750 3005 Ecclesiae.

102 3049 204 3106 aesque
219 3034 266 3105 pio
280 3031 550 3100 moduloalloquens.
561 3031 722 3100 solitamque
730 3030 897 3084 Francorum
953 3028 1054 3082 Noster
1068 3044 1176 3100 quoque
1186 3029 1272 3085 abbas
1286 3033 1314 3085 in
1327 3031 1414 3102 ipsius
1424 3035 1615 3104 procuratione
1625 3037 1753 3093 axlibras

102 3123 268 3198 probitatem
278 3119 768 3190 commemorans:deputaminquit
783 3117 900 3173 dedecus
953 3117 1131 3171 submonente
1144 3118 1515 3189 archiepiscoposenonensi
1526 3125 1654 3179 attribuit.
1672 3126 1753 3180 Post-

103 3205 901 3282 uotaemerpetutexprobrartcoeparttetstttstaasfumt·
954 3219 988 3258 ca
1000 3203 1119 3259 domnus
1131 3208 1300 3275 apostolicus
1314 3211 1463 3279 repatriare
1479 3211 1505 3264 in
1516 3213 1631 3280 patriam
1647 3214 1750 3281 voleus,

12 3358 15 3363 ,
104 3296 900 3371 iioessovid;slpossiderecaeperitqensdoeruouiuco,qua
954 3293 1122 3365 omnesqui
1151 3310 1266 3366 regnum
1295 3299 1360 3352 aute
1377 3297 1582 3369 ragisreditum
1602 3301 1752 3373 inquietare

103 3380 902 3463 perscultuidiviuodedilotemporctouqoobtinuit:si
955 3380 1099 3447 auderent,
1125 3385 1307 3440 anathematis
1345 3387 1488 3442 sententiae
1520 3389 1653 3444 subdidit.
1695 3391 1752 3447 Rex

104 3493 190 3536 annea
203 3477 310 3534 mortui
321 3475 439 3531 uiuidum
454 3475 621 3546 probitatem
629 3474 795 3537 deterserint,
807 3473 902 3527 muci·
954 3469 1054 3523 deinde
1066 3480 1161 3525 rruster
1174 3480 1290 3542 coeptum
1303 3474 1354 3528 iter
1367 3474 1512 3539 laboriose,
1524 3476 1571 3531 sed
1583 3493 1636 3533 non
1644 3478 1753 3550 sapien·

103 3563 901 3638 mequeFrancorumquorumuirtusetiumiuleruineu-
955 3565 995 3612 ter
1010 3573 1187 3628 prosequens,
1205 3561 1318 3616 consilia
1334 3577 1388 3616 riou
1413 3564 1568 3632 recipienda
1597 3569 1702 3638 recepit
1725 3573 1753 3624 et

104 3656 289 3724 lulibcrasuit
301 3652 899 3723 :qsaetnquantutitetaecessttateurctutu,
955 3661 1007 3700 uon
1030 3646 1119 3700 tritam
1136 3648 1369 3712 viamambulans.
1380 3650 1752 3727 pedibusspinasiniigendas

102 3740 752 3808 contaaaueticmetiamiltotampatiraonputuit
767 3740 900 3810 quaerut·
954 3748 1008 3787 non
1024 3734 1107 3788 cavit.
1121 3735 1198 3790 Unde
1225 3746 1251 3791 et
1268 3742 1371 3793 vestuto
1399 3741 1532 3807 exercitu,
1548 3742 1752 3815 debilitatisque

104 3834 187 3888 cisia
203 3827 676 3901 temporeoppurtauoadjutorium
687 3829 899 3898 praepatulis,
954 3820 1065 3887 viribus,
1100 3826 1208 3879 tandem
1224 3825 1394 3881 Hierusalem
1420 3830 1466 3882 vix
1479 3833 1611 3901 pervenit.
1637 3831 1688 3887 Ubi
1704 3849 1753 3904 per

102 3921 235 3978 iuimicus
250 3918 338 3972 etiam
347 3919 411 3986 pust
422 3919 542 3970 mortem
556 3918 686 3988 persequi
704 3917 898 3972 concessavit·
955 3909 1037 3964 unius
1048 3911 1111 3964 anni
1126 3913 1244 3982 spolium
1261 3919 1289 3968 el
1303 3930 1336 3969 ⁹0
1349 3916 1466 3985 amplius
1481 3933 1668 3985 commorans,
1685 3921 1752 3976 nihil

103 4011 164 4067 Nou
178 4008 332 4062 tusotesaut
345 4007 433 4074 ipitar
448 4004 510 4076 ipsu
526 4005 625 4067 uirtus.
641 4005 689 4060 sad
704 4005 898 4060 amicuslleiet
955 3999 1111 4065 utile,nil1il
1127 4003 1344 4069 memorandum,
1362 4004 1430 4058 nihil
1443 4003 1471 4073 pl
1477 4046 1532 4063 .....
1562 4006 1683 4064 Francia
1710 4009 1752 4064 di·

102 4104 225 4164 uostros,
236 4093 900 4154 trarrsmuriuosscilicctCiristiuuos,subueutu
955 4103 1037 4160 cnuto
1053 4104 1135 4157 agere
1148 4091 1245 4159 potuit.
1259 4090 1338 4148 Unde
1352 4100 1379 4148 et
1391 4093 1595 4152 obscuros.....
1611 4105 1750 4153 transma-

100 4187 224 4245 virtuoso
234 4183 490 4238 releuct:iuimicos
499 4183 682 4247 autumnitas,
692 4199 743 4238 uec
757 4183 843 4237 etium
855 4183 901 4236 to·
955 4175 1022 4229 rinis
1041 4176 1163 4246 partibus
1186 4180 1239 4233 iter
1260 4195 1369 4236 mo.....
1399 4169 1541 4255 ipsamque
1567 4201 1677 4242 recessu
1700 4203 1751 4244 auo

98 4269 743 4341 minamaosatnedtqaos,praesperseeattaua
761 4270 899 4326 deturbet.
954 4264 1034 4319 valde
1038 4305 1140 4320 ........
1157 4265 1259 4336 Quarto
1280 4277 1372 4325 autem
1389 4276 1450 4342 post
1454 4311 1544 4327 ........
1559 4274 1752 4332 abbasnoster

98 4360 894 4426 Eamusuiriuirtutis.resislcmasidolorumcultoribus,
912 4346 936 4405 D
953 4353 1090 4408 Thelinus
1109 4354 1224 4410 tunicam
1249 4361 1345 4412 earnis
1372 4361 1554 4431 corruptibilis
1583 4365 1750 4435 exspolians,

96 4448 354 4525 proficiscamurad
366 4448 495 4520 locaque
509 4448 685 4504 Deileominis
704 4449 820 4520 pedibas
835 4451 896 4505 cul-
954 4446 1017 4496 ante
1031 4444 1114 4497 altare
1129 4445 1246 4500 abbatie
1260 4445 1381 4517 sepultus
1392 4455 1443 4516 est,
1458 4454 1536 4505 tanto
1550 4452 1651 4522 majori
1665 4456 1749 4512 alteo

97 4538 894 4610 cataolimfuissecoquoscimus.inquibasetiumpassus
949 4529 1348 4605 d0⁰³ssdl¹⁸0lsslorificandus
1370 4551 1492 4603 munere,
1523 4548 1623 4611 quanto
1652 4541 1680 4596 iu
1707 4559 1752 4600 or·

96 4625 892 4702 estqueejusprasentiaatcorporatiuisitationedipuu
947 4617 1037 4673 nanda
1062 4619 1122 4690 ejus
1149 4636 1250 4691 sponsa
1276 4623 1423 4681 studiosius
1452 4631 1629 4701 cognoscitur
1661 4630 1746 4689 tabo-

96 4720 226 4789 sueruut.
239 4713 565 4785 desurpetaatamtteus
574 4712 730 4776 uobiscum.
743 4715 893 4788 atdissipa·
946 4721 1037 4762 mse·

96 4804 326 4862 bunturinimici
341 4805 414 4874 ejus,
424 4806 452 4858 et
461 4802 573 4873 sapient
589 4803 638 4874 qai
656 4801 781 4859 oderunt
795 4820 860 4860 cum
875 4823 893 4861 a

94 4895 285 4964 [oclcuostro.
297 4889 893 4960 doristeudculurinquamatconvertentur

94 4984 355 5041 retrorsumomues
364 4980 537 5051 quiedaruut
546 4979 612 5035 Sion
621 4980 790 5037 :siviriliter
802 4984 891 5054 aperit

1012 4861 1100 4917 Pater
1112 4871 1221 4931 sancte,
1237 4865 1309 4933 vota,
1326 4866 1377 4923 tibi
1389 4866 1498 4926 donum
1508 4870 1678 4944 spirituale.
