<?xml version="1.0" encoding="UTF-8"?>
<!DOCTYPE html PUBLIC "-//W3C//DTD XHTML 1.0 Transitional//EN"
    "http://www.w3.org/TR/xhtml1/DTD/xhtml1-transitional.dtd">
<html xmlns="http://www.w3.org/1999/xhtml" xml:lang="en" lang="en">
 <head>
  <title>
</title>
<meta http-equiv="Content-Type" content="text/html;charset=utf-8" />
  <meta name='ocr-system' content='tesseract 3.04.00' />
  <meta name='ocr-capabilities' content='ocr_page ocr_carea ocr_par ocr_line ocrx_word'/>
</head>
<body>
  <div class='ocr_page' id='page_1' title='image "./patrologiaecurs13unkngoog_0053.png"; bbox 0 0 3728 6000; ppageno 0'>
   <div class='ocr_carea' id='block_1_1' title="bbox 173 236 1824 303">
    <p class='ocr_par' dir='ltr' id='par_1_1' title="bbox 173 236 1824 303">
     <span class='ocr_line' id='line_1_1' title="bbox 173 236 1824 303; baseline 0.006 -10"><span class='ocrx_word' id='word_1_1' title='bbox 173 238 207 293; x_wconf 76' lang='lat' dir='ltr'><strong>stt</strong></span> <span class='ocrx_word' id='word_1_2' title='bbox 620 236 806 297; x_wconf 76' lang='lat' dir='ltr'><strong>ttuauxttttt</strong></span> <span class='ocrx_word' id='word_1_3' title='bbox 824 238 853 296; x_wconf 88' lang='lat' dir='ltr'><strong>S.</strong></span> <span class='ocrx_word' id='word_1_4' title='bbox 873 238 1189 299; x_wconf 76' lang='lat' dir='ltr'><strong>lt.ttttt¹.t1T0ttrtAc.</strong></span> <span class='ocrx_word' id='word_1_5' title='bbox 1212 244 1361 302; x_wconf 73' lang='lat' dir='ltr'><strong>abbans</strong></span> <span class='ocrx_word' id='word_1_6' title='bbox 1788 246 1824 303; x_wconf 81' lang='grc'><strong>91</strong></span> 
     </span>
    </p>
   </div>
   <div class='ocr_carea' id='block_1_2' title="bbox 172 362 1828 449">
    <p class='ocr_par' dir='ltr' id='par_1_2' title="bbox 172 362 1828 449">
     <span class='ocr_line' id='line_1_2' title="bbox 172 362 1828 449; baseline 0.006 -31"><span class='ocrx_word' id='word_1_7' title='bbox 172 370 200 419; x_wconf 84' lang='grc'><strong>01</strong></span> <span class='ocrx_word' id='word_1_8' title='bbox 213 362 399 436; x_wconf 78' lang='lat' dir='ltr'><strong>‘templovium</strong></span> <span class='ocrx_word' id='word_1_9' title='bbox 424 364 451 421; x_wconf 93' lang='lat' dir='ltr'><strong>in</strong></span> <span class='ocrx_word' id='word_1_10' title='bbox 476 372 557 432; x_wconf 89' lang='lat' dir='ltr'><strong>terra,</strong></span> <span class='ocrx_word' id='word_1_11' title='bbox 580 382 660 437; x_wconf 86' lang='lat' dir='ltr'><strong>quarn</strong></span> <span class='ocrx_word' id='word_1_12' title='bbox 682 382 698 423; x_wconf 91' lang='grc'><strong>0</strong></span> <span class='ocrx_word' id='word_1_13' title='bbox 722 368 827 423; x_wconf 90' lang='lat' dir='ltr'><strong>comite</strong></span> <span class='ocrx_word' id='word_1_14' title='bbox 843 367 972 434; x_wconf 82' lang='lat' dir='ltr'><strong>lieberto,</strong></span> <span class='ocrx_word' id='word_1_15' title='bbox 988 367 1017 430; x_wconf 87' lang='grc' dir='ltr'><strong>Α</strong></span> <span class='ocrx_word' id='word_1_16' title='bbox 1032 373 1148 447; x_wconf 85' lang='lat' dir='ltr'><strong>sepulto,</strong></span> <span class='ocrx_word' id='word_1_17' title='bbox 1165 374 1283 430; x_wconf 85' lang='lat' dir='ltr'><strong>succedit</strong></span> <span class='ocrx_word' id='word_1_18' title='bbox 1304 377 1330 431; x_wconf 92' lang='lat' dir='ltr'><strong>ei</strong></span> <span class='ocrx_word' id='word_1_19' title='bbox 1354 376 1380 432; x_wconf 93' lang='grc'><strong>10</strong></span> <span class='ocrx_word' id='word_1_20' title='bbox 1404 374 1561 449; x_wconf 89' lang='lat' dir='ltr'><strong>episcopatu</strong></span> <span class='ocrx_word' id='word_1_21' title='bbox 1577 375 1692 432; x_wconf 84' lang='lat' dir='ltr'><strong>domnus</strong></span> <span class='ocrx_word' id='word_1_22' title='bbox 1705 371 1828 430; x_wconf 74' lang='lat' dir='ltr'><strong>balderi-</strong></span> 
     </span>
    </p>
   </div>
   <div class='ocr_carea' id='block_1_3' title="bbox 172 454 973 1042">
    <p class='ocr_par' dir='ltr' id='par_1_3' title="bbox 172 454 973 1042">
     <span class='ocr_line' id='line_1_3' title="bbox 172 454 972 529; baseline 0.003 -20"><span class='ocrx_word' id='word_1_23' title='bbox 172 462 201 509; x_wconf 91' lang='lat' dir='ltr'><strong>ut</strong></span> <span class='ocrx_word' id='word_1_24' title='bbox 215 454 344 524; x_wconf 88' lang='lat' dir='ltr'><strong>superius</strong></span> <span class='ocrx_word' id='word_1_25' title='bbox 357 454 457 510; x_wconf 93' lang='lat' dir='ltr'><strong>dictum</strong></span> <span class='ocrx_word' id='word_1_26' title='bbox 472 463 523 524; x_wconf 91' lang='lat' dir='ltr'><strong>est,</strong></span> <span class='ocrx_word' id='word_1_27' title='bbox 538 471 587 527; x_wconf 89' lang='lat' dir='ltr'><strong>pro</strong></span> <span class='ocrx_word' id='word_1_28' title='bbox 602 472 673 529; x_wconf 88' lang='lat' dir='ltr'><strong>equo</strong></span> <span class='ocrx_word' id='word_1_29' title='bbox 698 473 748 512; x_wconf 94' lang='lat' dir='ltr'><strong>suo</strong></span> <span class='ocrx_word' id='word_1_30' title='bbox 771 458 894 514; x_wconf 79' lang='lat' dir='ltr'><strong>ecelesiae</strong></span> <span class='ocrx_word' id='word_1_31' title='bbox 912 456 972 513; x_wconf 89' lang='lat' dir='ltr'><strong>dari</strong></span> 
     </span>
     <span class='ocr_line' id='line_1_4' title="bbox 173 543 973 618; baseline 0.006 -22"><span class='ocrx_word' id='word_1_32' title='bbox 173 543 383 611; x_wconf 84' lang='lat' dir='ltr'><strong>impetraverat;</strong></span> <span class='ocrx_word' id='word_1_33' title='bbox 408 553 510 599; x_wconf 89' lang='lat' dir='ltr'><strong>sextam</strong></span> <span class='ocrx_word' id='word_1_34' title='bbox 533 560 599 600; x_wconf 81' lang='lat' dir='ltr'><strong>sero</strong></span> <span class='ocrx_word' id='word_1_35' title='bbox 621 545 692 616; x_wconf 89' lang='lat' dir='ltr'><strong>apud</strong></span> <span class='ocrx_word' id='word_1_36' title='bbox 716 546 832 612; x_wconf 77' lang='lat' dir='ltr'><strong>caelen,</strong></span> <span class='ocrx_word' id='word_1_37' title='bbox 849 555 875 603; x_wconf 87' lang='lat' dir='ltr'><strong>et</strong></span> <span class='ocrx_word' id='word_1_38' title='bbox 889 546 973 618; x_wconf 88' lang='lat' dir='ltr'><strong>septi·</strong></span> 
     </span>
     <span class='ocr_line' id='line_1_5' title="bbox 174 631 972 706; baseline 0.006 -20"><span class='ocrx_word' id='word_1_39' title='bbox 174 646 246 686; x_wconf 89' lang='lat' dir='ltr'><strong>mam</strong></span> <span class='ocrx_word' id='word_1_40' title='bbox 262 631 333 702; x_wconf 88' lang='lat' dir='ltr'><strong>apud</strong></span> <span class='ocrx_word' id='word_1_41' title='bbox 353 633 498 688; x_wconf 76' lang='lat' dir='ltr'><strong>costenten</strong></span> <span class='ocrx_word' id='word_1_42' title='bbox 522 633 550 689; x_wconf 89' lang='lat' dir='ltr'><strong>ia</strong></span> <span class='ocrx_word' id='word_1_43' title='bbox 573 642 648 688; x_wconf 87' lang='lat' dir='ltr'><strong>terra</strong></span> <span class='ocrx_word' id='word_1_44' title='bbox 669 652 729 705; x_wconf 84' lang='lat' dir='ltr'><strong>qum</strong></span> <span class='ocrx_word' id='word_1_45' title='bbox 750 635 776 689; x_wconf 86' lang='lat' dir='ltr'><strong>ei</strong></span> <span class='ocrx_word' id='word_1_46' title='bbox 800 650 836 690; x_wconf 90' lang='lat' dir='ltr'><strong>ex</strong></span> <span class='ocrx_word' id='word_1_47' title='bbox 858 640 972 706; x_wconf 85' lang='lat' dir='ltr'><strong>paterna</strong></span> 
     </span>
     <span class='ocr_line' id='line_1_6' title="bbox 174 719 973 793; baseline 0.005 -19"><span class='ocrx_word' id='word_1_48' title='bbox 174 719 331 775; x_wconf 81' lang='lat' dir='ltr'><strong>baereditete</strong></span> <span class='ocrx_word' id='word_1_49' title='bbox 364 731 541 791; x_wconf 88' lang='lat' dir='ltr'><strong>provenerat,</strong></span> <span class='ocrx_word' id='word_1_50' title='bbox 566 729 688 778; x_wconf 74' lang='lat' dir='ltr'><strong>octavam</strong></span> <span class='ocrx_word' id='word_1_51' title='bbox 713 723 973 793; x_wconf 76' lang='grc' dir='ltr'><strong>(0011010110οη-</strong></span> 
     </span>
     <span class='ocr_line' id='line_1_7' title="bbox 174 809 971 883; baseline 0.006 -22"><span class='ocrx_word' id='word_1_52' title='bbox 174 822 237 861; x_wconf 90' lang='lat' dir='ltr'><strong>sum</strong></span> <span class='ocrx_word' id='word_1_53' title='bbox 263 824 345 879; x_wconf 89' lang='lat' dir='ltr'><strong>super</strong></span> <span class='ocrx_word' id='word_1_54' title='bbox 366 809 493 865; x_wconf 87' lang='lat' dir='ltr'><strong>Scaldum</strong></span> <span class='ocrx_word' id='word_1_55' title='bbox 516 810 639 879; x_wconf 86' lang='lat' dir='ltr'><strong>fluvium,</strong></span> <span class='ocrx_word' id='word_1_56' title='bbox 656 826 754 866; x_wconf 92' lang='lat' dir='ltr'><strong>nonam</strong></span> <span class='ocrx_word' id='word_1_57' title='bbox 770 813 842 883; x_wconf 92' lang='lat' dir='ltr'><strong>apud</strong></span> <span class='ocrx_word' id='word_1_58' title='bbox 859 811 971 881; x_wconf 90' lang='lat' dir='ltr'><strong>Galren,</strong></span> 
     </span>
     <span class='ocr_line' id='line_1_8' title="bbox 174 896 971 973; baseline 0.008 -22"><span class='ocrx_word' id='word_1_59' title='bbox 174 896 307 953; x_wconf 88' lang='lat' dir='ltr'><strong>decimam</strong></span> <span class='ocrx_word' id='word_1_60' title='bbox 331 899 403 970; x_wconf 88' lang='lat' dir='ltr'><strong>apud</strong></span> <span class='ocrx_word' id='word_1_61' title='bbox 428 900 582 970; x_wconf 86' lang='lat' dir='ltr'><strong>Domerias,</strong></span> <span class='ocrx_word' id='word_1_62' title='bbox 599 900 770 956; x_wconf 88' lang='lat' dir='ltr'><strong>undecimam</strong></span> <span class='ocrx_word' id='word_1_63' title='bbox 793 901 868 973; x_wconf 89' lang='lat' dir='ltr'><strong>opud</strong></span> <span class='ocrx_word' id='word_1_64' title='bbox 891 902 971 957; x_wconf 84' lang='lat' dir='ltr'><strong>Cate-</strong></span> 
     </span>
     <span class='ocr_line' id='line_1_9' title="bbox 174 1000 245 1042; baseline 0.014 -1"><span class='ocrx_word' id='word_1_65' title='bbox 174 1000 245 1042; x_wconf 87' lang='lat' dir='ltr'><strong>aras.</strong></span> 
     </span>
    </p>
   </div>
   <div class='ocr_carea' id='block_1_4' title="bbox 174 1128 974 3065">
    <p class='ocr_par' dir='ltr' id='par_1_4' title="bbox 174 1128 974 3065">
     <span class='ocr_line' id='line_1_10' title="bbox 211 1128 973 1203; baseline 0.009 -18"><span class='ocrx_word' id='word_1_66' title='bbox 211 1128 255 1185; x_wconf 74' lang='grc'><strong>11.</strong></span> <span class='ocrx_word' id='word_1_67' title='bbox 277 1132 383 1185; x_wconf 80' lang='lat' dir='ltr'><strong>Interea</strong></span> <span class='ocrx_word' id='word_1_68' title='bbox 405 1131 522 1187; x_wconf 88' lang='lat' dir='ltr'><strong>domnus</strong></span> <span class='ocrx_word' id='word_1_69' title='bbox 544 1130 670 1188; x_wconf 86' lang='lat' dir='ltr'><strong>Rabodus</strong></span> <span class='ocrx_word' id='word_1_70' title='bbox 694 1132 847 1203; x_wconf 89' lang='lat' dir='ltr'><strong>episcopus,</strong></span> <span class='ocrx_word' id='word_1_71' title='bbox 864 1132 908 1203; x_wconf 90' lang='lat' dir='ltr'><strong>qui</strong></span> <span class='ocrx_word' id='word_1_72' title='bbox 923 1132 973 1194; x_wconf 87' lang='lat' dir='ltr'><strong>luit</strong></span> 
     </span>
     <span class='ocr_line' id='line_1_11' title="bbox 174 1218 972 1294; baseline 0.004 -18"><span class='ocrx_word' id='word_1_73' title='bbox 174 1218 325 1276; x_wconf 82' lang='lat' dir='ltr'><strong>avunculus</strong></span> <span class='ocrx_word' id='word_1_74' title='bbox 354 1221 482 1276; x_wconf 81' lang='lat' dir='ltr'><strong>Ererardi</strong></span> <span class='ocrx_word' id='word_1_75' title='bbox 503 1221 714 1277; x_wconf 87' lang='lat' dir='ltr'><strong>Tornacensium</strong></span> <span class='ocrx_word' id='word_1_76' title='bbox 742 1220 901 1289; x_wconf 87' lang='lat' dir='ltr'><strong>castellani,</strong></span> <span class='ocrx_word' id='word_1_77' title='bbox 926 1224 972 1294; x_wconf 92' lang='lat' dir='ltr'><strong>qui</strong></span> 
     </span>
     <span class='ocr_line' id='line_1_12' title="bbox 175 1307 971 1379; baseline 0.004 -16"><span class='ocrx_word' id='word_1_78' title='bbox 175 1307 264 1379; x_wconf 89' lang='lat' dir='ltr'><strong>ipsum</strong></span> <span class='ocrx_word' id='word_1_79' title='bbox 280 1308 453 1365; x_wconf 88' lang='lat' dir='ltr'><strong>Tornaeeuse</strong></span> <span class='ocrx_word' id='word_1_80' title='bbox 476 1310 617 1366; x_wconf 88' lang='lat' dir='ltr'><strong>castellum</strong></span> <span class='ocrx_word' id='word_1_81' title='bbox 635 1326 697 1366; x_wconf 91' lang='lat' dir='ltr'><strong>cum</strong></span> <span class='ocrx_word' id='word_1_82' title='bbox 712 1310 824 1366; x_wconf 85' lang='lat' dir='ltr'><strong>castello</strong></span> <span class='ocrx_word' id='word_1_83' title='bbox 836 1310 871 1366; x_wconf 93' lang='lat' dir='ltr'><strong>de</strong></span> <span class='ocrx_word' id='word_1_84' title='bbox 886 1310 971 1367; x_wconf 88' lang='lat' dir='ltr'><strong>bleri-</strong></span> 
     </span>
     <span class='ocr_line' id='line_1_13' title="bbox 175 1393 973 1467; baseline 0.005 -18"><span class='ocrx_word' id='word_1_85' title='bbox 175 1393 249 1449; x_wconf 80' lang='lat' dir='ltr'><strong>unia</strong></span> <span class='ocrx_word' id='word_1_86' title='bbox 263 1401 324 1449; x_wconf 90' lang='lat' dir='ltr'><strong>ante</strong></span> <span class='ocrx_word' id='word_1_87' title='bbox 338 1409 439 1465; x_wconf 84' lang='lat' dir='ltr'><strong>paucos</strong></span> <span class='ocrx_word' id='word_1_88' title='bbox 462 1394 521 1451; x_wconf 87' lang='lat' dir='ltr'><strong>dies</strong></span> <span class='ocrx_word' id='word_1_89' title='bbox 545 1402 654 1467; x_wconf 75' lang='lat' dir='ltr'>ceperat</span> <span class='ocrx_word' id='word_1_90' title='bbox 676 1401 701 1450; x_wconf 92' lang='lat' dir='ltr'><strong>et</strong></span> <span class='ocrx_word' id='word_1_91' title='bbox 725 1394 900 1450; x_wconf 70' lang='lat' dir='ltr'><strong>dominationi</strong></span> <span class='ocrx_word' id='word_1_92' title='bbox 916 1412 973 1453; x_wconf 75' lang='grc'><strong>000</strong></span> 
     </span>
     <span class='ocr_line' id='line_1_14' title="bbox 175 1480 972 1555; baseline 0.006 -19"><span class='ocrx_word' id='word_1_93' title='bbox 175 1480 340 1550; x_wconf 84' lang='lat' dir='ltr'><strong>subdiderat,</strong></span> <span class='ocrx_word' id='word_1_94' title='bbox 360 1482 496 1555; x_wconf 82' lang='lat' dir='ltr'><strong>legitimos</strong></span> <span class='ocrx_word' id='word_1_95' title='bbox 512 1484 632 1540; x_wconf 75' lang='lat' dir='ltr'><strong>baredes</strong></span> <span class='ocrx_word' id='word_1_96' title='bbox 645 1484 678 1540; x_wconf 92' lang='lat' dir='ltr'><strong>de</strong></span> <span class='ocrx_word' id='word_1_97' title='bbox 694 1484 733 1539; x_wconf 93' lang='lat' dir='ltr'><strong>eis</strong></span> <span class='ocrx_word' id='word_1_98' title='bbox 746 1484 897 1554; x_wconf 87' lang='lat' dir='ltr'><strong>expellens,</strong></span> <span class='ocrx_word' id='word_1_99' title='bbox 914 1484 972 1541; x_wconf 89' lang='lat' dir='ltr'><strong>Ge·</strong></span> 
     </span>
     <span class='ocr_line' id='line_1_15' title="bbox 175 1568 973 1646; baseline 0.006 -22"><span class='ocrx_word' id='word_1_100' title='bbox 175 1568 321 1626; x_wconf 88' lang='lat' dir='ltr'><strong>rullumde</strong></span> <span class='ocrx_word' id='word_1_101' title='bbox 336 1572 458 1628; x_wconf 84' lang='lat' dir='ltr'><strong>Tornaeo</strong></span> <span class='ocrx_word' id='word_1_102' title='bbox 481 1581 508 1628; x_wconf 88' lang='lat' dir='ltr'><strong>et</strong></span> <span class='ocrx_word' id='word_1_103' title='bbox 530 1574 672 1646; x_wconf 73' lang='lat' dir='ltr'><strong>Huponenn</strong></span> <span class='ocrx_word' id='word_1_104' title='bbox 695 1573 730 1630; x_wconf 87' lang='lat' dir='ltr'><strong>da</strong></span> <span class='ocrx_word' id='word_1_105' title='bbox 755 1573 904 1638; x_wconf 87' lang='lat' dir='ltr'><strong>lloritania,</strong></span> <span class='ocrx_word' id='word_1_106' title='bbox 928 1573 973 1629; x_wconf 92' lang='lat' dir='ltr'><strong>hic</strong></span> 
     </span>
     <span class='ocr_line' id='line_1_16' title="bbox 175 1657 967 1735; baseline 0.005 -21"><span class='ocrx_word' id='word_1_107' title='bbox 175 1657 304 1714; x_wconf 85' lang='lat' dir='ltr'><strong>Rabodus</strong></span> <span class='ocrx_word' id='word_1_108' title='bbox 316 1657 358 1714; x_wconf 87' lang='lat' dir='ltr'><strong>vir</strong></span> <span class='ocrx_word' id='word_1_109' title='bbox 373 1660 481 1729; x_wconf 89' lang='lat' dir='ltr'><strong>nobilis,</strong></span> <span class='ocrx_word' id='word_1_110' title='bbox 498 1669 525 1717; x_wconf 92' lang='grc'><strong>01</strong></span> <span class='ocrx_word' id='word_1_111' title='bbox 544 1678 651 1735; x_wconf 84' lang='lat' dir='ltr'><strong>magnae</strong></span> <span class='ocrx_word' id='word_1_112' title='bbox 673 1661 816 1734; x_wconf 71' lang='lat' dir='ltr'><strong>probitatis</strong></span> <span class='ocrx_word' id='word_1_113' title='bbox 837 1662 967 1733; x_wconf 82' lang='lat' dir='ltr'><strong>existens,</strong></span> 
     </span>
     <span class='ocr_line' id='line_1_17' title="bbox 176 1746 968 1819; baseline 0.005 -17"><span class='ocrx_word' id='word_1_114' title='bbox 176 1746 246 1802; x_wconf 87' lang='lat' dir='ltr'><strong>inter</strong></span> <span class='ocrx_word' id='word_1_115' title='bbox 259 1755 355 1804; x_wconf 86' lang='lat' dir='ltr'><strong>caetera</strong></span> <span class='ocrx_word' id='word_1_116' title='bbox 371 1765 431 1819; x_wconf 74' lang='lat' dir='ltr'><strong>quae</strong></span> <span class='ocrx_word' id='word_1_117' title='bbox 444 1749 615 1806; x_wconf 90' lang='lat' dir='ltr'><strong>laudabiliter</strong></span> <span class='ocrx_word' id='word_1_118' title='bbox 630 1750 702 1814; x_wconf 89' lang='lat' dir='ltr'><strong>lecit,</strong></span> <span class='ocrx_word' id='word_1_119' title='bbox 714 1750 797 1805; x_wconf 89' lang='lat' dir='ltr'><strong>etiam</strong></span> <span class='ocrx_word' id='word_1_120' title='bbox 813 1753 968 1807; x_wconf 71' lang='lat' dir='ltr'><strong>coenobium</strong></span> 
     </span>
     <span class='ocr_line' id='line_1_18' title="bbox 175 1837 965 1908; baseline 0.003 -17"><span class='ocrx_word' id='word_1_121' title='bbox 175 1843 298 1892; x_wconf 85' lang='lat' dir='ltr'><strong>nostrum</strong></span> <span class='ocrx_word' id='word_1_122' title='bbox 318 1845 468 1892; x_wconf 87' lang='lat' dir='ltr'><strong>restaurare</strong></span> <span class='ocrx_word' id='word_1_123' title='bbox 488 1837 600 1904; x_wconf 84' lang='lat' dir='ltr'><strong>curarit,</strong></span> <span class='ocrx_word' id='word_1_124' title='bbox 616 1838 684 1892; x_wconf 91' lang='lat' dir='ltr'><strong>sieut</strong></span> <span class='ocrx_word' id='word_1_125' title='bbox 699 1854 779 1908; x_wconf 83' lang='lat' dir='ltr'><strong>supra</strong></span> <span class='ocrx_word' id='word_1_126' title='bbox 794 1838 895 1894; x_wconf 90' lang='lat' dir='ltr'><strong>dietum</strong></span> <span class='ocrx_word' id='word_1_127' title='bbox 911 1847 965 1894; x_wconf 89' lang='lat' dir='ltr'><strong>est.</strong></span> 
     </span>
     <span class='ocr_line' id='line_1_19' title="bbox 177 1923 970 1997; baseline 0.004 -17"><span class='ocrx_word' id='word_1_128' title='bbox 177 1923 241 1990; x_wconf 88' lang='lat' dir='ltr'><strong>Sed,</strong></span> <span class='ocrx_word' id='word_1_129' title='bbox 258 1926 329 1980; x_wconf 85' lang='lat' dir='ltr'><strong>heu!</strong></span> <span class='ocrx_word' id='word_1_130' title='bbox 345 1926 413 1981; x_wconf 89' lang='lat' dir='ltr'><strong>sicut</strong></span> <span class='ocrx_word' id='word_1_131' title='bbox 437 1942 486 1996; x_wconf 90' lang='lat' dir='ltr'><strong>per</strong></span> <span class='ocrx_word' id='word_1_132' title='bbox 508 1926 616 1981; x_wconf 91' lang='lat' dir='ltr'><strong>beatum</strong></span> <span class='ocrx_word' id='word_1_133' title='bbox 642 1926 694 1982; x_wconf 90' lang='lat' dir='ltr'><strong>Job</strong></span> <span class='ocrx_word' id='word_1_134' title='bbox 717 1927 824 1993; x_wconf 90' lang='lat' dir='ltr'><strong>dicitur,</strong></span> <span class='ocrx_word' id='word_1_135' title='bbox 840 1927 916 1997; x_wconf 86' lang='lat' dir='ltr'><strong>qrrod</strong></span> <span class='ocrx_word' id='word_1_136' title='bbox 942 1927 970 1983; x_wconf 88' lang='lat' dir='ltr'><strong>itt</strong></span> 
     </span>
     <span class='ocr_line' id='line_1_20' title="bbox 177 2011 968 2086; baseline 0.001 -17"><span class='ocrx_word' id='word_1_137' title='bbox 177 2011 284 2084; x_wconf 79' lang='lat' dir='ltr'><strong>angelis</strong></span> <span class='ocrx_word' id='word_1_138' title='bbox 308 2015 364 2067; x_wconf 90' lang='lat' dir='ltr'><strong>suis</strong></span> <span class='ocrx_word' id='word_1_139' title='bbox 385 2015 458 2069; x_wconf 87' lang='lat' dir='ltr'><strong>Deus</strong></span> <span class='ocrx_word' id='word_1_140' title='bbox 481 2015 580 2085; x_wconf 88' lang='lat' dir='ltr'><strong>reperit</strong></span> <span class='ocrx_word' id='word_1_141' title='bbox 602 2015 764 2086; x_wconf 78' lang='lat' dir='ltr'><strong>pravitatem</strong></span> <span class='ocrx_word' id='word_1_142' title='bbox 780 2017 839 2086; x_wconf 80' lang='grc'><strong>(101</strong></span> <span class='ocrx_word' id='word_1_143' title='bbox 853 2034 897 2082; x_wconf 85' lang='lat' dir='ltr'><strong>xr,</strong></span> <span class='ocrx_word' id='word_1_144' title='bbox 912 2017 968 2085; x_wconf 79' lang='lat'><strong>15),</strong></span> 
     </span>
     <span class='ocr_line' id='line_1_21' title="bbox 174 2100 970 2177; baseline 0.005 -21"><span class='ocrx_word' id='word_1_145' title='bbox 174 2100 213 2156; x_wconf 88' lang='lat' dir='ltr'><strong>ita</strong></span> <span class='ocrx_word' id='word_1_146' title='bbox 227 2101 307 2157; x_wconf 90' lang='lat' dir='ltr'><strong>etiam</strong></span> <span class='ocrx_word' id='word_1_147' title='bbox 322 2102 369 2159; x_wconf 90' lang='lat' dir='ltr'><strong>hie</strong></span> <span class='ocrx_word' id='word_1_148' title='bbox 384 2110 464 2159; x_wconf 72' lang='lat' dir='ltr'><strong>tantae</strong></span> <span class='ocrx_word' id='word_1_149' title='bbox 479 2104 619 2175; x_wconf 84' lang='lat' dir='ltr'><strong>probitatis</strong></span> <span class='ocrx_word' id='word_1_150' title='bbox 633 2104 780 2176; x_wconf 89' lang='lat' dir='ltr'><strong>episcopus</strong></span> <span class='ocrx_word' id='word_1_151' title='bbox 790 2106 860 2177; x_wconf 90' lang='lat' dir='ltr'><strong>apud</strong></span> <span class='ocrx_word' id='word_1_152' title='bbox 873 2106 970 2160; x_wconf 87' lang='lat' dir='ltr'><strong>Roma·</strong></span> 
     </span>
     <span class='ocr_line' id='line_1_22' title="bbox 175 2191 971 2265; baseline 0.004 -20"><span class='ocrx_word' id='word_1_153' title='bbox 175 2206 237 2246; x_wconf 90' lang='lat' dir='ltr'><strong>nam</strong></span> <span class='ocrx_word' id='word_1_154' title='bbox 252 2192 345 2247; x_wconf 90' lang='lat' dir='ltr'><strong>sedem</strong></span> <span class='ocrx_word' id='word_1_155' title='bbox 360 2191 443 2264; x_wconf 83' lang='lat' dir='ltr'><strong>cmpit</strong></span> <span class='ocrx_word' id='word_1_156' title='bbox 457 2192 590 2257; x_wconf 86' lang='lat' dir='ltr'><strong>accusari,</strong></span> <span class='ocrx_word' id='word_1_157' title='bbox 607 2193 678 2264; x_wconf 84' lang='lat' dir='ltr'><strong>qrrod</strong></span> <span class='ocrx_word' id='word_1_158' title='bbox 694 2208 742 2263; x_wconf 92' lang='lat' dir='ltr'><strong>per</strong></span> <span class='ocrx_word' id='word_1_159' title='bbox 756 2194 898 2264; x_wconf 89' lang='lat' dir='ltr'><strong>pecuniam</strong></span> <span class='ocrx_word' id='word_1_160' title='bbox 913 2193 971 2265; x_wconf 79' lang='lat' dir='ltr'><strong>regi</strong></span> 
     </span>
     <span class='ocr_line' id='line_1_23' title="bbox 175 2277 974 2352; baseline -0.003 -18"><span class='ocrx_word' id='word_1_161' title='bbox 175 2277 266 2335; x_wconf 80' lang='grc'><strong>101001</strong></span> <span class='ocrx_word' id='word_1_162' title='bbox 289 2281 403 2351; x_wconf 88' lang='lat' dir='ltr'><strong>adeptus</strong></span> <span class='ocrx_word' id='word_1_163' title='bbox 417 2280 510 2336; x_wconf 85' lang='lat' dir='ltr'><strong>luisset</strong></span> <span class='ocrx_word' id='word_1_164' title='bbox 525 2281 719 2352; x_wconf 89' lang='lat' dir='ltr'><strong>episcopatum.</strong></span> <span class='ocrx_word' id='word_1_165' title='bbox 740 2278 817 2337; x_wconf 91' lang='lat' dir='ltr'><strong>Unde</strong></span> <span class='ocrx_word' id='word_1_166' title='bbox 831 2294 892 2334; x_wconf 93' lang='lat' dir='ltr'><strong>eum</strong></span> <span class='ocrx_word' id='word_1_167' title='bbox 907 2278 974 2332; x_wconf 92' lang='lat' dir='ltr'><strong>mul·</strong></span> 
     </span>
     <span class='ocr_line' id='line_1_24' title="bbox 177 2368 972 2441; baseline -0.001 -18"><span class='ocrx_word' id='word_1_168' title='bbox 177 2368 254 2424; x_wconf 89' lang='lat' dir='ltr'><strong>toties</strong></span> <span class='ocrx_word' id='word_1_169' title='bbox 268 2370 339 2439; x_wconf 91' lang='lat' dir='ltr'><strong>apud</strong></span> <span class='ocrx_word' id='word_1_170' title='bbox 354 2385 451 2441; x_wconf 88' lang='lat' dir='ltr'><strong>pnpanr</strong></span> <span class='ocrx_word' id='word_1_171' title='bbox 470 2369 635 2441; x_wconf 79' lang='lat' dir='ltr'><strong>pulsaretur,</strong></span> <span class='ocrx_word' id='word_1_172' title='bbox 651 2368 782 2425; x_wconf 93' lang='lat' dir='ltr'><strong>nonnulla</strong></span> <span class='ocrx_word' id='word_1_173' title='bbox 810 2375 972 2423; x_wconf 86' lang='lat' dir='ltr'><strong>ornamenta</strong></span> 
     </span>
     <span class='ocr_line' id='line_1_25' title="bbox 175 2456 970 2530; baseline 0 -19"><span class='ocrx_word' id='word_1_174' title='bbox 175 2456 361 2513; x_wconf 84' lang='lat' dir='ltr'><strong>Toruaeensis</strong></span> <span class='ocrx_word' id='word_1_175' title='bbox 376 2458 515 2523; x_wconf 85' lang='lat' dir='ltr'><strong>Ecclesiae,</strong></span> <span class='ocrx_word' id='word_1_176' title='bbox 531 2474 579 2530; x_wconf 95' lang='lat' dir='ltr'><strong>pro</strong></span> <span class='ocrx_word' id='word_1_177' title='bbox 595 2458 636 2514; x_wconf 90' lang='lat' dir='ltr'><strong>sui</strong></span> <span class='ocrx_word' id='word_1_178' title='bbox 652 2456 836 2529; x_wconf 80' lang='lat' dir='ltr'><strong>reelemptione</strong></span> <span class='ocrx_word' id='word_1_179' title='bbox 851 2456 970 2521; x_wconf 80' lang='lat' dir='ltr'><strong>vendita,</strong></span> 
     </span>
     <span class='ocr_line' id='line_1_26' title="bbox 175 2543 972 2616; baseline -0.009 -11"><span class='ocrx_word' id='word_1_180' title='bbox 175 2546 231 2604; x_wconf 89' lang='lat' dir='ltr'><strong>suis</strong></span> <span class='ocrx_word' id='word_1_181' title='bbox 256 2545 423 2616; x_wconf 85' lang='lat' dir='ltr'><strong>adjutoribus</strong></span> <span class='ocrx_word' id='word_1_182' title='bbox 452 2545 545 2615; x_wconf 88' lang='lat' dir='ltr'><strong>dedit,</strong></span> <span class='ocrx_word' id='word_1_183' title='bbox 575 2547 724 2603; x_wconf 91' lang='lat' dir='ltr'><strong>nonnullos</strong></span> <span class='ocrx_word' id='word_1_184' title='bbox 751 2546 872 2603; x_wconf 92' lang='lat' dir='ltr'><strong>redditus</strong></span> <span class='ocrx_word' id='word_1_185' title='bbox 896 2543 972 2599; x_wconf 87' lang='lat' dir='ltr'><strong>altari</strong></span> 
     </span>
     <span class='ocr_line' id='line_1_27' title="bbox 176 2634 974 2709; baseline -0.008 -14"><span class='ocrx_word' id='word_1_186' title='bbox 176 2636 268 2695; x_wconf 80' lang='lat' dir='ltr'><strong>Sancti</strong></span> <span class='ocrx_word' id='word_1_187' title='bbox 279 2636 428 2694; x_wconf 86' lang='lat' dir='ltr'><strong>Salvatoris</strong></span> <span class='ocrx_word' id='word_1_188' title='bbox 442 2637 477 2693; x_wconf 92' lang='lat' dir='ltr'><strong>de</strong></span> <span class='ocrx_word' id='word_1_189' title='bbox 487 2636 589 2709; x_wconf 82' lang='lat' dir='ltr'><strong>Brugis</strong></span> <span class='ocrx_word' id='word_1_190' title='bbox 601 2637 723 2694; x_wconf 77' lang='lat' dir='ltr'><strong>vendidit</strong></span> <span class='ocrx_word' id='word_1_191' title='bbox 732 2634 870 2693; x_wconf 91' lang='lat' dir='ltr'><strong>canonicis</strong></span> <span class='ocrx_word' id='word_1_192' title='bbox 881 2635 909 2690; x_wconf 89' lang='lat' dir='ltr'><strong>S.</strong></span> <span class='ocrx_word' id='word_1_193' title='bbox 923 2635 974 2690; x_wconf 88' lang='lat' dir='ltr'><strong>Do·</strong></span> 
     </span>
     <span class='ocr_line' id='line_1_28' title="bbox 175 2723 971 2795; baseline -0.004 -13"><span class='ocrx_word' id='word_1_194' title='bbox 175 2725 293 2795; x_wconf 85' lang='lat' dir='ltr'><strong>nationi;</strong></span> <span class='ocrx_word' id='word_1_195' title='bbox 310 2725 459 2781; x_wconf 91' lang='lat' dir='ltr'><strong>nonnullos</strong></span> <span class='ocrx_word' id='word_1_196' title='bbox 475 2742 539 2781; x_wconf 86' lang='lat' dir='ltr'><strong>rere</strong></span> <span class='ocrx_word' id='word_1_197' title='bbox 554 2726 623 2782; x_wconf 91' lang='lat' dir='ltr'><strong>alios</strong></span> <span class='ocrx_word' id='word_1_198' title='bbox 638 2727 758 2783; x_wconf 90' lang='lat' dir='ltr'><strong>redditas</strong></span> <span class='ocrx_word' id='word_1_199' title='bbox 781 2733 834 2781; x_wconf 80' lang='grc'><strong>1000</strong></span> <span class='ocrx_word' id='word_1_200' title='bbox 856 2723 971 2779; x_wconf 87' lang='lat' dir='ltr'><strong>altario-</strong></span> 
     </span>
     <span class='ocr_line' id='line_1_29' title="bbox 174 2812 967 2887; baseline -0.008 -15"><span class='ocrx_word' id='word_1_201' title='bbox 174 2831 235 2872; x_wconf 87' lang='lat' dir='ltr'><strong>rum</strong></span> <span class='ocrx_word' id='word_1_202' title='bbox 251 2822 411 2871; x_wconf 84' lang='lat' dir='ltr'><strong>eaeterorum</strong></span> <span class='ocrx_word' id='word_1_203' title='bbox 427 2831 508 2885; x_wconf 89' lang='lat' dir='ltr'><strong>quom</strong></span> <span class='ocrx_word' id='word_1_204' title='bbox 523 2823 661 2871; x_wconf 90' lang='lat' dir='ltr'><strong>terrarum</strong></span> <span class='ocrx_word' id='word_1_205' title='bbox 687 2814 809 2887; x_wconf 89' lang='lat' dir='ltr'><strong>episcopi</strong></span> <span class='ocrx_word' id='word_1_206' title='bbox 831 2812 967 2868; x_wconf 85' lang='lat' dir='ltr'><strong>distraxit.</strong></span> 
     </span>
     <span class='ocr_line' id='line_1_30' title="bbox 176 2902 971 2973; baseline -0.008 -11"><span class='ocrx_word' id='word_1_207' title='bbox 176 2903 242 2962; x_wconf 89' lang='lat' dir='ltr'><strong>Cum</strong></span> <span class='ocrx_word' id='word_1_208' title='bbox 258 2902 489 2973; x_wconf 87' lang='lat' dir='ltr'><strong>verojndicatum</strong></span> <span class='ocrx_word' id='word_1_209' title='bbox 514 2903 619 2972; x_wconf 87' lang='lat' dir='ltr'><strong>inisset,</strong></span> <span class='ocrx_word' id='word_1_210' title='bbox 644 2912 673 2960; x_wconf 93' lang='lat' dir='ltr'><strong>ut</strong></span> <span class='ocrx_word' id='word_1_211' title='bbox 696 2919 758 2960; x_wconf 89' lang='lat' dir='ltr'><strong>eum</strong></span> <span class='ocrx_word' id='word_1_212' title='bbox 782 2902 971 2971; x_wconf 76' lang='grc'><strong>10000000(-</strong></span> 
     </span>
     <span class='ocr_line' id='line_1_31' title="bbox 175 2988 970 3065; baseline -0.014 -15"><span class='ocrx_word' id='word_1_213' title='bbox 175 2993 266 3065; x_wconf 88' lang='lat' dir='ltr'><strong>scopis</strong></span> <span class='ocrx_word' id='word_1_214' title='bbox 281 2992 358 3049; x_wconf 86' lang='grc'><strong>0010</strong></span> <span class='ocrx_word' id='word_1_215' title='bbox 375 2992 497 3048; x_wconf 84' lang='lat' dir='ltr'><strong>Simonis</strong></span> <span class='ocrx_word' id='word_1_216' title='bbox 512 3001 654 3065; x_wconf 75' lang='lat' dir='ltr'><strong>purgaret,</strong></span> <span class='ocrx_word' id='word_1_217' title='bbox 671 2992 803 3065; x_wconf 85' lang='lat' dir='ltr'><strong>magister</strong></span> <span class='ocrx_word' id='word_1_218' title='bbox 817 2988 970 3051; x_wconf 88' lang='lat' dir='ltr'><strong>lluselmus,</strong></span> 
     </span>
    </p>
   </div>
   <div class='ocr_carea' id='block_1_5' title="bbox 175 3080 1011 3152">
    <p class='ocr_par' dir='ltr' id='par_1_5' title="bbox 175 3080 1011 3152">
     <span class='ocr_line' id='line_1_32' title="bbox 175 3080 1011 3152; baseline -0.016 -15"><span class='ocrx_word' id='word_1_219' title='bbox 175 3088 240 3137; x_wconf 90' lang='lat' dir='ltr'><strong>tunc</strong></span> <span class='ocrx_word' id='word_1_220' title='bbox 262 3080 394 3152; x_wconf 89' lang='lat' dir='ltr'><strong>temporis</strong></span> <span class='ocrx_word' id='word_1_221' title='bbox 409 3082 594 3137; x_wconf 90' lang='lat' dir='ltr'><strong>Laudunensis</strong></span> <span class='ocrx_word' id='word_1_222' title='bbox 622 3082 723 3138; x_wconf 83' lang='lat' dir='ltr'><strong>selrolae</strong></span> <span class='ocrx_word' id='word_1_223' title='bbox 751 3081 846 3135; x_wconf 88' lang='lat' dir='ltr'><strong>doctor</strong></span> <span class='ocrx_word' id='word_1_224' title='bbox 874 3083 1011 3150; x_wconf 60' lang='lat' dir='ltr'><strong>praseae</strong></span> 
     </span>
    </p>
   </div>
   <div class='ocr_carea' id='block_1_6' title="bbox 169 3164 974 5455">
    <p class='ocr_par' dir='ltr' id='par_1_6' title="bbox 169 3164 974 5455">
     <span class='ocr_line' id='line_1_33' title="bbox 177 3164 973 3243; baseline -0.006 -18"><span class='ocrx_word' id='word_1_225' title='bbox 177 3187 254 3243; x_wconf 92' lang='lat' dir='ltr'><strong>puus,</strong></span> <span class='ocrx_word' id='word_1_226' title='bbox 265 3178 292 3225; x_wconf 92' lang='grc'><strong>01</strong></span> <span class='ocrx_word' id='word_1_227' title='bbox 306 3177 448 3241; x_wconf 84' lang='lat' dir='ltr'><strong>portatam</strong></span> <span class='ocrx_word' id='word_1_228' title='bbox 465 3171 605 3227; x_wconf 83' lang='lat' dir='ltr'><strong>Franciam</strong></span> <span class='ocrx_word' id='word_1_229' title='bbox 622 3187 670 3242; x_wconf 93' lang='lat' dir='ltr'><strong>pre</strong></span> <span class='ocrx_word' id='word_1_230' title='bbox 693 3186 739 3225; x_wconf 87' lang='lat' dir='ltr'><strong>sua</strong></span> <span class='ocrx_word' id='word_1_231' title='bbox 757 3165 867 3223; x_wconf 90' lang='lat' dir='ltr'><strong>seientia</strong></span> <span class='ocrx_word' id='word_1_232' title='bbox 891 3164 973 3220; x_wconf 89' lang='lat' dir='ltr'><strong>lamo·</strong></span> 
     </span>
     <span class='ocr_line' id='line_1_34' title="bbox 176 3252 971 3332; baseline -0.011 -17"><span class='ocrx_word' id='word_1_233' title='bbox 176 3258 310 3327; x_wconf 83' lang='lat' dir='ltr'><strong>sissimus,</strong></span> <span class='ocrx_word' id='word_1_234' title='bbox 326 3258 456 3314; x_wconf 82' lang='lat' dir='ltr'><strong>auxilium</strong></span> <span class='ocrx_word' id='word_1_235' title='bbox 473 3260 662 3332; x_wconf 88' lang='lat' dir='ltr'><strong>episcoporum</strong></span> <span class='ocrx_word' id='word_1_236' title='bbox 677 3260 701 3314; x_wconf 93' lang='lat' dir='ltr'><strong>ei</strong></span> <span class='ocrx_word' id='word_1_237' title='bbox 717 3254 832 3314; x_wconf 86' lang='lat' dir='ltr'><strong>coasilio</strong></span> <span class='ocrx_word' id='word_1_238' title='bbox 852 3270 900 3309; x_wconf 90' lang='lat' dir='ltr'><strong>suo</strong></span> <span class='ocrx_word' id='word_1_239' title='bbox 920 3252 971 3307; x_wconf 90' lang='lat' dir='ltr'><strong>ab·</strong></span> 
     </span>
     <span class='ocr_line' id='line_1_35' title="bbox 175 3341 972 3415; baseline -0.01 -13"><span class='ocrx_word' id='word_1_240' title='bbox 175 3344 257 3411; x_wconf 89' lang='lat' dir='ltr'><strong>stulit,</strong></span> <span class='ocrx_word' id='word_1_241' title='bbox 274 3344 395 3400; x_wconf 88' lang='lat' dir='ltr'><strong>conscius</strong></span> <span class='ocrx_word' id='word_1_242' title='bbox 409 3359 457 3399; x_wconf 93' lang='lat' dir='ltr'><strong>eos</strong></span> <span class='ocrx_word' id='word_1_243' title='bbox 472 3360 566 3401; x_wconf 87' lang='lat' dir='ltr'><strong>secure</strong></span> <span class='ocrx_word' id='word_1_244' title='bbox 581 3360 634 3399; x_wconf 92' lang='lat' dir='ltr'><strong>non</strong></span> <span class='ocrx_word' id='word_1_245' title='bbox 649 3361 728 3415; x_wconf 87' lang='lat' dir='ltr'><strong>posse</strong></span> <span class='ocrx_word' id='word_1_246' title='bbox 749 3345 841 3414; x_wconf 84' lang='lat' dir='ltr'><strong>jurare</strong></span> <span class='ocrx_word' id='word_1_247' title='bbox 856 3358 917 3397; x_wconf 88' lang='lat' dir='ltr'><strong>eum</strong></span> <span class='ocrx_word' id='word_1_248' title='bbox 931 3341 972 3395; x_wconf 91' lang='lat' dir='ltr'><strong>in·</strong></span> 
     </span>
     <span class='ocr_line' id='line_1_36' title="bbox 174 3430 972 3491; baseline -0.01 0"><span class='ocrx_word' id='word_1_249' title='bbox 174 3442 319 3491; x_wconf 85' lang='lat' dir='ltr'><strong>nocentem</strong></span> <span class='ocrx_word' id='word_1_250' title='bbox 337 3433 406 3489; x_wconf 83' lang='lat' dir='ltr'><strong>iore.</strong></span> <span class='ocrx_word' id='word_1_251' title='bbox 427 3434 479 3491; x_wconf 88' lang='lat' dir='ltr'><strong>Ubi</strong></span> <span class='ocrx_word' id='word_1_252' title='bbox 495 3450 559 3491; x_wconf 83' lang='lat' dir='ltr'><strong>uero</strong></span> <span class='ocrx_word' id='word_1_253' title='bbox 574 3433 597 3489; x_wconf 90' lang='lat' dir='ltr'><strong>ei</strong></span> <span class='ocrx_word' id='word_1_254' title='bbox 613 3434 705 3489; x_wconf 90' lang='lat' dir='ltr'><strong>multis</strong></span> <span class='ocrx_word' id='word_1_255' title='bbox 729 3430 972 3489; x_wconf 88' lang='lat' dir='ltr'><strong>intervenientibus</strong></span> 
     </span>
     <span class='ocr_line' id='line_1_37' title="bbox 175 3520 972 3594; baseline -0.011 -13"><span class='ocrx_word' id='word_1_256' title='bbox 175 3538 339 3581; x_wconf 85' lang='lat' dir='ltr'><strong>concessum</strong></span> <span class='ocrx_word' id='word_1_257' title='bbox 354 3529 397 3577; x_wconf 90' lang='lat' dir='ltr'><strong>est</strong></span> <span class='ocrx_word' id='word_1_258' title='bbox 409 3530 437 3577; x_wconf 91' lang='lat' dir='ltr'><strong>ut</strong></span> <span class='ocrx_word' id='word_1_259' title='bbox 453 3523 510 3578; x_wconf 89' lang='lat' dir='ltr'><strong>sola</strong></span> <span class='ocrx_word' id='word_1_260' title='bbox 524 3539 604 3578; x_wconf 85' lang='lat' dir='ltr'><strong>nraau</strong></span> <span class='ocrx_word' id='word_1_261' title='bbox 619 3539 648 3579; x_wconf 90' lang='lat' dir='ltr'><strong>se</strong></span> <span class='ocrx_word' id='word_1_262' title='bbox 662 3529 800 3594; x_wconf 75' lang='lat' dir='ltr'><strong>purgaret,</strong></span> <span class='ocrx_word' id='word_1_263' title='bbox 812 3522 891 3591; x_wconf 82' lang='lat' dir='ltr'><strong>llugo</strong></span> <span class='ocrx_word' id='word_1_264' title='bbox 903 3520 972 3590; x_wconf 77' lang='lat' dir='ltr'><strong>Lug-</strong></span> 
     </span>
     <span class='ocr_line' id='line_1_38' title="bbox 175 3606 972 3681; baseline -0.009 -14"><span class='ocrx_word' id='word_1_265' title='bbox 175 3611 306 3667; x_wconf 89' lang='lat' dir='ltr'><strong>dunensts</strong></span> <span class='ocrx_word' id='word_1_266' title='bbox 319 3610 551 3681; x_wconf 85' lang='lat' dir='ltr'><strong>archiepiscopus,</strong></span> <span class='ocrx_word' id='word_1_267' title='bbox 564 3618 588 3664; x_wconf 94' lang='lat' dir='ltr'><strong>et</strong></span> <span class='ocrx_word' id='word_1_268' title='bbox 603 3610 760 3679; x_wconf 83' lang='lat' dir='ltr'><strong>apostolicae</strong></span> <span class='ocrx_word' id='word_1_269' title='bbox 775 3608 849 3665; x_wconf 91' lang='lat' dir='ltr'><strong>sedis</strong></span> <span class='ocrx_word' id='word_1_270' title='bbox 865 3606 972 3675; x_wconf 74' lang='lat' dir='ltr'><strong>legatus</strong></span> 
     </span>
     <span class='ocr_line' id='line_1_39' title="bbox 176 3695 968 3770; baseline -0.008 -15"><span class='ocrx_word' id='word_1_271' title='bbox 176 3700 273 3756; x_wconf 87' lang='lat' dir='ltr'><strong>videns</strong></span> <span class='ocrx_word' id='word_1_272' title='bbox 285 3716 346 3754; x_wconf 89' lang='lat' dir='ltr'><strong>eam</strong></span> <span class='ocrx_word' id='word_1_273' title='bbox 362 3698 433 3755; x_wconf 81' lang='lat' dir='ltr'><strong>selle</strong></span> <span class='ocrx_word' id='word_1_274' title='bbox 445 3698 552 3768; x_wconf 89' lang='lat' dir='ltr'><strong>jurare,</strong></span> <span class='ocrx_word' id='word_1_275' title='bbox 568 3713 685 3770; x_wconf 88' lang='lat' dir='ltr'><strong>surgens</strong></span> <span class='ocrx_word' id='word_1_276' title='bbox 707 3713 799 3754; x_wconf 86' lang='lat' dir='ltr'><strong>eoram</strong></span> <span class='ocrx_word' id='word_1_277' title='bbox 820 3695 945 3752; x_wconf 89' lang='lat' dir='ltr'><strong>omnibus</strong></span> <span class='ocrx_word' id='word_1_278' title='bbox 962 3712 968 3749; x_wconf 75' lang='grc' dir='ltr'><strong>ε</strong></span> 
     </span>
     <span class='ocr_line' id='line_1_40' title="bbox 179 3782 969 3858; baseline 0.005 -25"><span class='ocrx_word' id='word_1_279' title='bbox 179 3806 190 3833; x_wconf 74' lang='lat' dir='ltr'><strong>a</strong></span> <span class='ocrx_word' id='word_1_280' title='bbox 213 3782 284 3853; x_wconf 85' lang='lat' dir='ltr'><strong>Quid</strong></span> <span class='ocrx_word' id='word_1_281' title='bbox 300 3783 377 3853; x_wconf 85' lang='lat' dir='ltr'><strong>lacis,</strong></span> <span class='ocrx_word' id='word_1_282' title='bbox 390 3786 487 3858; x_wconf 87' lang='lat' dir='ltr'><strong>inquit,</strong></span> <span class='ocrx_word' id='word_1_283' title='bbox 503 3785 606 3849; x_wconf 76' lang='lat' dir='ltr'><strong>infelix,</strong></span> <span class='ocrx_word' id='word_1_284' title='bbox 624 3787 668 3857; x_wconf 88' lang='lat' dir='ltr'><strong>qui</strong></span> <span class='ocrx_word' id='word_1_285' title='bbox 681 3787 752 3841; x_wconf 89' lang='lat' dir='ltr'><strong>male</strong></span> <span class='ocrx_word' id='word_1_286' title='bbox 764 3786 885 3856; x_wconf 81' lang='lat' dir='ltr'><strong>jurando·</strong></span> <span class='ocrx_word' id='word_1_287' title='bbox 909 3782 969 3838; x_wconf 90' lang='lat' dir='ltr'><strong>ani-</strong></span> 
     </span>
     <span class='ocr_line' id='line_1_41' title="bbox 174 3873 969 3946; baseline -0.001 -18"><span class='ocrx_word' id='word_1_288' title='bbox 174 3887 250 3928; x_wconf 81' lang='lat' dir='ltr'><strong>mam</strong></span> <span class='ocrx_word' id='word_1_289' title='bbox 266 3881 338 3928; x_wconf 87' lang='lat' dir='ltr'><strong>tuam</strong></span> <span class='ocrx_word' id='word_1_290' title='bbox 358 3873 511 3931; x_wconf 83' lang='lat' dir='ltr'><strong>interficere</strong></span> <span class='ocrx_word' id='word_1_291' title='bbox 526 3874 648 3946; x_wconf 74' lang='lat' dir='ltr'><strong>quaeris?</strong></span> <span class='ocrx_word' id='word_1_292' title='bbox 663 3873 758 3932; x_wconf 91' lang='lat' dir='ltr'><strong>desine</strong></span> <span class='ocrx_word' id='word_1_293' title='bbox 772 3875 806 3930; x_wconf 93' lang='lat' dir='ltr'><strong>ab</strong></span> <span class='ocrx_word' id='word_1_294' title='bbox 825 3876 875 3931; x_wconf 86' lang='lat' dir='ltr'><strong>boe</strong></span> <span class='ocrx_word' id='word_1_295' title='bbox 888 3874 969 3945; x_wconf 83' lang='lat' dir='ltr'><strong>jura·</strong></span> 
     </span>
     <span class='ocr_line' id='line_1_42' title="bbox 174 3962 972 4034; baseline 0.003 -17"><span class='ocrx_word' id='word_1_296' title='bbox 174 3969 276 4026; x_wconf 85' lang='lat' dir='ltr'><strong>mento,</strong></span> <span class='ocrx_word' id='word_1_297' title='bbox 292 3971 319 4018; x_wconf 88' lang='lat' dir='ltr'><strong>et</strong></span> <span class='ocrx_word' id='word_1_298' title='bbox 332 3977 384 4019; x_wconf 93' lang='lat' dir='ltr'><strong>nos</strong></span> <span class='ocrx_word' id='word_1_299' title='bbox 397 3962 615 4034; x_wconf 87' lang='lat' dir='ltr'><strong>impetrabimus,</strong></span> <span class='ocrx_word' id='word_1_300' title='bbox 629 3973 656 4019; x_wconf 90' lang='lat' dir='ltr'><strong>ut</strong></span> <span class='ocrx_word' id='word_1_301' title='bbox 672 3965 752 4019; x_wconf 92' lang='lat' dir='ltr'><strong>modo</strong></span> <span class='ocrx_word' id='word_1_302' title='bbox 774 3979 829 4020; x_wconf 93' lang='lat' dir='ltr'><strong>non</strong></span> <span class='ocrx_word' id='word_1_303' title='bbox 852 3964 972 4034; x_wconf 90' lang='lat' dir='ltr'><strong>depona-</strong></span> 
     </span>
     <span class='ocr_line' id='line_1_43' title="bbox 174 4050 971 4123; baseline 0 -16"><span class='ocrx_word' id='word_1_304' title='bbox 174 4050 220 4119; x_wconf 89' lang='lat' dir='ltr'><strong>ris,</strong></span> <span class='ocrx_word' id='word_1_305' title='bbox 232 4051 281 4106; x_wconf 90' lang='lat' dir='ltr'><strong>sed</strong></span> <span class='ocrx_word' id='word_1_306' title='bbox 296 4067 346 4123; x_wconf 90' lang='lat' dir='ltr'><strong>per</strong></span> <span class='ocrx_word' id='word_1_307' title='bbox 361 4052 498 4108; x_wconf 91' lang='lat' dir='ltr'><strong>biennium</strong></span> <span class='ocrx_word' id='word_1_308' title='bbox 509 4051 666 4108; x_wconf 87' lang='lat' dir='ltr'><strong>dilationem</strong></span> <span class='ocrx_word' id='word_1_309' title='bbox 679 4052 790 4119; x_wconf 88' lang='lat' dir='ltr'><strong>babens,</strong></span> <span class='ocrx_word' id='word_1_310' title='bbox 802 4059 896 4123; x_wconf 88' lang='lat' dir='ltr'><strong>postea</strong></span> <span class='ocrx_word' id='word_1_311' title='bbox 908 4069 971 4123; x_wconf 91' lang='lat' dir='ltr'><strong>poa·</strong></span> 
     </span>
     <span class='ocr_line' id='line_1_44' title="bbox 174 4138 972 4214; baseline 0 -19"><span class='ocrx_word' id='word_1_312' title='bbox 174 4138 303 4197; x_wconf 78' lang='grc'><strong>1100100</strong></span> <span class='ocrx_word' id='word_1_313' title='bbox 319 4148 419 4212; x_wconf 89' lang='lat' dir='ltr'><strong>sponte</strong></span> <span class='ocrx_word' id='word_1_314' title='bbox 434 4140 513 4211; x_wconf 91' lang='lat' dir='ltr'><strong>quasi</strong></span> <span class='ocrx_word' id='word_1_315' title='bbox 528 4140 667 4214; x_wconf 84' lang='lat' dir='ltr'><strong>religionis</strong></span> <span class='ocrx_word' id='word_1_316' title='bbox 677 4142 720 4197; x_wconf 86' lang='lat' dir='ltr'><strong>ret</strong></span> <span class='ocrx_word' id='word_1_317' title='bbox 730 4142 879 4198; x_wconf 77' lang='lat' dir='ltr'><strong>senectutis</strong></span> <span class='ocrx_word' id='word_1_318' title='bbox 889 4155 972 4198; x_wconf 87' lang='lat' dir='ltr'><strong>causa</strong></span> 
     </span>
     <span class='ocr_line' id='line_1_45' title="bbox 174 4229 970 4301; baseline 0 -16"><span class='ocrx_word' id='word_1_319' title='bbox 174 4229 289 4285; x_wconf 89' lang='lat' dir='ltr'><strong>honeste</strong></span> <span class='ocrx_word' id='word_1_320' title='bbox 313 4229 450 4294; x_wconf 71' lang='lat' dir='ltr'><strong>dimittas,</strong></span> <span class='ocrx_word' id='word_1_321' title='bbox 466 4230 489 4284; x_wconf 90' lang='lat' dir='ltr'><strong>si</strong></span> <span class='ocrx_word' id='word_1_322' title='bbox 504 4230 576 4286; x_wconf 91' lang='lat' dir='ltr'><strong>enim</strong></span> <span class='ocrx_word' id='word_1_323' title='bbox 588 4230 737 4300; x_wconf 87' lang='lat' dir='ltr'><strong>juraveris,</strong></span> <span class='ocrx_word' id='word_1_324' title='bbox 754 4246 816 4286; x_wconf 89' lang='lat' dir='ltr'><strong>ecre</strong></span> <span class='ocrx_word' id='word_1_325' title='bbox 831 4229 881 4284; x_wconf 91' lang='lat' dir='ltr'><strong>tibi</strong></span> <span class='ocrx_word' id='word_1_326' title='bbox 897 4246 970 4301; x_wconf 73' lang='lat' dir='ltr'><strong>praa·</strong></span> 
     </span>
     <span class='ocr_line' id='line_1_46' title="bbox 173 4316 969 4390; baseline -0.005 -16"><span class='ocrx_word' id='word_1_327' title='bbox 173 4316 235 4375; x_wconf 87' lang='lat' dir='ltr'><strong>dico</strong></span> <span class='ocrx_word' id='word_1_328' title='bbox 249 4318 322 4390; x_wconf 88' lang='lat' dir='ltr'><strong>quod</strong></span> <span class='ocrx_word' id='word_1_329' title='bbox 335 4318 370 4376; x_wconf 92' lang='lat' dir='ltr'><strong>de</strong></span> <span class='ocrx_word' id='word_1_330' title='bbox 385 4320 437 4375; x_wconf 91' lang='lat' dir='ltr'><strong>boc</strong></span> <span class='ocrx_word' id='word_1_331' title='bbox 455 4334 530 4375; x_wconf 90' lang='lat' dir='ltr'><strong>anuo</strong></span> <span class='ocrx_word' id='word_1_332' title='bbox 551 4335 613 4375; x_wconf 91' lang='lat' dir='ltr'><strong>cum</strong></span> <span class='ocrx_word' id='word_1_333' title='bbox 638 4321 741 4376; x_wconf 88' lang='lat' dir='ltr'><strong>honore</strong></span> <span class='ocrx_word' id='word_1_334' title='bbox 762 4335 817 4376; x_wconf 91' lang='grc'><strong>000</strong></span> <span class='ocrx_word' id='word_1_335' title='bbox 840 4318 937 4374; x_wconf 84' lang='lat' dir='ltr'><strong>exibis.</strong></span> <span class='ocrx_word' id='word_1_336' title='bbox 956 4337 969 4369; x_wconf 76' lang='lat' dir='ltr'><strong>a</strong></span> 
     </span>
     <span class='ocr_line' id='line_1_47' title="bbox 173 4405 967 4479; baseline -0.001 -17"><span class='ocrx_word' id='word_1_337' title='bbox 173 4405 346 4478; x_wconf 79' lang='lat' dir='ltr'><strong>Episcopus,</strong></span> <span class='ocrx_word' id='word_1_338' title='bbox 369 4407 436 4463; x_wconf 90' lang='lat' dir='ltr'><strong>siout</strong></span> <span class='ocrx_word' id='word_1_339' title='bbox 458 4416 593 4478; x_wconf 81' lang='lat' dir='ltr'><strong>caeperat,</strong></span> <span class='ocrx_word' id='word_1_340' title='bbox 619 4424 730 4464; x_wconf 89' lang='lat' dir='ltr'><strong>manum</strong></span> <span class='ocrx_word' id='word_1_341' title='bbox 760 4413 967 4479; x_wconf 89' lang='lat' dir='ltr'><strong>supertextam</strong></span> 
     </span>
     <span class='ocr_line' id='line_1_48' title="bbox 172 4495 969 4568; baseline -0.004 -16"><span class='ocrx_word' id='word_1_342' title='bbox 172 4495 368 4567; x_wconf 76' lang='lat' dir='ltr'><strong>Evangelicum</strong></span> <span class='ocrx_word' id='word_1_343' title='bbox 395 4498 495 4568; x_wconf 89' lang='lat' dir='ltr'><strong>posuit,</strong></span> <span class='ocrx_word' id='word_1_344' title='bbox 514 4504 541 4552; x_wconf 92' lang='lat' dir='ltr'><strong>et</strong></span> <span class='ocrx_word' id='word_1_345' title='bbox 560 4513 590 4552; x_wconf 89' lang='lat' dir='ltr'><strong>se</strong></span> <span class='ocrx_word' id='word_1_346' title='bbox 612 4497 783 4553; x_wconf 86' lang='lat' dir='ltr'><strong>innocentem</strong></span> <span class='ocrx_word' id='word_1_347' title='bbox 798 4497 833 4553; x_wconf 92' lang='lat' dir='ltr'><strong>de</strong></span> <span class='ocrx_word' id='word_1_348' title='bbox 847 4495 969 4553; x_wconf 83' lang='lat' dir='ltr'><strong>Simonis</strong></span> 
     </span>
     <span class='ocr_line' id='line_1_49' title="bbox 169 4584 969 4655; baseline 0 -15"><span class='ocrx_word' id='word_1_349' title='bbox 169 4584 275 4655; x_wconf 86' lang='lat' dir='ltr'><strong>jurans,</strong></span> <span class='ocrx_word' id='word_1_350' title='bbox 289 4601 398 4641; x_wconf 84' lang='lat' dir='ltr'><strong>securus</strong></span> <span class='ocrx_word' id='word_1_351' title='bbox 411 4585 446 4642; x_wconf 91' lang='lat' dir='ltr'><strong>de</strong></span> <span class='ocrx_word' id='word_1_352' title='bbox 461 4585 580 4642; x_wconf 89' lang='lat' dir='ltr'><strong>coneilio</strong></span> <span class='ocrx_word' id='word_1_353' title='bbox 595 4586 686 4650; x_wconf 89' lang='lat' dir='ltr'><strong>exivit,</strong></span> <span class='ocrx_word' id='word_1_354' title='bbox 702 4594 728 4641; x_wconf 86' lang='lat' dir='ltr'><strong>et</strong></span> <span class='ocrx_word' id='word_1_355' title='bbox 743 4586 894 4643; x_wconf 87' lang='lat' dir='ltr'><strong>Tornaeum</strong></span> <span class='ocrx_word' id='word_1_356' title='bbox 922 4600 969 4640; x_wconf 89' lang='lat' dir='ltr'><strong>re·</strong></span> 
     </span>
     <span class='ocr_line' id='line_1_50' title="bbox 172 4673 971 4748; baseline 0.001 -19"><span class='ocrx_word' id='word_1_357' title='bbox 172 4673 231 4729; x_wconf 87' lang='lat' dir='ltr'><strong>diit.</strong></span> <span class='ocrx_word' id='word_1_358' title='bbox 248 4675 310 4731; x_wconf 85' lang='lat' dir='ltr'><strong>Post</strong></span> <span class='ocrx_word' id='word_1_359' title='bbox 325 4690 426 4746; x_wconf 87' lang='lat' dir='ltr'><strong>paucos</strong></span> <span class='ocrx_word' id='word_1_360' title='bbox 437 4674 497 4730; x_wconf 91' lang='lat' dir='ltr'><strong>dies</strong></span> <span class='ocrx_word' id='word_1_361' title='bbox 511 4674 608 4748; x_wconf 76' lang='lat' dir='ltr'><strong>Brugis</strong></span> <span class='ocrx_word' id='word_1_362' title='bbox 622 4675 697 4739; x_wconf 82' lang='lat' dir='ltr'><strong>abiit,</strong></span> <span class='ocrx_word' id='word_1_363' title='bbox 710 4683 736 4730; x_wconf 88' lang='lat' dir='ltr'><strong>et</strong></span> <span class='ocrx_word' id='word_1_364' title='bbox 751 4692 800 4746; x_wconf 92' lang='lat' dir='ltr'><strong>pro</strong></span> <span class='ocrx_word' id='word_1_365' title='bbox 816 4675 971 4730; x_wconf 80' lang='lat' dir='ltr'><strong>infirmitate</strong></span> 
     </span>
     <span class='ocr_line' id='line_1_51' title="bbox 173 4763 968 4837; baseline 0 -19"><span class='ocrx_word' id='word_1_366' title='bbox 173 4776 226 4818; x_wconf 90' lang='lat' dir='ltr'><strong>sua</strong></span> <span class='ocrx_word' id='word_1_367' title='bbox 240 4763 325 4821; x_wconf 90' lang='lat' dir='ltr'><strong>minui</strong></span> <span class='ocrx_word' id='word_1_368' title='bbox 339 4765 474 4837; x_wconf 83' lang='lat' dir='ltr'><strong>sanguine</strong></span> <span class='ocrx_word' id='word_1_369' title='bbox 489 4763 594 4830; x_wconf 88' lang='lat' dir='ltr'><strong>volens,</strong></span> <span class='ocrx_word' id='word_1_370' title='bbox 609 4764 675 4819; x_wconf 92' lang='lat' dir='ltr'><strong>dum</strong></span> <span class='ocrx_word' id='word_1_371' title='bbox 691 4765 812 4820; x_wconf 90' lang='lat' dir='ltr'><strong>medicus</strong></span> <span class='ocrx_word' id='word_1_372' title='bbox 827 4769 968 4835; x_wconf 87' lang='lat' dir='ltr'><strong>exspecta·</strong></span> 
     </span>
     <span class='ocr_line' id='line_1_52' title="bbox 173 4851 971 4925; baseline 0.001 -20"><span class='ocrx_word' id='word_1_373' title='bbox 173 4858 226 4918; x_wconf 88' lang='lat' dir='ltr'><strong>tur,</strong></span> <span class='ocrx_word' id='word_1_374' title='bbox 241 4851 301 4922; x_wconf 90' lang='lat' dir='ltr'><strong>ipse</strong></span> <span class='ocrx_word' id='word_1_375' title='bbox 315 4867 364 4924; x_wconf 91' lang='lat' dir='ltr'><strong>pro</strong></span> <span class='ocrx_word' id='word_1_376' title='bbox 378 4867 511 4925; x_wconf 85' lang='lat' dir='ltr'><strong>corporea</strong></span> <span class='ocrx_word' id='word_1_377' title='bbox 524 4852 684 4909; x_wconf 86' lang='lat' dir='ltr'><strong>necessitate</strong></span> <span class='ocrx_word' id='word_1_378' title='bbox 698 4852 832 4909; x_wconf 88' lang='lat' dir='ltr'><strong>interiora</strong></span> <span class='ocrx_word' id='word_1_379' title='bbox 853 4852 971 4909; x_wconf 86' lang='lat' dir='ltr'><strong>cubiculi</strong></span> 
     </span>
     <span class='ocr_line' id='line_1_53' title="bbox 174 4939 972 5012; baseline 0 -17"><span class='ocrx_word' id='word_1_380' title='bbox 174 4939 336 5012; x_wconf 75' lang='lat' dir='ltr'><strong>ingreditur,</strong></span> <span class='ocrx_word' id='word_1_381' title='bbox 353 4940 398 4996; x_wconf 93' lang='lat' dir='ltr'><strong>ubi</strong></span> <span class='ocrx_word' id='word_1_382' title='bbox 413 4957 474 4999; x_wconf 90' lang='lat' dir='ltr'><strong>oum</strong></span> <span class='ocrx_word' id='word_1_383' title='bbox 489 4941 592 4998; x_wconf 91' lang='lat' dir='ltr'><strong>diutius</strong></span> <span class='ocrx_word' id='word_1_384' title='bbox 605 4950 771 5007; x_wconf 87' lang='lat' dir='ltr'><strong>moraretur,</strong></span> <span class='ocrx_word' id='word_1_385' title='bbox 788 4958 858 4997; x_wconf 92' lang='lat' dir='ltr'><strong>unus</strong></span> <span class='ocrx_word' id='word_1_386' title='bbox 872 4957 908 4997; x_wconf 90' lang='lat' dir='ltr'><strong>ex</strong></span> <span class='ocrx_word' id='word_1_387' title='bbox 923 4941 972 4996; x_wconf 91' lang='lat' dir='ltr'><strong>mi-</strong></span> 
     </span>
     <span class='ocr_line' id='line_1_54' title="bbox 176 5027 972 5101; baseline -0.003 -16"><span class='ocrx_word' id='word_1_388' title='bbox 176 5027 271 5085; x_wconf 77' lang='grc'><strong>010100</strong></span> <span class='ocrx_word' id='word_1_389' title='bbox 285 5045 348 5085; x_wconf 92' lang='lat' dir='ltr'><strong>eum</strong></span> <span class='ocrx_word' id='word_1_390' title='bbox 362 5039 482 5099; x_wconf 83' lang='lat' dir='ltr'><strong>secutus,</strong></span> <span class='ocrx_word' id='word_1_391' title='bbox 500 5029 574 5087; x_wconf 80' lang='lat' dir='ltr'><strong>sidet</strong></span> <span class='ocrx_word' id='word_1_392' title='bbox 588 5046 648 5086; x_wconf 91' lang='lat' dir='ltr'><strong>eum</strong></span> <span class='ocrx_word' id='word_1_393' title='bbox 665 5046 758 5086; x_wconf 88' lang='lat' dir='ltr'><strong>eoram</strong></span> <span class='ocrx_word' id='word_1_394' title='bbox 778 5030 844 5087; x_wconf 88' lang='lat' dir='ltr'><strong>seda</strong></span> <span class='ocrx_word' id='word_1_395' title='bbox 864 5030 972 5101; x_wconf 88' lang='lat' dir='ltr'><strong>resupi-</strong></span> 
     </span>
     <span class='ocr_line' id='line_1_55' title="bbox 175 5118 971 5188; baseline 0.001 -14"><span class='ocrx_word' id='word_1_396' title='bbox 175 5134 240 5174; x_wconf 89' lang='lat' dir='ltr'><strong>num</strong></span> <span class='ocrx_word' id='word_1_397' title='bbox 253 5118 396 5188; x_wconf 85' lang='lat' dir='ltr'><strong>cecidisse,</strong></span> <span class='ocrx_word' id='word_1_398' title='bbox 411 5128 514 5177; x_wconf 90' lang='lat' dir='ltr'><strong>etcum</strong></span> <span class='ocrx_word' id='word_1_399' title='bbox 529 5118 613 5175; x_wconf 89' lang='lat' dir='ltr'><strong>nimio</strong></span> <span class='ocrx_word' id='word_1_400' title='bbox 628 5119 759 5176; x_wconf 86' lang='lat' dir='ltr'><strong>exclamat</strong></span> <span class='ocrx_word' id='word_1_401' title='bbox 773 5120 879 5176; x_wconf 91' lang='lat' dir='ltr'><strong>dolore.</strong></span> <span class='ocrx_word' id='word_1_402' title='bbox 903 5120 971 5175; x_wconf 88' lang='lat' dir='ltr'><strong>Pro·</strong></span> 
     </span>
     <span class='ocr_line' id='line_1_56' title="bbox 177 5207 974 5282; baseline 0.003 -19"><span class='ocrx_word' id='word_1_403' title='bbox 177 5207 249 5263; x_wconf 88' lang='lat' dir='ltr'><strong>tinus</strong></span> <span class='ocrx_word' id='word_1_404' title='bbox 276 5224 374 5265; x_wconf 86' lang='lat' dir='ltr'><strong>omnes</strong></span> <span class='ocrx_word' id='word_1_405' title='bbox 400 5209 561 5279; x_wconf 80' lang='lat' dir='ltr'><strong>introgressi</strong></span> <span class='ocrx_word' id='word_1_406' title='bbox 589 5207 731 5264; x_wconf 83' lang='lat' dir='ltr'><strong>inveniunt</strong></span> <span class='ocrx_word' id='word_1_407' title='bbox 750 5226 829 5275; x_wconf 91' lang='lat' dir='ltr'><strong>eum,</strong></span> <span class='ocrx_word' id='word_1_408' title='bbox 854 5208 974 5282; x_wconf 78' lang='lat' dir='ltr'><strong>paralysi</strong></span> 
     </span>
     <span class='ocr_line' id='line_1_57' title="bbox 178 5294 973 5371; baseline 0.001 -18"><span class='ocrx_word' id='word_1_409' title='bbox 178 5294 347 5363; x_wconf 88' lang='lat' dir='ltr'><strong>dissolutum,</strong></span> <span class='ocrx_word' id='word_1_410' title='bbox 375 5297 557 5354; x_wconf 91' lang='lat' dir='ltr'><strong>membrorum</strong></span> <span class='ocrx_word' id='word_1_411' title='bbox 580 5296 659 5353; x_wconf 87' lang='lat' dir='ltr'><strong>simul</strong></span> <span class='ocrx_word' id='word_1_412' title='bbox 682 5305 708 5353; x_wconf 92' lang='lat' dir='ltr'><strong>et</strong></span> <span class='ocrx_word' id='word_1_413' title='bbox 731 5296 832 5371; x_wconf 79' lang='lat' dir='ltr'><strong>linguae</strong></span> <span class='ocrx_word' id='word_1_414' title='bbox 856 5298 973 5355; x_wconf 85' lang='lat' dir='ltr'><strong>odicium</strong></span> 
     </span>
     <span class='ocr_line' id='line_1_58' title="bbox 178 5384 974 5455; baseline 0.001 -15"><span class='ocrx_word' id='word_1_415' title='bbox 178 5384 341 5455; x_wconf 85' lang='lat' dir='ltr'><strong>perdidisse.</strong></span> <span class='ocrx_word' id='word_1_416' title='bbox 358 5386 432 5441; x_wconf 87' lang='lat' dir='ltr'><strong>inter</strong></span> <span class='ocrx_word' id='word_1_417' title='bbox 446 5400 543 5441; x_wconf 89' lang='lat' dir='ltr'><strong>manus</strong></span> <span class='ocrx_word' id='word_1_418' title='bbox 554 5385 670 5441; x_wconf 88' lang='lat' dir='ltr'><strong>levatum</strong></span> <span class='ocrx_word' id='word_1_419' title='bbox 680 5384 714 5441; x_wconf 90' lang='lat' dir='ltr'><strong>ad</strong></span> <span class='ocrx_word' id='word_1_420' title='bbox 725 5387 823 5443; x_wconf 90' lang='lat' dir='ltr'><strong>lectum</strong></span> <span class='ocrx_word' id='word_1_421' title='bbox 839 5386 974 5451; x_wconf 85' lang='lat' dir='ltr'><strong>deterunt,</strong></span> 
     </span>
    </p>
   </div>
   <div class='ocr_carea' id='block_1_7' title="bbox 1027 464 1517 524">
    <p class='ocr_par' dir='ltr' id='par_1_7' title="bbox 1027 464 1517 524">
     <span class='ocr_line' id='line_1_59' title="bbox 1027 464 1517 524; baseline 0.004 -4"><span class='ocrx_word' id='word_1_422' title='bbox 1027 483 1074 521; x_wconf 88' lang='lat' dir='ltr'><strong>ens</strong></span> <span class='ocrx_word' id='word_1_423' title='bbox 1088 464 1283 522; x_wconf 87' lang='lat' dir='ltr'><strong>Noviomeusis</strong></span> <span class='ocrx_word' id='word_1_424' title='bbox 1297 466 1517 524; x_wconf 86' lang='lat' dir='ltr'><strong>archidiaconus.</strong></span> 
     </span>
    </p>
   </div>
   <div class='ocr_carea' id='block_1_8' title="bbox 1025 616 1829 1679">
    <p class='ocr_par' dir='ltr' id='par_1_8' title="bbox 1025 616 1829 1679">
     <span class='ocr_line' id='line_1_60' title="bbox 1062 616 1829 676; baseline 0.003 -4"><span class='ocrx_word' id='word_1_425' title='bbox 1062 618 1106 673; x_wconf 81' lang='lat'><strong>73.</strong></span> <span class='ocrx_word' id='word_1_426' title='bbox 1122 617 1251 673; x_wconf 76' lang='lat' dir='ltr'><strong>liudulfus</strong></span> <span class='ocrx_word' id='word_1_427' title='bbox 1266 626 1355 673; x_wconf 88' lang='lat' dir='ltr'><strong>autem</strong></span> <span class='ocrx_word' id='word_1_428' title='bbox 1370 620 1454 674; x_wconf 88' lang='lat' dir='ltr'><strong>suasit</strong></span> <span class='ocrx_word' id='word_1_429' title='bbox 1472 620 1573 676; x_wconf 87' lang='lat' dir='ltr'><strong>domno</strong></span> <span class='ocrx_word' id='word_1_430' title='bbox 1588 618 1678 675; x_wconf 91' lang='lat' dir='ltr'><strong>abbati</strong></span> <span class='ocrx_word' id='word_1_431' title='bbox 1693 616 1784 675; x_wconf 84' lang='lat' dir='ltr'><strong>Orioni</strong></span> <span class='ocrx_word' id='word_1_432' title='bbox 1798 624 1829 674; x_wconf 87' lang='lat' dir='ltr'><strong>ut</strong></span> 
     </span>
     <span class='ocr_line' id='line_1_61' title="bbox 1026 706 1827 777; baseline -0.001 -15"><span class='ocrx_word' id='word_1_433' title='bbox 1026 707 1048 762; x_wconf 91' lang='lat' dir='ltr'><strong>si</strong></span> <span class='ocrx_word' id='word_1_434' title='bbox 1063 707 1123 777; x_wconf 86' lang='lat' dir='ltr'><strong>quis</strong></span> <span class='ocrx_word' id='word_1_435' title='bbox 1138 707 1262 764; x_wconf 78' lang='lat' dir='ltr'><strong>ecelesiae</strong></span> <span class='ocrx_word' id='word_1_436' title='bbox 1285 716 1387 764; x_wconf 82' lang='lat' dir='ltr'><strong>nostrae</strong></span> <span class='ocrx_word' id='word_1_437' title='bbox 1402 709 1483 764; x_wconf 90' lang='lat' dir='ltr'><strong>vellet</strong></span> <span class='ocrx_word' id='word_1_438' title='bbox 1505 708 1569 764; x_wconf 87' lang='lat' dir='ltr'><strong>dare</strong></span> <span class='ocrx_word' id='word_1_439' title='bbox 1594 708 1692 764; x_wconf 87' lang='lat' dir='ltr'><strong>altaria</strong></span> <span class='ocrx_word' id='word_1_440' title='bbox 1711 708 1770 763; x_wconf 90' lang='lat' dir='ltr'><strong>sine</strong></span> <span class='ocrx_word' id='word_1_441' title='bbox 1785 706 1827 763; x_wconf 91' lang='lat' dir='ltr'><strong>si·</strong></span> 
     </span>
     <span class='ocr_line' id='line_1_62' title="bbox 1027 796 1825 869; baseline 0.003 -18"><span class='ocrx_word' id='word_1_442' title='bbox 1027 798 1116 852; x_wconf 78' lang='grc'><strong>100010</strong></span> <span class='ocrx_word' id='word_1_443' title='bbox 1132 813 1182 869; x_wconf 93' lang='lat' dir='ltr'><strong>pro</strong></span> <span class='ocrx_word' id='word_1_444' title='bbox 1199 798 1288 852; x_wconf 87' lang='lat' dir='ltr'><strong>anima</strong></span> <span class='ocrx_word' id='word_1_445' title='bbox 1303 813 1360 865; x_wconf 89' lang='lat' dir='ltr'><strong>sua,</strong></span> <span class='ocrx_word' id='word_1_446' title='bbox 1372 814 1425 854; x_wconf 94' lang='lat' dir='ltr'><strong>non</strong></span> <span class='ocrx_word' id='word_1_447' title='bbox 1437 808 1563 854; x_wconf 88' lang='lat' dir='ltr'><strong>renueret</strong></span> <span class='ocrx_word' id='word_1_448' title='bbox 1575 813 1607 854; x_wconf 89' lang='lat' dir='ltr'><strong>ea</strong></span> <span class='ocrx_word' id='word_1_449' title='bbox 1620 813 1695 853; x_wconf 92' lang='lat' dir='ltr'><strong>more</strong></span> <span class='ocrx_word' id='word_1_450' title='bbox 1709 796 1825 853; x_wconf 83' lang='lat' dir='ltr'><strong>aliorum</strong></span> 
     </span>
     <span class='ocr_line' id='line_1_63' title="bbox 1027 886 1823 959; baseline 0.003 -20"><span class='ocrx_word' id='word_1_451' title='bbox 1027 887 1216 959; x_wconf 83' lang='lat' dir='ltr'><strong>religiosorum</strong></span> <span class='ocrx_word' id='word_1_452' title='bbox 1233 886 1359 941; x_wconf 87' lang='lat' dir='ltr'><strong>abbatum</strong></span> <span class='ocrx_word' id='word_1_453' title='bbox 1383 887 1531 959; x_wconf 87' lang='lat' dir='ltr'><strong>suscipere.</strong></span> <span class='ocrx_word' id='word_1_454' title='bbox 1556 890 1698 942; x_wconf 81' lang='grc'><strong>10000010</strong></span> <span class='ocrx_word' id='word_1_455' title='bbox 1712 886 1823 953; x_wconf 87' lang='lat' dir='ltr'><strong>abbate,</strong></span> 
     </span>
     <span class='ocr_line' id='line_1_64' title="bbox 1026 973 1826 1049; baseline 0.004 -19"><span class='ocrx_word' id='word_1_456' title='bbox 1026 975 1134 1047; x_wconf 90' lang='lat' dir='ltr'><strong>primus</strong></span> <span class='ocrx_word' id='word_1_457' title='bbox 1150 973 1584 1046; x_wconf 79' lang='grc'><strong>10111000100110001110010010</strong></span> <span class='ocrx_word' id='word_1_458' title='bbox 1606 975 1714 1049; x_wconf 84' lang='lat' dir='ltr'><strong>qrridam</strong></span> <span class='ocrx_word' id='word_1_459' title='bbox 1742 988 1826 1033; x_wconf 85' lang='grc'><strong>0000·</strong></span> 
     </span>
     <span class='ocr_line' id='line_1_65' title="bbox 1026 1064 1825 1134; baseline -0.001 -13"><span class='ocrx_word' id='word_1_460' title='bbox 1026 1067 1103 1123; x_wconf 87' lang='grc'><strong>01000</strong></span> <span class='ocrx_word' id='word_1_461' title='bbox 1117 1067 1206 1124; x_wconf 74' lang='lat' dir='ltr'><strong>Beata</strong></span> <span class='ocrx_word' id='word_1_462' title='bbox 1221 1066 1321 1134; x_wconf 82' lang='lat' dir='ltr'><strong>blariae,</strong></span> <span class='ocrx_word' id='word_1_463' title='bbox 1337 1067 1449 1124; x_wconf 90' lang='lat' dir='ltr'><strong>nornine</strong></span> <span class='ocrx_word' id='word_1_464' title='bbox 1464 1067 1607 1130; x_wconf 73' lang='lat' dir='ltr'><strong>wericus,</strong></span> <span class='ocrx_word' id='word_1_465' title='bbox 1631 1064 1732 1120; x_wconf 88' lang='lat' dir='ltr'><strong>deinde</strong></span> <span class='ocrx_word' id='word_1_466' title='bbox 1758 1064 1825 1120; x_wconf 79' lang='lat' dir='ltr'><strong>tut-</strong></span> 
     </span>
     <span class='ocr_line' id='line_1_66' title="bbox 1026 1152 1826 1213; baseline 0 -3"><span class='ocrx_word' id='word_1_467' title='bbox 1026 1156 1123 1212; x_wconf 87' lang='grc'><strong>101000</strong></span> <span class='ocrx_word' id='word_1_468' title='bbox 1138 1165 1233 1213; x_wconf 89' lang='lat' dir='ltr'><strong>cantor</strong></span> <span class='ocrx_word' id='word_1_469' title='bbox 1251 1172 1311 1213; x_wconf 86' lang='lat' dir='ltr'><strong>cum</strong></span> <span class='ocrx_word' id='word_1_470' title='bbox 1336 1157 1393 1212; x_wconf 86' lang='lat' dir='ltr'><strong>filio</strong></span> <span class='ocrx_word' id='word_1_471' title='bbox 1417 1171 1467 1212; x_wconf 89' lang='lat' dir='ltr'><strong>suo</strong></span> <span class='ocrx_word' id='word_1_472' title='bbox 1482 1155 1607 1211; x_wconf 86' lang='lat' dir='ltr'><strong>Tetberto</strong></span> <span class='ocrx_word' id='word_1_473' title='bbox 1622 1154 1707 1210; x_wconf 88' lang='lat' dir='ltr'><strong>altare</strong></span> <span class='ocrx_word' id='word_1_474' title='bbox 1722 1154 1758 1210; x_wconf 92' lang='lat' dir='ltr'><strong>de</strong></span> <span class='ocrx_word' id='word_1_475' title='bbox 1772 1152 1826 1210; x_wconf 89' lang='lat' dir='ltr'><strong>Sa-</strong></span> 
     </span>
     <span class='ocr_line' id='line_1_67' title="bbox 1025 1240 1828 1319; baseline -0.004 -19"><span class='ocrx_word' id='word_1_476' title='bbox 1025 1245 1121 1302; x_wconf 91' lang='lat' dir='ltr'><strong>mium.</strong></span> <span class='ocrx_word' id='word_1_477' title='bbox 1155 1245 1297 1302; x_wconf 86' lang='lat' dir='ltr'><strong>Letbertus</strong></span> <span class='ocrx_word' id='word_1_478' title='bbox 1317 1261 1426 1319; x_wconf 85' lang='lat' dir='ltr'><strong>quoque</strong></span> <span class='ocrx_word' id='word_1_479' title='bbox 1451 1245 1599 1302; x_wconf 89' lang='lat' dir='ltr'><strong>canonieus</strong></span> <span class='ocrx_word' id='word_1_480' title='bbox 1626 1251 1703 1315; x_wconf 90' lang='lat' dir='ltr'><strong>pater</strong></span> <span class='ocrx_word' id='word_1_481' title='bbox 1730 1240 1828 1298; x_wconf 88' lang='lat' dir='ltr'><strong>domui</strong></span> 
     </span>
     <span class='ocr_line' id='line_1_68' title="bbox 1027 1332 1827 1404; baseline -0.004 -15"><span class='ocrx_word' id='word_1_482' title='bbox 1027 1335 1145 1391; x_wconf 85' lang='lat' dir='ltr'><strong>Walteri</strong></span> <span class='ocrx_word' id='word_1_483' title='bbox 1167 1334 1249 1404; x_wconf 88' lang='lat' dir='ltr'><strong>hujus</strong></span> <span class='ocrx_word' id='word_1_484' title='bbox 1271 1335 1389 1391; x_wconf 90' lang='lat' dir='ltr'><strong>coenobii</strong></span> <span class='ocrx_word' id='word_1_485' title='bbox 1404 1334 1519 1403; x_wconf 89' lang='lat' dir='ltr'><strong>abbatia,</strong></span> <span class='ocrx_word' id='word_1_486' title='bbox 1536 1333 1621 1390; x_wconf 87' lang='lat' dir='ltr'><strong>altare</strong></span> <span class='ocrx_word' id='word_1_487' title='bbox 1636 1332 1670 1388; x_wconf 91' lang='lat' dir='ltr'><strong>de</strong></span> <span class='ocrx_word' id='word_1_488' title='bbox 1686 1332 1827 1388; x_wconf 82' lang='lat' dir='ltr'><strong>Pascbea·</strong></span> 
     </span>
     <span class='ocr_line' id='line_1_69' title="bbox 1027 1418 1828 1495; baseline -0.004 -15"><span class='ocrx_word' id='word_1_489' title='bbox 1027 1426 1089 1495; x_wconf 88' lang='lat' dir='ltr'><strong>dal;</strong></span> <span class='ocrx_word' id='word_1_490' title='bbox 1106 1424 1153 1482; x_wconf 91' lang='lat' dir='ltr'><strong>sed</strong></span> <span class='ocrx_word' id='word_1_491' title='bbox 1169 1432 1195 1480; x_wconf 90' lang='lat' dir='ltr'><strong>et</strong></span> <span class='ocrx_word' id='word_1_492' title='bbox 1211 1421 1339 1480; x_wconf 85' lang='lat' dir='ltr'><strong>Genicus</strong></span> <span class='ocrx_word' id='word_1_493' title='bbox 1353 1424 1500 1480; x_wconf 87' lang='lat' dir='ltr'><strong>canonieus</strong></span> <span class='ocrx_word' id='word_1_494' title='bbox 1513 1439 1574 1481; x_wconf 90' lang='lat' dir='ltr'><strong>cum</strong></span> <span class='ocrx_word' id='word_1_495' title='bbox 1590 1422 1763 1478; x_wconf 90' lang='lat' dir='ltr'><strong>Weaemaro</strong></span> <span class='ocrx_word' id='word_1_496' title='bbox 1776 1418 1828 1477; x_wconf 89' lang='lat' dir='ltr'><strong>rai·</strong></span> 
     </span>
     <span class='ocr_line' id='line_1_70' title="bbox 1026 1510 1827 1589; baseline -0.009 -16"><span class='ocrx_word' id='word_1_497' title='bbox 1026 1518 1073 1575; x_wconf 89' lang='lat' dir='ltr'><strong>lite</strong></span> <span class='ocrx_word' id='word_1_498' title='bbox 1088 1524 1177 1589; x_wconf 90' lang='lat' dir='ltr'><strong>partes</strong></span> <span class='ocrx_word' id='word_1_499' title='bbox 1192 1512 1324 1586; x_wconf 88' lang='lat' dir='ltr'><strong>quasdam</strong></span> <span class='ocrx_word' id='word_1_500' title='bbox 1344 1515 1435 1570; x_wconf 90' lang='lat' dir='ltr'><strong>altaris</strong></span> <span class='ocrx_word' id='word_1_501' title='bbox 1449 1515 1485 1571; x_wconf 91' lang='lat' dir='ltr'><strong>de</strong></span> <span class='ocrx_word' id='word_1_502' title='bbox 1499 1510 1667 1584; x_wconf 84' lang='lat' dir='ltr'><strong>Templovio.</strong></span> <span class='ocrx_word' id='word_1_503' title='bbox 1696 1511 1827 1568; x_wconf 84' lang='lat' dir='ltr'><strong>Rabodua</strong></span> 
     </span>
     <span class='ocr_line' id='line_1_71' title="bbox 1027 1602 1825 1679; baseline -0.009 -16"><span class='ocrx_word' id='word_1_504' title='bbox 1027 1607 1183 1679; x_wconf 86' lang='lat' dir='ltr'><strong>episcopus,</strong></span> <span class='ocrx_word' id='word_1_505' title='bbox 1199 1602 1279 1672; x_wconf 88' lang='lat' dir='ltr'><strong>cujus</strong></span> <span class='ocrx_word' id='word_1_506' title='bbox 1296 1609 1417 1676; x_wconf 89' lang='lat' dir='ltr'><strong>tempore</strong></span> <span class='ocrx_word' id='word_1_507' title='bbox 1444 1602 1602 1661; x_wconf 86' lang='lat' dir='ltr'><strong>coenobinm</strong></span> <span class='ocrx_word' id='word_1_508' title='bbox 1620 1609 1744 1657; x_wconf 88' lang='lat' dir='ltr'><strong>nostrum</strong></span> <span class='ocrx_word' id='word_1_509' title='bbox 1776 1616 1825 1657; x_wconf 90' lang='lat' dir='ltr'><strong>re-</strong></span> 
     </span>
    </p>
   </div>
   <div class='ocr_carea' id='block_1_9' title="bbox 983 1689 1826 1784">
    <p class='ocr_par' dir='ltr' id='par_1_9' title="bbox 983 1689 1826 1784">
     <span class='ocr_line' id='line_1_72' title="bbox 983 1689 1826 1784; baseline -0.006 -34"><span class='ocrx_word' id='word_1_510' title='bbox 983 1722 1009 1784; x_wconf 79' lang='lat' dir='ltr'>B</span> <span class='ocrx_word' id='word_1_511' title='bbox 1026 1704 1174 1752; x_wconf 88' lang='lat' dir='ltr'><strong>stauratum</strong></span> <span class='ocrx_word' id='word_1_512' title='bbox 1195 1698 1246 1757; x_wconf 86' lang='lat' dir='ltr'><strong>est,</strong></span> <span class='ocrx_word' id='word_1_513' title='bbox 1262 1692 1345 1748; x_wconf 91' lang='lat' dir='ltr'><strong>altare</strong></span> <span class='ocrx_word' id='word_1_514' title='bbox 1372 1693 1406 1748; x_wconf 90' lang='lat' dir='ltr'><strong>de</strong></span> <span class='ocrx_word' id='word_1_515' title='bbox 1434 1690 1592 1762; x_wconf 80' lang='lat' dir='ltr'><strong>Euregniis,</strong></span> <span class='ocrx_word' id='word_1_516' title='bbox 1608 1689 1695 1744; x_wconf 78' lang='lat' dir='ltr'><strong>Adarn</strong></span> <span class='ocrx_word' id='word_1_517' title='bbox 1712 1702 1826 1761; x_wconf 80' lang='lat' dir='ltr'><strong>quoque</strong></span> 
     </span>
    </p>
   </div>
   <div class='ocr_carea' id='block_1_10' title="bbox 1023 1775 1825 1855">
    <p class='ocr_par' dir='ltr' id='par_1_10' title="bbox 1023 1775 1825 1855">
     <span class='ocr_line' id='line_1_73' title="bbox 1023 1775 1825 1855; baseline -0.014 -12"><span class='ocrx_word' id='word_1_518' title='bbox 1023 1785 1175 1843; x_wconf 85' lang='lat' dir='ltr'><strong>canonicus</strong></span> <span class='ocrx_word' id='word_1_519' title='bbox 1190 1790 1301 1855; x_wconf 80' lang='lat' dir='ltr'><strong>rogante</strong></span> <span class='ocrx_word' id='word_1_520' title='bbox 1317 1790 1393 1853; x_wconf 92' lang='lat' dir='ltr'><strong>patre</strong></span> <span class='ocrx_word' id='word_1_521' title='bbox 1408 1799 1458 1839; x_wconf 91' lang='lat' dir='ltr'><strong>suo</strong></span> <span class='ocrx_word' id='word_1_522' title='bbox 1469 1781 1566 1854; x_wconf 82' lang='lat' dir='ltr'><strong>Sigero</strong></span> <span class='ocrx_word' id='word_1_523' title='bbox 1577 1786 1760 1849; x_wconf 65' lang='lat' dir='ltr'><strong>praecentorca</strong></span> <span class='ocrx_word' id='word_1_524' title='bbox 1777 1775 1825 1849; x_wconf 93' lang='lat' dir='ltr'><strong>qui</strong></span> 
     </span>
    </p>
   </div>
   <div class='ocr_carea' id='block_1_11' title="bbox 1022 1866 1825 1947">
    <p class='ocr_par' dir='ltr' id='par_1_11' title="bbox 1022 1866 1825 1947">
     <span class='ocr_line' id='line_1_74' title="bbox 1022 1866 1825 1947; baseline -0.012 -16"><span class='ocrx_word' id='word_1_525' title='bbox 1022 1892 1085 1931; x_wconf 90' lang='lat' dir='ltr'><strong>cum</strong></span> <span class='ocrx_word' id='word_1_526' title='bbox 1101 1887 1234 1947; x_wconf 84' lang='lat' dir='ltr'><strong>germano</strong></span> <span class='ocrx_word' id='word_1_527' title='bbox 1258 1886 1307 1926; x_wconf 89' lang='lat' dir='ltr'><strong>suo</strong></span> <span class='ocrx_word' id='word_1_528' title='bbox 1329 1872 1487 1927; x_wconf 86' lang='lat' dir='ltr'><strong>Hermanno</strong></span> <span class='ocrx_word' id='word_1_529' title='bbox 1510 1868 1656 1942; x_wconf 72' lang='lat' dir='ltr'><strong>praeposito</strong></span> <span class='ocrx_word' id='word_1_530' title='bbox 1681 1866 1754 1939; x_wconf 89' lang='lat' dir='ltr'><strong>apud</strong></span> <span class='ocrx_word' id='word_1_531' title='bbox 1771 1880 1825 1921; x_wconf 85' lang='lat' dir='ltr'><strong>nos</strong></span> 
     </span>
    </p>
   </div>
   <div class='ocr_carea' id='block_1_12' title="bbox 1023 1954 1822 2835">
    <p class='ocr_par' dir='ltr' id='par_1_12' title="bbox 1023 1954 1822 2835">
     <span class='ocr_line' id='line_1_75' title="bbox 1024 1954 1822 2033; baseline -0.014 -13"><span class='ocrx_word' id='word_1_532' title='bbox 1024 1964 1174 2020; x_wconf 81' lang='lat' dir='ltr'><strong>monachus</strong></span> <span class='ocrx_word' id='word_1_533' title='bbox 1195 1961 1254 2031; x_wconf 83' lang='lat' dir='ltr'><strong>tuit,</strong></span> <span class='ocrx_word' id='word_1_534' title='bbox 1272 1961 1340 2016; x_wconf 88' lang='lat' dir='ltr'><strong>sicut</strong></span> <span class='ocrx_word' id='word_1_535' title='bbox 1364 1960 1445 2033; x_wconf 80' lang='lat' dir='ltr'><strong>longe</strong></span> <span class='ocrx_word' id='word_1_536' title='bbox 1468 1975 1552 2030; x_wconf 91' lang='lat' dir='ltr'><strong>supra</strong></span> <span class='ocrx_word' id='word_1_537' title='bbox 1575 1957 1675 2014; x_wconf 91' lang='lat' dir='ltr'><strong>dietum</strong></span> <span class='ocrx_word' id='word_1_538' title='bbox 1697 1964 1747 2025; x_wconf 89' lang='lat' dir='ltr'><strong>est,</strong></span> <span class='ocrx_word' id='word_1_539' title='bbox 1771 1954 1822 2010; x_wconf 86' lang='grc'><strong>10-</strong></span> 
     </span>
     <span class='ocr_line' id='line_1_76' title="bbox 1024 2045 1818 2123; baseline -0.013 -14"><span class='ocrx_word' id='word_1_540' title='bbox 1024 2055 1062 2109; x_wconf 85' lang='grc'><strong>111</strong></span> <span class='ocrx_word' id='word_1_541' title='bbox 1076 2052 1155 2110; x_wconf 88' lang='lat' dir='ltr'><strong>uobis</strong></span> <span class='ocrx_word' id='word_1_542' title='bbox 1170 2051 1288 2123; x_wconf 74' lang='lat' dir='ltr'><strong>quincue</strong></span> <span class='ocrx_word' id='word_1_543' title='bbox 1307 2049 1402 2104; x_wconf 91' lang='lat' dir='ltr'><strong>altaria</strong></span> <span class='ocrx_word' id='word_1_544' title='bbox 1426 2047 1538 2115; x_wconf 89' lang='lat' dir='ltr'><strong>scilicet,</strong></span> <span class='ocrx_word' id='word_1_545' title='bbox 1553 2046 1589 2102; x_wconf 92' lang='lat' dir='ltr'><strong>de</strong></span> <span class='ocrx_word' id='word_1_546' title='bbox 1603 2045 1706 2111; x_wconf 85' lang='lat' dir='ltr'><strong>llattra,</strong></span> <span class='ocrx_word' id='word_1_547' title='bbox 1723 2045 1818 2108; x_wconf 85' lang='lat' dir='ltr'><strong>Sarra,</strong></span> 
     </span>
     <span class='ocr_line' id='line_1_77' title="bbox 1024 2131 1821 2213; baseline -0.018 -14"><span class='ocrx_word' id='word_1_548' title='bbox 1024 2142 1184 2213; x_wconf 76' lang='lat' dir='ltr'><strong>ilisengein.</strong></span> <span class='ocrx_word' id='word_1_549' title='bbox 1208 2140 1408 2211; x_wconf 81' lang='lat' dir='ltr'><strong>Gudelengein,</strong></span> <span class='ocrx_word' id='word_1_550' title='bbox 1434 2147 1460 2193; x_wconf 90' lang='lat' dir='ltr'><strong>et</strong></span> <span class='ocrx_word' id='word_1_551' title='bbox 1489 2135 1660 2206; x_wconf 83' lang='lat' dir='ltr'><strong>Estenputb;</strong></span> <span class='ocrx_word' id='word_1_552' title='bbox 1691 2131 1821 2204; x_wconf 84' lang='lat' dir='ltr'><strong>Erpulius</strong></span> 
     </span>
     <span class='ocr_line' id='line_1_78' title="bbox 1025 2220 1822 2293; baseline -0.018 -3"><span class='ocrx_word' id='word_1_553' title='bbox 1025 2233 1141 2290; x_wconf 89' lang='lat' dir='ltr'><strong>clericus</strong></span> <span class='ocrx_word' id='word_1_554' title='bbox 1156 2230 1253 2287; x_wconf 84' lang='lat' dir='ltr'><strong>altaria</strong></span> <span class='ocrx_word' id='word_1_555' title='bbox 1268 2229 1302 2285; x_wconf 92' lang='lat' dir='ltr'><strong>de</strong></span> <span class='ocrx_word' id='word_1_556' title='bbox 1317 2228 1497 2293; x_wconf 85' lang='lat' dir='ltr'><strong>villesbecca,</strong></span> <span class='ocrx_word' id='word_1_557' title='bbox 1510 2235 1536 2282; x_wconf 89' lang='lat' dir='ltr'><strong>et</strong></span> <span class='ocrx_word' id='word_1_558' title='bbox 1550 2226 1584 2281; x_wconf 87' lang='lat' dir='ltr'><strong>de</strong></span> <span class='ocrx_word' id='word_1_559' title='bbox 1595 2225 1678 2282; x_wconf 83' lang='lat' dir='ltr'><strong>Fivia.</strong></span> <span class='ocrx_word' id='word_1_560' title='bbox 1695 2220 1822 2279; x_wconf 86' lang='lat' dir='ltr'><strong>blonaebi</strong></span> 
     </span>
     <span class='ocr_line' id='line_1_79' title="bbox 1025 2313 1821 2392; baseline -0.016 -14"><span class='ocrx_word' id='word_1_561' title='bbox 1025 2322 1060 2378; x_wconf 93' lang='lat' dir='ltr'><strong>de</strong></span> <span class='ocrx_word' id='word_1_562' title='bbox 1075 2321 1160 2377; x_wconf 87' lang='lat' dir='ltr'><strong>Dunis</strong></span> <span class='ocrx_word' id='word_1_563' title='bbox 1174 2336 1222 2392; x_wconf 94' lang='lat' dir='ltr'><strong>pro</strong></span> <span class='ocrx_word' id='word_1_564' title='bbox 1237 2319 1358 2392; x_wconf 86' lang='lat' dir='ltr'><strong>quadam</strong></span> <span class='ocrx_word' id='word_1_565' title='bbox 1371 2325 1452 2380; x_wconf 87' lang='lat' dir='ltr'><strong>terra,</strong></span> <span class='ocrx_word' id='word_1_566' title='bbox 1470 2331 1549 2388; x_wconf 87' lang='lat' dir='ltr'><strong>quam</strong></span> <span class='ocrx_word' id='word_1_567' title='bbox 1576 2329 1657 2386; x_wconf 83' lang='lat' dir='ltr'><strong>supra</strong></span> <span class='ocrx_word' id='word_1_568' title='bbox 1679 2328 1754 2368; x_wconf 89' lang='lat' dir='ltr'><strong>more</strong></span> <span class='ocrx_word' id='word_1_569' title='bbox 1769 2313 1821 2366; x_wconf 84' lang='lat' dir='ltr'><strong>ba-</strong></span> 
     </span>
     <span class='ocr_line' id='line_1_80' title="bbox 1025 2399 1820 2474; baseline -0.015 -6"><span class='ocrx_word' id='word_1_570' title='bbox 1025 2412 1156 2468; x_wconf 89' lang='lat' dir='ltr'><strong>bebamus</strong></span> <span class='ocrx_word' id='word_1_571' title='bbox 1170 2426 1185 2465; x_wconf 92' lang='lat' dir='ltr'><strong>a</strong></span> <span class='ocrx_word' id='word_1_572' title='bbox 1200 2410 1300 2464; x_wconf 90' lang='lat' dir='ltr'><strong>domno</strong></span> <span class='ocrx_word' id='word_1_573' title='bbox 1311 2408 1421 2463; x_wconf 88' lang='lat' dir='ltr'><strong>Simone</strong></span> <span class='ocrx_word' id='word_1_574' title='bbox 1431 2404 1597 2462; x_wconf 88' lang='lat' dir='ltr'><strong>Tornaccnsi</strong></span> <span class='ocrx_word' id='word_1_575' title='bbox 1613 2404 1753 2474; x_wconf 89' lang='lat' dir='ltr'><strong>episeopo,</strong></span> <span class='ocrx_word' id='word_1_576' title='bbox 1765 2399 1820 2456; x_wconf 92' lang='grc'><strong>100</strong></span> 
     </span>
     <span class='ocr_line' id='line_1_81' title="bbox 1026 2487 1822 2564; baseline -0.015 -8"><span class='ocrx_word' id='word_1_577' title='bbox 1026 2501 1124 2557; x_wconf 89' lang='lat' dir='ltr'><strong>altaria</strong></span> <span class='ocrx_word' id='word_1_578' title='bbox 1142 2498 1247 2554; x_wconf 90' lang='lat' dir='ltr'><strong>seilicet</strong></span> <span class='ocrx_word' id='word_1_579' title='bbox 1262 2498 1296 2552; x_wconf 91' lang='lat' dir='ltr'><strong>de</strong></span> <span class='ocrx_word' id='word_1_580' title='bbox 1312 2498 1432 2551; x_wconf 79' lang='lat' dir='ltr'><strong>beverna</strong></span> <span class='ocrx_word' id='word_1_581' title='bbox 1459 2502 1487 2551; x_wconf 90' lang='lat' dir='ltr'><strong>et</strong></span> <span class='ocrx_word' id='word_1_582' title='bbox 1513 2493 1548 2549; x_wconf 94' lang='lat' dir='ltr'><strong>de</strong></span> <span class='ocrx_word' id='word_1_583' title='bbox 1577 2492 1733 2564; x_wconf 76' lang='lat' dir='ltr'><strong>Leudegein</strong></span> <span class='ocrx_word' id='word_1_584' title='bbox 1762 2487 1822 2545; x_wconf 88' lang='lat' dir='ltr'><strong>dari</strong></span> 
     </span>
     <span class='ocr_line' id='line_1_82' title="bbox 1023 2577 1821 2651; baseline -0.016 -5"><span class='ocrx_word' id='word_1_585' title='bbox 1023 2591 1107 2646; x_wconf 86' lang='lat' dir='ltr'><strong>nobis</strong></span> <span class='ocrx_word' id='word_1_586' title='bbox 1121 2588 1259 2651; x_wconf 88' lang='lat' dir='ltr'><strong>lecerunt;</strong></span> <span class='ocrx_word' id='word_1_587' title='bbox 1277 2585 1434 2642; x_wconf 87' lang='lat' dir='ltr'><strong>Desiderius</strong></span> <span class='ocrx_word' id='word_1_588' title='bbox 1448 2582 1667 2640; x_wconf 73' lang='lat' dir='ltr'><strong>tornacensium</strong></span> <span class='ocrx_word' id='word_1_589' title='bbox 1685 2577 1821 2636; x_wconf 82' lang='lat' dir='ltr'><strong>arebidia·</strong></span> 
     </span>
     <span class='ocr_line' id='line_1_83' title="bbox 1025 2669 1822 2747; baseline -0.016 -11"><span class='ocrx_word' id='word_1_590' title='bbox 1025 2696 1119 2743; x_wconf 87' lang='grc'><strong>00000,</strong></span> <span class='ocrx_word' id='word_1_591' title='bbox 1135 2682 1162 2733; x_wconf 83' lang='grc'><strong>01</strong></span> <span class='ocrx_word' id='word_1_592' title='bbox 1177 2676 1338 2747; x_wconf 82' lang='lat' dir='ltr'><strong>praepositus</strong></span> <span class='ocrx_word' id='word_1_593' title='bbox 1353 2673 1506 2741; x_wconf 83' lang='lat' dir='ltr'><strong>insulanus,</strong></span> <span class='ocrx_word' id='word_1_594' title='bbox 1517 2671 1613 2728; x_wconf 83' lang='lat' dir='ltr'><strong>altaria</strong></span> <span class='ocrx_word' id='word_1_595' title='bbox 1627 2670 1662 2725; x_wconf 92' lang='lat' dir='ltr'><strong>de</strong></span> <span class='ocrx_word' id='word_1_596' title='bbox 1674 2669 1779 2724; x_wconf 87' lang='lat' dir='ltr'><strong>Guerra</strong></span> <span class='ocrx_word' id='word_1_597' title='bbox 1795 2674 1822 2724; x_wconf 89' lang='lat' dir='ltr'><strong>et</strong></span> 
     </span>
     <span class='ocr_line' id='line_1_84' title="bbox 1025 2758 1820 2835; baseline -0.015 -11"><span class='ocrx_word' id='word_1_598' title='bbox 1025 2769 1059 2824; x_wconf 90' lang='lat' dir='ltr'><strong>de</strong></span> <span class='ocrx_word' id='word_1_599' title='bbox 1074 2766 1173 2823; x_wconf 84' lang='lat' dir='ltr'><strong>Liedda</strong></span> <span class='ocrx_word' id='word_1_600' title='bbox 1188 2765 1320 2821; x_wconf 90' lang='lat' dir='ltr'><strong>Geraldus</strong></span> <span class='ocrx_word' id='word_1_601' title='bbox 1342 2764 1495 2835; x_wconf 87' lang='lat' dir='ltr'><strong>episcopus,</strong></span> <span class='ocrx_word' id='word_1_602' title='bbox 1520 2770 1546 2817; x_wconf 89' lang='lat' dir='ltr'><strong>et</strong></span> <span class='ocrx_word' id='word_1_603' title='bbox 1569 2758 1659 2816; x_wconf 88' lang='lat' dir='ltr'><strong>clerici</strong></span> <span class='ocrx_word' id='word_1_604' title='bbox 1673 2758 1709 2814; x_wconf 90' lang='lat' dir='ltr'><strong>de</strong></span> <span class='ocrx_word' id='word_1_605' title='bbox 1723 2758 1820 2823; x_wconf 83' lang='lat' dir='ltr'><strong>Ecurt,</strong></span> 
     </span>
    </p>
   </div>
   <div class='ocr_carea' id='block_1_13' title="bbox 947 2844 1821 2929">
    <p class='ocr_par' dir='ltr' id='par_1_13' title="bbox 947 2844 1821 2929">
     <span class='ocr_line' id='line_1_85' title="bbox 947 2844 1821 2929; baseline -0.011 -18"><span class='ocrx_word' id='word_1_606' title='bbox 947 2900 952 2911; x_wconf 95' lang='lat'>.</span> <span class='ocrx_word' id='word_1_607' title='bbox 1026 2864 1163 2929; x_wconf 84' lang='lat' dir='ltr'><strong>procerte</strong></span> <span class='ocrx_word' id='word_1_608' title='bbox 1186 2855 1220 2910; x_wconf 91' lang='lat' dir='ltr'><strong>de</strong></span> <span class='ocrx_word' id='word_1_609' title='bbox 1243 2853 1340 2925; x_wconf 77' lang='lat' dir='ltr'><strong>Brugis</strong></span> <span class='ocrx_word' id='word_1_610' title='bbox 1359 2852 1444 2908; x_wconf 86' lang='lat' dir='ltr'><strong>altare</strong></span> <span class='ocrx_word' id='word_1_611' title='bbox 1468 2852 1503 2907; x_wconf 92' lang='lat' dir='ltr'><strong>de</strong></span> <span class='ocrx_word' id='word_1_612' title='bbox 1525 2849 1699 2906; x_wconf 84' lang='lat' dir='ltr'><strong>bluscbemm</strong></span> <span class='ocrx_word' id='word_1_613' title='bbox 1723 2844 1821 2901; x_wconf 83' lang='lat' dir='ltr'><strong>altaria</strong></span> 
     </span>
    </p>
   </div>
   <div class='ocr_carea' id='block_1_14' title="bbox 1024 2936 1823 4427">
    <p class='ocr_par' dir='ltr' id='par_1_14' title="bbox 1024 2936 1823 4427">
     <span class='ocr_line' id='line_1_86' title="bbox 1026 2936 1822 3010; baseline -0.014 -8"><span class='ocrx_word' id='word_1_614' title='bbox 1026 2947 1060 3002; x_wconf 91' lang='lat' dir='ltr'><strong>de</strong></span> <span class='ocrx_word' id='word_1_615' title='bbox 1074 2944 1200 3010; x_wconf 78' lang='grc'><strong>1001100,</strong></span> <span class='ocrx_word' id='word_1_616' title='bbox 1217 2943 1291 2998; x_wconf 88' lang='lat' dir='ltr'><strong>etde</strong></span> <span class='ocrx_word' id='word_1_617' title='bbox 1306 2941 1409 2998; x_wconf 81' lang='grc'><strong>1101010</strong></span> <span class='ocrx_word' id='word_1_618' title='bbox 1427 2940 1509 2996; x_wconf 90' lang='lat' dir='ltr'><strong>uobis</strong></span> <span class='ocrx_word' id='word_1_619' title='bbox 1530 2938 1590 2994; x_wconf 91' lang='lat' dir='ltr'><strong>dari</strong></span> <span class='ocrx_word' id='word_1_620' title='bbox 1614 2936 1735 2993; x_wconf 79' lang='lat' dir='ltr'><strong>lecerunt</strong></span> <span class='ocrx_word' id='word_1_621' title='bbox 1758 2949 1822 2991; x_wconf 86' lang='lat' dir='ltr'><strong>mo·</strong></span> 
     </span>
     <span class='ocr_line' id='line_1_87' title="bbox 1026 3023 1823 3102; baseline -0.015 -12"><span class='ocrx_word' id='word_1_622' title='bbox 1026 3034 1104 3090; x_wconf 90' lang='lat' dir='ltr'><strong>nacbi</strong></span> <span class='ocrx_word' id='word_1_623' title='bbox 1119 3034 1153 3089; x_wconf 88' lang='lat' dir='ltr'><strong>de</strong></span> <span class='ocrx_word' id='word_1_624' title='bbox 1168 3033 1252 3097; x_wconf 83' lang='grc'><strong>11100,</strong></span> <span class='ocrx_word' id='word_1_625' title='bbox 1268 3046 1317 3102; x_wconf 93' lang='lat' dir='ltr'><strong>pro</strong></span> <span class='ocrx_word' id='word_1_626' title='bbox 1333 3038 1416 3095; x_wconf 87' lang='lat' dir='ltr'><strong>curte,</strong></span> <span class='ocrx_word' id='word_1_627' title='bbox 1432 3030 1466 3084; x_wconf 89' lang='lat' dir='ltr'><strong>de</strong></span> <span class='ocrx_word' id='word_1_628' title='bbox 1480 3025 1577 3083; x_wconf 88' lang='lat' dir='ltr'><strong>Pevela</strong></span> <span class='ocrx_word' id='word_1_629' title='bbox 1598 3041 1614 3080; x_wconf 92' lang='lat' dir='ltr'><strong>a</strong></span> <span class='ocrx_word' id='word_1_630' title='bbox 1636 3023 1823 3080; x_wconf 78' lang='grc'><strong>101010060-</strong></span> 
     </span>
     <span class='ocr_line' id='line_1_88' title="bbox 1026 3113 1823 3196; baseline -0.018 -16"><span class='ocrx_word' id='word_1_631' title='bbox 1026 3126 1103 3181; x_wconf 76' lang='grc'><strong>00110</strong></span> <span class='ocrx_word' id='word_1_632' title='bbox 1117 3125 1256 3196; x_wconf 86' lang='lat' dir='ltr'><strong>episcopo.</strong></span> <span class='ocrx_word' id='word_1_633' title='bbox 1283 3122 1384 3178; x_wconf 90' lang='lat' dir='ltr'><strong>Omnia</strong></span> <span class='ocrx_word' id='word_1_634' title='bbox 1398 3118 1458 3173; x_wconf 72' lang='lat' dir='ltr'><strong>baec</strong></span> <span class='ocrx_word' id='word_1_635' title='bbox 1472 3116 1605 3173; x_wconf 87' lang='lat' dir='ltr'><strong>babemus</strong></span> <span class='ocrx_word' id='word_1_636' title='bbox 1619 3115 1648 3169; x_wconf 90' lang='lat' dir='ltr'><strong>in</strong></span> <span class='ocrx_word' id='word_1_637' title='bbox 1663 3113 1823 3185; x_wconf 87' lang='lat' dir='ltr'><strong>episcopatu</strong></span> 
     </span>
     <span class='ocr_line' id='line_1_89' title="bbox 1025 3200 1823 3272; baseline -0.02 0"><span class='ocrx_word' id='word_1_638' title='bbox 1025 3213 1198 3272; x_wconf 88' lang='lat' dir='ltr'><strong>Tornaeensi.</strong></span> <span class='ocrx_word' id='word_1_639' title='bbox 1228 3210 1368 3267; x_wconf 90' lang='lat' dir='ltr'><strong>Letbortns</strong></span> <span class='ocrx_word' id='word_1_640' title='bbox 1393 3205 1541 3263; x_wconf 88' lang='lat' dir='ltr'><strong>canonieus</strong></span> <span class='ocrx_word' id='word_1_641' title='bbox 1567 3203 1664 3259; x_wconf 90' lang='lat' dir='ltr'><strong>altaria</strong></span> <span class='ocrx_word' id='word_1_642' title='bbox 1687 3202 1723 3257; x_wconf 89' lang='lat' dir='ltr'><strong>de</strong></span> <span class='ocrx_word' id='word_1_643' title='bbox 1747 3200 1823 3256; x_wconf 85' lang='lat' dir='ltr'><strong>Zulta</strong></span> 
     </span>
     <span class='ocr_line' id='line_1_90' title="bbox 1025 3289 1823 3369; baseline -0.02 -9"><span class='ocrx_word' id='word_1_644' title='bbox 1025 3304 1099 3360; x_wconf 90' lang='lat' dir='ltr'><strong>etde</strong></span> <span class='ocrx_word' id='word_1_645' title='bbox 1113 3301 1275 3369; x_wconf 78' lang='lat' dir='ltr'><strong>Waclrines3</strong></span> <span class='ocrx_word' id='word_1_646' title='bbox 1292 3297 1503 3356; x_wconf 82' lang='lat' dir='ltr'><strong>Bartlroloruaeus</strong></span> <span class='ocrx_word' id='word_1_647' title='bbox 1517 3294 1659 3365; x_wconf 87' lang='lat' dir='ltr'><strong>episcopus</strong></span> <span class='ocrx_word' id='word_1_648' title='bbox 1675 3289 1769 3346; x_wconf 85' lang='lat' dir='ltr'><strong>altaria</strong></span> <span class='ocrx_word' id='word_1_649' title='bbox 1788 3290 1823 3345; x_wconf 87' lang='lat' dir='ltr'><strong>dc</strong></span> 
     </span>
     <span class='ocr_line' id='line_1_91' title="bbox 1025 3378 1822 3451; baseline -0.02 -1"><span class='ocrx_word' id='word_1_650' title='bbox 1025 3394 1096 3450; x_wconf 83' lang='lat' dir='ltr'><strong>Fasti</strong></span> <span class='ocrx_word' id='word_1_651' title='bbox 1111 3391 1185 3447; x_wconf 90' lang='lat' dir='ltr'><strong>etde</strong></span> <span class='ocrx_word' id='word_1_652' title='bbox 1199 3388 1300 3451; x_wconf 82' lang='lat' dir='ltr'><strong>l‘roisi;</strong></span> <span class='ocrx_word' id='word_1_653' title='bbox 1316 3388 1436 3443; x_wconf 85' lang='lat' dir='ltr'><strong>Thomas</strong></span> <span class='ocrx_word' id='word_1_654' title='bbox 1451 3385 1485 3440; x_wconf 90' lang='lat' dir='ltr'><strong>de</strong></span> <span class='ocrx_word' id='word_1_655' title='bbox 1501 3383 1582 3438; x_wconf 84' lang='lat' dir='ltr'><strong>blarla</strong></span> <span class='ocrx_word' id='word_1_656' title='bbox 1596 3381 1681 3437; x_wconf 89' lang='lat' dir='ltr'><strong>altare</strong></span> <span class='ocrx_word' id='word_1_657' title='bbox 1696 3379 1731 3435; x_wconf 90' lang='lat' dir='ltr'><strong>de</strong></span> <span class='ocrx_word' id='word_1_658' title='bbox 1746 3378 1822 3435; x_wconf 83' lang='lat' dir='ltr'><strong>Frei-</strong></span> 
     </span>
     <span class='ocr_line' id='line_1_92' title="bbox 1025 3468 1818 3544; baseline -0.02 -7"><span class='ocrx_word' id='word_1_659' title='bbox 1025 3490 1110 3538; x_wconf 91' lang='lat' dir='ltr'><strong>mont.</strong></span> <span class='ocrx_word' id='word_1_660' title='bbox 1136 3481 1200 3535; x_wconf 81' lang='lat' dir='ltr'><strong>Haec</strong></span> <span class='ocrx_word' id='word_1_661' title='bbox 1214 3477 1264 3533; x_wconf 89' lang='lat' dir='ltr'><strong>tria</strong></span> <span class='ocrx_word' id='word_1_662' title='bbox 1278 3477 1410 3532; x_wconf 87' lang='lat' dir='ltr'><strong>babemus</strong></span> <span class='ocrx_word' id='word_1_663' title='bbox 1424 3475 1450 3529; x_wconf 90' lang='grc'><strong>10</strong></span> <span class='ocrx_word' id='word_1_664' title='bbox 1463 3472 1618 3544; x_wconf 86' lang='lat' dir='ltr'><strong>episcopatu</strong></span> <span class='ocrx_word' id='word_1_665' title='bbox 1634 3468 1818 3526; x_wconf 82' lang='lat' dir='ltr'><strong>Lauduuensi.</strong></span> 
     </span>
     <span class='ocr_line' id='line_1_93' title="bbox 1025 3556 1823 3641; baseline -0.016 -15"><span class='ocrx_word' id='word_1_666' title='bbox 1025 3574 1055 3627; x_wconf 93' lang='lat' dir='ltr'><strong>ln</strong></span> <span class='ocrx_word' id='word_1_667' title='bbox 1071 3571 1228 3641; x_wconf 88' lang='lat' dir='ltr'><strong>episcopatu</strong></span> <span class='ocrx_word' id='word_1_668' title='bbox 1242 3564 1432 3623; x_wconf 79' lang='lat' dir='ltr'><strong>cameracensi</strong></span> <span class='ocrx_word' id='word_1_669' title='bbox 1449 3565 1524 3628; x_wconf 79' lang='lat' dir='ltr'><strong>lraec;</strong></span> <span class='ocrx_word' id='word_1_670' title='bbox 1540 3560 1675 3624; x_wconf 68' lang='lat' dir='ltr'><strong>tilbertus,</strong></span> <span class='ocrx_word' id='word_1_671' title='bbox 1687 3557 1773 3613; x_wconf 89' lang='lat' dir='ltr'><strong>altare</strong></span> <span class='ocrx_word' id='word_1_672' title='bbox 1788 3556 1823 3613; x_wconf 84' lang='lat' dir='ltr'><strong>de</strong></span> 
     </span>
     <span class='ocr_line' id='line_1_94' title="bbox 1026 3646 1823 3722; baseline -0.018 -6"><span class='ocrx_word' id='word_1_673' title='bbox 1026 3661 1121 3722; x_wconf 86' lang='lat' dir='ltr'><strong>Sirau;</strong></span> <span class='ocrx_word' id='word_1_674' title='bbox 1136 3657 1274 3712; x_wconf 87' lang='lat' dir='ltr'><strong>Werrirus</strong></span> <span class='ocrx_word' id='word_1_675' title='bbox 1294 3655 1422 3717; x_wconf 88' lang='lat' dir='ltr'><strong>decanus,</strong></span> <span class='ocrx_word' id='word_1_676' title='bbox 1447 3650 1588 3707; x_wconf 85' lang='lat' dir='ltr'><strong>alterode</strong></span> <span class='ocrx_word' id='word_1_677' title='bbox 1612 3648 1715 3704; x_wconf 89' lang='lat' dir='ltr'><strong>Galren</strong></span> <span class='ocrx_word' id='word_1_678' title='bbox 1738 3654 1763 3700; x_wconf 93' lang='lat' dir='ltr'><strong>et</strong></span> <span class='ocrx_word' id='word_1_679' title='bbox 1788 3646 1823 3702; x_wconf 89' lang='grc'><strong>10</strong></span> 
     </span>
     <span class='ocr_line' id='line_1_95' title="bbox 1026 3734 1822 3819; baseline -0.015 -16"><span class='ocrx_word' id='word_1_680' title='bbox 1026 3749 1142 3819; x_wconf 73' lang='grc' dir='ltr'><strong>00001ος</strong></span> <span class='ocrx_word' id='word_1_681' title='bbox 1159 3747 1286 3808; x_wconf 83' lang='lat' dir='ltr'><strong>Ubaldus,</strong></span> <span class='ocrx_word' id='word_1_682' title='bbox 1302 3744 1386 3798; x_wconf 88' lang='lat' dir='ltr'><strong>altare</strong></span> <span class='ocrx_word' id='word_1_683' title='bbox 1401 3742 1434 3796; x_wconf 92' lang='lat' dir='ltr'><strong>de</strong></span> <span class='ocrx_word' id='word_1_684' title='bbox 1451 3737 1611 3800; x_wconf 85' lang='lat' dir='ltr'><strong>llacbeniis;</strong></span> <span class='ocrx_word' id='word_1_685' title='bbox 1631 3736 1748 3792; x_wconf 90' lang='lat' dir='ltr'><strong>domnus</strong></span> <span class='ocrx_word' id='word_1_686' title='bbox 1761 3734 1822 3791; x_wconf 92' lang='grc'><strong>010</strong></span> 
     </span>
     <span class='ocr_line' id='line_1_96' title="bbox 1026 3825 1822 3911; baseline -0.019 -18"><span class='ocrx_word' id='word_1_687' title='bbox 1026 3839 1129 3911; x_wconf 89' lang='lat' dir='ltr'><strong>primus</strong></span> <span class='ocrx_word' id='word_1_688' title='bbox 1137 3836 1223 3891; x_wconf 93' lang='lat' dir='ltr'><strong>abbas</strong></span> <span class='ocrx_word' id='word_1_689' title='bbox 1231 3834 1313 3904; x_wconf 80' lang='lat' dir='ltr'><strong>liujus</strong></span> <span class='ocrx_word' id='word_1_690' title='bbox 1324 3832 1385 3898; x_wconf 89' lang='lat' dir='ltr'><strong>loci,</strong></span> <span class='ocrx_word' id='word_1_691' title='bbox 1396 3847 1457 3887; x_wconf 85' lang='lat' dir='ltr'><strong>eum</strong></span> <span class='ocrx_word' id='word_1_692' title='bbox 1472 3830 1559 3886; x_wconf 85' lang='lat' dir='ltr'><strong>iaetus</strong></span> <span class='ocrx_word' id='word_1_693' title='bbox 1569 3828 1665 3884; x_wconf 89' lang='lat' dir='ltr'><strong>luisset</strong></span> <span class='ocrx_word' id='word_1_694' title='bbox 1678 3825 1822 3895; x_wconf 88' lang='lat' dir='ltr'><strong>episcopus</strong></span> 
     </span>
     <span class='ocr_line' id='line_1_97' title="bbox 1026 3911 1822 3991; baseline -0.019 -7"><span class='ocrx_word' id='word_1_695' title='bbox 1026 3924 1240 3991; x_wconf 84' lang='lat' dir='ltr'><strong>Cameracensis,</strong></span> <span class='ocrx_word' id='word_1_696' title='bbox 1256 3923 1340 3979; x_wconf 89' lang='lat' dir='ltr'><strong>altare</strong></span> <span class='ocrx_word' id='word_1_697' title='bbox 1362 3922 1397 3976; x_wconf 91' lang='lat' dir='ltr'><strong>de</strong></span> <span class='ocrx_word' id='word_1_698' title='bbox 1415 3919 1517 3985; x_wconf 87' lang='lat' dir='ltr'><strong>blalda;</strong></span> <span class='ocrx_word' id='word_1_699' title='bbox 1543 3917 1603 3974; x_wconf 88' lang='lat' dir='ltr'><strong>Ode</strong></span> <span class='ocrx_word' id='word_1_700' title='bbox 1626 3911 1822 3988; x_wconf 82' lang='lat' dir='ltr'><strong>presbyterale</strong></span> 
     </span>
     <span class='ocr_line' id='line_1_98' title="bbox 1024 4002 1822 4083; baseline -0.02 -10"><span class='ocrx_word' id='word_1_701' title='bbox 1024 4016 1141 4083; x_wconf 86' lang='lat' dir='ltr'><strong>Bouniis,</strong></span> <span class='ocrx_word' id='word_1_702' title='bbox 1158 4014 1252 4069; x_wconf 89' lang='lat' dir='ltr'><strong>altaria</strong></span> <span class='ocrx_word' id='word_1_703' title='bbox 1263 4013 1297 4067; x_wconf 88' lang='lat' dir='ltr'><strong>dc</strong></span> <span class='ocrx_word' id='word_1_704' title='bbox 1308 4009 1412 4068; x_wconf 86' lang='grc'><strong>0011010</strong></span> <span class='ocrx_word' id='word_1_705' title='bbox 1427 4018 1454 4062; x_wconf 89' lang='lat' dir='ltr'><strong>et</strong></span> <span class='ocrx_word' id='word_1_706' title='bbox 1468 4007 1501 4063; x_wconf 92' lang='lat' dir='ltr'><strong>de</strong></span> <span class='ocrx_word' id='word_1_707' title='bbox 1518 4005 1672 4079; x_wconf 72' lang='lat' dir='ltr'><strong>papengain</strong></span> <span class='ocrx_word' id='word_1_708' title='bbox 1689 4019 1697 4073; x_wconf 89' lang='grc'><strong>;</strong></span> <span class='ocrx_word' id='word_1_709' title='bbox 1712 4002 1822 4059; x_wconf 87' lang='lat' dir='ltr'><strong>Walte-</strong></span> 
     </span>
     <span class='ocr_line' id='line_1_99' title="bbox 1024 4094 1821 4167; baseline -0.02 -6"><span class='ocrx_word' id='word_1_710' title='bbox 1024 4121 1070 4161; x_wconf 86' lang='lat' dir='ltr'><strong>rus</strong></span> <span class='ocrx_word' id='word_1_711' title='bbox 1097 4105 1217 4160; x_wconf 86' lang='grc'><strong>1000000</strong></span> <span class='ocrx_word' id='word_1_712' title='bbox 1243 4100 1438 4163; x_wconf 76' lang='lat' dir='ltr'><strong>lamacensis,</strong></span> <span class='ocrx_word' id='word_1_713' title='bbox 1469 4096 1518 4167; x_wconf 85' lang='lat' dir='ltr'><strong>qui</strong></span> <span class='ocrx_word' id='word_1_714' title='bbox 1551 4104 1645 4167; x_wconf 88' lang='lat' dir='ltr'><strong>postea</strong></span> <span class='ocrx_word' id='word_1_715' title='bbox 1676 4094 1821 4164; x_wconf 87' lang='lat' dir='ltr'><strong>episcopua</strong></span> 
     </span>
     <span class='ocr_line' id='line_1_100' title="bbox 1025 4183 1822 4255; baseline -0.016 -7"><span class='ocrx_word' id='word_1_716' title='bbox 1025 4194 1085 4255; x_wconf 85' lang='lat' dir='ltr'><strong>luit,</strong></span> <span class='ocrx_word' id='word_1_717' title='bbox 1101 4193 1185 4247; x_wconf 90' lang='lat' dir='ltr'><strong>attare</strong></span> <span class='ocrx_word' id='word_1_718' title='bbox 1200 4191 1234 4246; x_wconf 87' lang='grc'><strong>(10</strong></span> <span class='ocrx_word' id='word_1_719' title='bbox 1249 4190 1321 4245; x_wconf 88' lang='lat' dir='ltr'><strong>Vais.</strong></span> <span class='ocrx_word' id='word_1_720' title='bbox 1342 4186 1489 4243; x_wconf 75' lang='lat' dir='ltr'><strong>letbaldus</strong></span> <span class='ocrx_word' id='word_1_721' title='bbox 1521 4183 1718 4240; x_wconf 86' lang='lat' dir='ltr'><strong>Rotbnacensis</strong></span> <span class='ocrx_word' id='word_1_722' title='bbox 1747 4196 1822 4253; x_wconf 78' lang='lat' dir='ltr'><strong>praa·</strong></span> 
     </span>
     <span class='ocr_line' id='line_1_101' title="bbox 1024 4269 1819 4354; baseline -0.019 -16"><span class='ocrx_word' id='word_1_723' title='bbox 1024 4281 1138 4354; x_wconf 86' lang='lat' dir='ltr'><strong>pesitus,</strong></span> <span class='ocrx_word' id='word_1_724' title='bbox 1171 4286 1249 4351; x_wconf 91' lang='lat' dir='ltr'><strong>pater</strong></span> <span class='ocrx_word' id='word_1_725' title='bbox 1275 4276 1380 4335; x_wconf 84' lang='grc'><strong>1101011</strong></span> <span class='ocrx_word' id='word_1_726' title='bbox 1400 4272 1606 4332; x_wconf 87' lang='lat' dir='ltr'><strong>Cameracensis</strong></span> <span class='ocrx_word' id='word_1_727' title='bbox 1624 4269 1819 4338; x_wconf 65' lang='lat' dir='ltr'><strong>archidiaconi,¹</strong></span> 
     </span>
     <span class='ocr_line' id='line_1_102' title="bbox 1024 4358 1822 4427; baseline -0.015 -1"><span class='ocrx_word' id='word_1_728' title='bbox 1024 4371 1060 4426; x_wconf 97' lang='grc'><strong>01</strong></span> <span class='ocrx_word' id='word_1_729' title='bbox 1090 4368 1296 4427; x_wconf 76' lang='lat' dir='ltr'><strong>conversionem</strong></span> <span class='ocrx_word' id='word_1_730' title='bbox 1329 4365 1441 4421; x_wconf 77' lang='lat' dir='ltr'><strong>veniens</strong></span> <span class='ocrx_word' id='word_1_731' title='bbox 1468 4362 1541 4419; x_wconf 86' lang='lat' dir='ltr'><strong>dedit</strong></span> <span class='ocrx_word' id='word_1_732' title='bbox 1570 4362 1648 4418; x_wconf 85' lang='lat' dir='ltr'><strong>nobis</strong></span> <span class='ocrx_word' id='word_1_733' title='bbox 1675 4361 1760 4416; x_wconf 85' lang='lat' dir='ltr'><strong>altare</strong></span> <span class='ocrx_word' id='word_1_734' title='bbox 1788 4358 1822 4414; x_wconf 86' lang='lat' dir='ltr'><strong>da</strong></span> 
     </span>
    </p>
   </div>
   <div class='ocr_carea' id='block_1_15' title="bbox 983 4443 1823 4522">
    <p class='ocr_par' dir='ltr' id='par_1_15' title="bbox 983 4443 1823 4522">
     <span class='ocr_line' id='line_1_103' title="bbox 983 4443 1823 4522; baseline -0.012 -14"><span class='ocrx_word' id='word_1_735' title='bbox 983 4444 1012 4508; x_wconf 91' lang='lat' dir='ltr'>D</span> <span class='ocrx_word' id='word_1_736' title='bbox 1029 4454 1201 4521; x_wconf 78' lang='lat' dir='ltr'><strong>Floresbeeb,</strong></span> <span class='ocrx_word' id='word_1_737' title='bbox 1212 4452 1246 4508; x_wconf 92' lang='lat' dir='ltr'><strong>de</strong></span> <span class='ocrx_word' id='word_1_738' title='bbox 1261 4449 1419 4522; x_wconf 81' lang='lat' dir='ltr'><strong>Ormegniis</strong></span> <span class='ocrx_word' id='word_1_739' title='bbox 1433 4456 1458 4504; x_wconf 92' lang='lat' dir='ltr'><strong>et</strong></span> <span class='ocrx_word' id='word_1_740' title='bbox 1473 4448 1508 4504; x_wconf 90' lang='lat' dir='ltr'><strong>de</strong></span> <span class='ocrx_word' id='word_1_741' title='bbox 1523 4447 1624 4503; x_wconf 89' lang='lat' dir='ltr'><strong>Balluel</strong></span> <span class='ocrx_word' id='word_1_742' title='bbox 1637 4455 1665 4502; x_wconf 92' lang='lat' dir='ltr'><strong>et</strong></span> <span class='ocrx_word' id='word_1_743' title='bbox 1678 4446 1712 4502; x_wconf 92' lang='lat' dir='ltr'><strong>de</strong></span> <span class='ocrx_word' id='word_1_744' title='bbox 1723 4443 1823 4501; x_wconf 84' lang='lat' dir='ltr'><strong>Lierda</strong></span> 
     </span>
    </p>
   </div>
   <div class='ocr_carea' id='block_1_16' title="bbox 1024 4534 1824 4704">
    <p class='ocr_par' dir='ltr' id='par_1_16' title="bbox 1024 4534 1824 4704">
     <span class='ocr_line' id='line_1_104' title="bbox 1024 4534 1824 4610; baseline -0.016 -9"><span class='ocrx_word' id='word_1_745' title='bbox 1024 4543 1188 4606; x_wconf 79' lang='lat' dir='ltr'><strong>S.b1artini,</strong></span> <span class='ocrx_word' id='word_1_746' title='bbox 1205 4541 1238 4595; x_wconf 90' lang='lat' dir='ltr'><strong>ad</strong></span> <span class='ocrx_word' id='word_1_747' title='bbox 1254 4539 1325 4610; x_wconf 87' lang='lat' dir='ltr'><strong>quod</strong></span> <span class='ocrx_word' id='word_1_748' title='bbox 1341 4540 1424 4594; x_wconf 90' lang='lat' dir='ltr'><strong>altare</strong></span> <span class='ocrx_word' id='word_1_749' title='bbox 1437 4536 1593 4608; x_wconf 86' lang='lat' dir='ltr'><strong>pertinebat</strong></span> <span class='ocrx_word' id='word_1_750' title='bbox 1607 4534 1731 4608; x_wconf 78' lang='lat' dir='ltr'><strong>quaedam</strong></span> <span class='ocrx_word' id='word_1_751' title='bbox 1750 4542 1824 4589; x_wconf 87' lang='lat' dir='ltr'><strong>terra</strong></span> 
     </span>
     <span class='ocr_line' id='line_1_105' title="bbox 1024 4624 1823 4704; baseline -0.014 -15"><span class='ocrx_word' id='word_1_752' title='bbox 1024 4648 1106 4704; x_wconf 87' lang='lat' dir='ltr'><strong>super</strong></span> <span class='ocrx_word' id='word_1_753' title='bbox 1119 4633 1236 4686; x_wconf 82' lang='lat' dir='ltr'><strong>Terram</strong></span> <span class='ocrx_word' id='word_1_754' title='bbox 1250 4628 1372 4690; x_wconf 88' lang='lat' dir='ltr'><strong>lluvium,</strong></span> <span class='ocrx_word' id='word_1_755' title='bbox 1389 4626 1435 4681; x_wconf 91' lang='lat' dir='ltr'><strong>ubi</strong></span> <span class='ocrx_word' id='word_1_756' title='bbox 1452 4625 1582 4696; x_wconf 84' lang='lat' dir='ltr'><strong>praeiatus</strong></span> <span class='ocrx_word' id='word_1_757' title='bbox 1598 4624 1728 4681; x_wconf 85' lang='lat' dir='ltr'><strong>Radullus</strong></span> <span class='ocrx_word' id='word_1_758' title='bbox 1752 4639 1823 4693; x_wconf 80' lang='lat' dir='ltr'><strong>pree·</strong></span> 
     </span>
    </p>
   </div>
   <div class='ocr_carea' id='block_1_17' title="bbox 1023 4713 1822 4797">
    <p class='ocr_par' dir='ltr' id='par_1_17' title="bbox 1023 4713 1822 4797">
     <span class='ocr_line' id='line_1_106' title="bbox 1023 4713 1822 4797; baseline -0.014 -19"><span class='ocrx_word' id='word_1_759' title='bbox 1023 4723 1131 4797; x_wconf 83' lang='lat' dir='ltr'><strong>positus</strong></span> <span class='ocrx_word' id='word_1_760' title='bbox 1154 4718 1298 4775; x_wconf 83' lang='lat' dir='ltr'><strong>aedilicavit</strong></span> <span class='ocrx_word' id='word_1_761' title='bbox 1312 4716 1502 4772; x_wconf 88' lang='lat' dir='ltr'><strong>duodecimam</strong></span> <span class='ocrx_word' id='word_1_762' title='bbox 1516 4723 1630 4782; x_wconf 77' lang='grc'><strong>0001001,</strong></span> <span class='ocrx_word' id='word_1_763' title='bbox 1647 4722 1674 4770; x_wconf 87' lang='grc'><strong>01</strong></span> <span class='ocrx_word' id='word_1_764' title='bbox 1687 4713 1822 4783; x_wconf 90' lang='lat' dir='ltr'><strong>optimum</strong></span> 
     </span>
    </p>
   </div>
   <div class='ocr_carea' id='block_1_18' title="bbox 1025 4803 1824 5150">
    <p class='ocr_par' dir='ltr' id='par_1_18' title="bbox 1025 4803 1824 5150">
     <span class='ocr_line' id='line_1_107' title="bbox 1026 4803 1823 4867; baseline -0.011 0"><span class='ocrx_word' id='word_1_765' title='bbox 1026 4809 1216 4867; x_wconf 90' lang='lat' dir='ltr'><strong>molendinum</strong></span> <span class='ocrx_word' id='word_1_766' title='bbox 1230 4806 1392 4863; x_wconf 89' lang='lat' dir='ltr'><strong>construxit.</strong></span> <span class='ocrx_word' id='word_1_767' title='bbox 1409 4804 1517 4861; x_wconf 87' lang='lat' dir='ltr'><strong>Deinde</strong></span> <span class='ocrx_word' id='word_1_768' title='bbox 1531 4803 1678 4860; x_wconf 85' lang='lat' dir='ltr'><strong>tlascelino</strong></span> <span class='ocrx_word' id='word_1_769' title='bbox 1688 4803 1823 4859; x_wconf 80' lang='lat' dir='ltr'><strong>Lntnsen-</strong></span> 
     </span>
     <span class='ocr_line' id='line_1_108' title="bbox 1025 4891 1824 4966; baseline -0.009 -12"><span class='ocrx_word' id='word_1_770' title='bbox 1025 4901 1064 4955; x_wconf 85' lang='lat' dir='ltr'><strong>sis</strong></span> <span class='ocrx_word' id='word_1_771' title='bbox 1077 4898 1208 4954; x_wconf 79' lang='lat' dir='ltr'><strong>llecleaiae</strong></span> <span class='ocrx_word' id='word_1_772' title='bbox 1223 4896 1370 4966; x_wconf 79' lang='lat' dir='ltr'><strong>praeposito</strong></span> <span class='ocrx_word' id='word_1_773' title='bbox 1385 4908 1445 4950; x_wconf 90' lang='lat' dir='ltr'><strong>curn</strong></span> <span class='ocrx_word' id='word_1_774' title='bbox 1456 4908 1541 4950; x_wconf 82' lang='lat' dir='ltr'><strong>uxore</strong></span> <span class='ocrx_word' id='word_1_775' title='bbox 1554 4909 1602 4949; x_wconf 89' lang='grc'><strong>000</strong></span> <span class='ocrx_word' id='word_1_776' title='bbox 1615 4891 1785 4958; x_wconf 80' lang='grc'><strong>1101000010,</strong></span> <span class='ocrx_word' id='word_1_777' title='bbox 1795 4898 1824 4948; x_wconf 84' lang='lat' dir='ltr'><strong>et</strong></span> 
     </span>
     <span class='ocr_line' id='line_1_109' title="bbox 1025 4982 1824 5048; baseline -0.008 -5"><span class='ocrx_word' id='word_1_778' title='bbox 1025 4986 1083 5044; x_wconf 86' lang='lat' dir='ltr'><strong>filio</strong></span> <span class='ocrx_word' id='word_1_779' title='bbox 1097 5001 1145 5043; x_wconf 91' lang='lat' dir='ltr'><strong>suo</strong></span> <span class='ocrx_word' id='word_1_780' title='bbox 1160 4983 1316 5042; x_wconf 82' lang='lat' dir='ltr'><strong>Alexandro</strong></span> <span class='ocrx_word' id='word_1_781' title='bbox 1330 4983 1366 5040; x_wconf 90' lang='lat' dir='ltr'><strong>ad</strong></span> <span class='ocrx_word' id='word_1_782' title='bbox 1384 4987 1595 5041; x_wconf 84' lang='lat' dir='ltr'><strong>courerslonem</strong></span> <span class='ocrx_word' id='word_1_783' title='bbox 1621 4982 1758 5048; x_wconf 86' lang='lat' dir='ltr'><strong>veniente,</strong></span> <span class='ocrx_word' id='word_1_784' title='bbox 1774 4996 1824 5037; x_wconf 93' lang='lat' dir='ltr'><strong>no·</strong></span> 
     </span>
     <span class='ocr_line' id='line_1_110' title="bbox 1026 5070 1823 5150; baseline -0.01 -18"><span class='ocrx_word' id='word_1_785' title='bbox 1026 5078 1123 5150; x_wconf 87' lang='lat' dir='ltr'><strong>bisque</strong></span> <span class='ocrx_word' id='word_1_786' title='bbox 1136 5076 1192 5131; x_wconf 92' lang='lat' dir='ltr'><strong>duo</strong></span> <span class='ocrx_word' id='word_1_787' title='bbox 1205 5074 1314 5138; x_wconf 87' lang='lat' dir='ltr'><strong>altaria,</strong></span> <span class='ocrx_word' id='word_1_788' title='bbox 1329 5072 1435 5130; x_wconf 89' lang='lat' dir='ltr'><strong>seilicet</strong></span> <span class='ocrx_word' id='word_1_789' title='bbox 1450 5071 1485 5128; x_wconf 92' lang='lat' dir='ltr'><strong>de</strong></span> <span class='ocrx_word' id='word_1_790' title='bbox 1499 5071 1627 5128; x_wconf 81' lang='lat' dir='ltr'><strong>boveniis</strong></span> <span class='ocrx_word' id='word_1_791' title='bbox 1646 5078 1672 5127; x_wconf 93' lang='lat' dir='ltr'><strong>et</strong></span> <span class='ocrx_word' id='word_1_792' title='bbox 1690 5070 1726 5127; x_wconf 89' lang='lat' dir='ltr'><strong>de</strong></span> <span class='ocrx_word' id='word_1_793' title='bbox 1740 5070 1823 5126; x_wconf 82' lang='lat' dir='ltr'><strong>liran-</strong></span> 
     </span>
    </p>
   </div>
   <div class='ocr_carea' id='block_1_19' title="bbox 1027 5164 1826 5436">
    <p class='ocr_par' dir='ltr' id='par_1_19' title="bbox 1027 5164 1826 5436">
     <span class='ocr_line' id='line_1_111' title="bbox 1027 5164 1825 5244; baseline -0.01 -14"><span class='ocrx_word' id='word_1_794' title='bbox 1027 5174 1109 5230; x_wconf 86' lang='lat' dir='ltr'><strong>teniis</strong></span> <span class='ocrx_word' id='word_1_795' title='bbox 1124 5173 1215 5235; x_wconf 81' lang='lat' dir='ltr'><strong>dante,</strong></span> <span class='ocrx_word' id='word_1_796' title='bbox 1230 5170 1363 5244; x_wconf 82' lang='lat' dir='ltr'><strong>praetatus</strong></span> <span class='ocrx_word' id='word_1_797' title='bbox 1376 5168 1507 5225; x_wconf 85' lang='lat' dir='ltr'><strong>ltadultus</strong></span> <span class='ocrx_word' id='word_1_798' title='bbox 1520 5169 1550 5225; x_wconf 90' lang='lat' dir='ltr'><strong>in</strong></span> <span class='ocrx_word' id='word_1_799' title='bbox 1564 5167 1663 5225; x_wconf 87' lang='lat' dir='ltr'><strong>iisdem</strong></span> <span class='ocrx_word' id='word_1_800' title='bbox 1685 5164 1825 5241; x_wconf 83' lang='lat' dir='ltr'><strong>parochiis</strong></span> 
     </span>
     <span class='ocr_line' id='line_1_112' title="bbox 1028 5263 1826 5340; baseline -0.011 -12"><span class='ocrx_word' id='word_1_801' title='bbox 1028 5278 1081 5328; x_wconf 89' lang='lat' dir='ltr'><strong>tres</strong></span> <span class='ocrx_word' id='word_1_802' title='bbox 1098 5268 1165 5326; x_wconf 84' lang='lat' dir='ltr'><strong>alias</strong></span> <span class='ocrx_word' id='word_1_803' title='bbox 1178 5277 1266 5326; x_wconf 88' lang='lat' dir='ltr'><strong>curtes</strong></span> <span class='ocrx_word' id='word_1_804' title='bbox 1280 5266 1487 5340; x_wconf 88' lang='lat' dir='ltr'><strong>superaddidit,</strong></span> <span class='ocrx_word' id='word_1_805' title='bbox 1504 5266 1597 5339; x_wconf 85' lang='lat' dir='ltr'><strong>sicque</strong></span> <span class='ocrx_word' id='word_1_806' title='bbox 1612 5265 1735 5339; x_wconf 88' lang='lat' dir='ltr'><strong>quintum</strong></span> <span class='ocrx_word' id='word_1_807' title='bbox 1748 5263 1826 5320; x_wconf 89' lang='lat' dir='ltr'><strong>deci·</strong></span> 
     </span>
     <span class='ocr_line' id='line_1_113' title="bbox 1028 5360 1826 5436; baseline -0.008 -11"><span class='ocrx_word' id='word_1_808' title='bbox 1028 5385 1102 5425; x_wconf 91' lang='lat' dir='ltr'><strong>mum</strong></span> <span class='ocrx_word' id='word_1_809' title='bbox 1118 5383 1261 5424; x_wconf 86' lang='lat' dir='ltr'><strong>numerum</strong></span> <span class='ocrx_word' id='word_1_810' title='bbox 1276 5366 1425 5435; x_wconf 85' lang='lat' dir='ltr'><strong>complevit</strong></span> <span class='ocrx_word' id='word_1_811' title='bbox 1441 5383 1447 5421; x_wconf 94' lang='lat'><strong>:</strong></span> <span class='ocrx_word' id='word_1_812' title='bbox 1464 5367 1578 5423; x_wconf 85' lang='lat' dir='ltr'><strong>sextam</strong></span> <span class='ocrx_word' id='word_1_813' title='bbox 1595 5364 1732 5421; x_wconf 87' lang='lat' dir='ltr'><strong>decimam</strong></span> <span class='ocrx_word' id='word_1_814' title='bbox 1752 5360 1826 5436; x_wconf 83' lang='lat' dir='ltr'><strong>apud</strong></span> 
     </span>
    </p>
   </div>
   <div class='ocr_carea' id='block_1_20' title="bbox 179 5464 1828 5640">
    <p class='ocr_par' dir='ltr' id='par_1_20' title="bbox 179 5464 1828 5640">
     <span class='ocr_line' id='line_1_114' title="bbox 179 5464 1826 5547; baseline -0.001 -20"><span class='ocrx_word' id='word_1_815' title='bbox 179 5479 208 5527; x_wconf 84' lang='lat' dir='ltr'><strong>ex</strong></span> <span class='ocrx_word' id='word_1_816' title='bbox 230 5480 291 5545; x_wconf 75' lang='lat' dir='ltr'><strong>poa</strong></span> <span class='ocrx_word' id='word_1_817' title='bbox 315 5488 416 5545; x_wconf 79' lang='lat' dir='ltr'><strong>pauens</strong></span> <span class='ocrx_word' id='word_1_818' title='bbox 439 5474 498 5530; x_wconf 83' lang='lat' dir='ltr'><strong>ates</strong></span> <span class='ocrx_word' id='word_1_819' title='bbox 520 5473 621 5531; x_wconf 77' lang='lat' dir='ltr'><strong>deltam</strong></span> <span class='ocrx_word' id='word_1_820' title='bbox 644 5474 815 5530; x_wconf 81' lang='lat' dir='ltr'><strong>morientem.</strong></span> <span class='ocrx_word' id='word_1_821' title='bbox 832 5476 976 5547; x_wconf 75' lang='lat' dir='ltr'><strong>tantisque</strong></span> <span class='ocrx_word' id='word_1_822' title='bbox 1031 5467 1131 5536; x_wconf 79' lang='lat' dir='ltr'><strong>veson,</strong></span> <span class='ocrx_word' id='word_1_823' title='bbox 1145 5464 1280 5523; x_wconf 76' lang='lat' dir='ltr'><strong>amimam</strong></span> <span class='ocrx_word' id='word_1_824' title='bbox 1299 5465 1443 5537; x_wconf 75' lang='lat' dir='ltr'><strong>septimam</strong></span> <span class='ocrx_word' id='word_1_825' title='bbox 1467 5464 1540 5537; x_wconf 81' lang='lat' dir='ltr'><strong>apua</strong></span> <span class='ocrx_word' id='word_1_826' title='bbox 1564 5464 1826 5534; x_wconf 70' lang='lat' dir='ltr'><strong>dubitandarum</strong></span> 
     </span>
     <span class='ocr_line' id='line_1_115' title="bbox 180 5560 1828 5640; baseline 0.001 -22"><span class='ocrx_word' id='word_1_827' title='bbox 180 5560 331 5620; x_wconf 84' lang='lat' dir='ltr'><strong>Turnacum</strong></span> <span class='ocrx_word' id='word_1_828' title='bbox 355 5562 508 5636; x_wconf 85' lang='lat' dir='ltr'><strong>deportato,</strong></span> <span class='ocrx_word' id='word_1_829' title='bbox 529 5572 556 5621; x_wconf 88' lang='lat' dir='ltr'><strong>et</strong></span> <span class='ocrx_word' id='word_1_830' title='bbox 579 5563 607 5619; x_wconf 92' lang='lat' dir='ltr'><strong>in</strong></span> <span class='ocrx_word' id='word_1_831' title='bbox 630 5564 747 5622; x_wconf 86' lang='lat' dir='ltr'><strong>ecclesia</strong></span> <span class='ocrx_word' id='word_1_832' title='bbox 760 5564 868 5622; x_wconf 79' lang='lat' dir='ltr'><strong>Sancta</strong></span> <span class='ocrx_word' id='word_1_833' title='bbox 883 5564 977 5622; x_wconf 72' lang='lat' dir='ltr'><strong>llario</strong></span> <span class='ocrx_word' id='word_1_834' title='bbox 1029 5564 1164 5624; x_wconf 85' lang='lat' dir='ltr'><strong>decimam</strong></span> <span class='ocrx_word' id='word_1_835' title='bbox 1179 5565 1252 5640; x_wconf 85' lang='lat' dir='ltr'><strong>apud</strong></span> <span class='ocrx_word' id='word_1_836' title='bbox 1264 5564 1389 5635; x_wconf 71' lang='lat' dir='ltr'><strong>toreliis,</strong></span> <span class='ocrx_word' id='word_1_837' title='bbox 1406 5580 1506 5624; x_wconf 81' lang='lat' dir='ltr'><strong>nonant</strong></span> <span class='ocrx_word' id='word_1_838' title='bbox 1523 5562 1656 5622; x_wconf 83' lang='lat' dir='ltr'><strong>dedmam</strong></span> <span class='ocrx_word' id='word_1_839' title='bbox 1675 5561 1748 5639; x_wconf 86' lang='lat' dir='ltr'><strong>apud</strong></span> <span class='ocrx_word' id='word_1_840' title='bbox 1762 5562 1828 5620; x_wconf 78' lang='lat' dir='ltr'><strong>Fro-</strong></span> 
     </span>
    </p>
   </div>
   <div class='ocr_carea' id='block_1_21' title="bbox 0 0 1872 6000">
    <p class='ocr_par' dir='ltr' id='par_1_21' title="bbox 0 0 1872 6000">
     <span class='ocr_line' id='line_1_116' title="bbox 0 0 1872 6000; baseline 0 0"><span class='ocrx_word' id='word_1_841' title='bbox 0 0 1872 6000; x_wconf 95' lang='lat' dir='ltr'><strong> </strong></span> 
     </span>
    </p>
   </div>
  </div>
 </body>
</html>
