3728 6000
120 155 172 211 ttt

619 148 806 217 actitatur
824 161 969 220 teneris
986 163 1013 219 s.
1034 162 1250 225 insonanter

1721 167 1773 221 172

159 295 225 363 0¹¹oe
238 302 282 353 μ)
294 300 352 353 rna
367 313 428 372 qm„
441 300 569 357 agemussi
581 301 711 358 deamata
729 308 741 358 ,r
759 304 782 373 (r
792 303 834 374 Π)
848 302 919 374 Quia
933 288 960 347 Α
974 304 1064 360 nepae
1078 290 1214 358 altitudo,
1230 305 1319 363 aequa
1332 291 1516 362 profundam,
1532 305 1621 362 aeque
1637 293 1773 347 creatura

121 391 215 440 sancta
242 385 364 442 Ecclesia
396 387 534 444 coelestem
563 390 647 444 vitam
673 390 834 447 naturaliter
866 407 919 447 non

118 471 211 540 habet,
245 475 294 529 sed
332 476 541 545 superveniente
576 478 687 549 Spiritu,
718 477 919 551 pulchritudine

118 558 256 616 donorum
268 564 451 635 componitur,
462 580 516 621 non
532 566 604 631 albe,
622 567 671 623 sed
683 567 918 640 dealbata,sponsi

117 662 186 705 voce
200 659 379 708 memoratur.
395 654 471 709 Unde
486 655 568 709 etiam
594 672 655 711 eum
681 656 798 712 liaeretici
823 658 849 711 in
865 658 917 713 Ec-

116 735 199 793 alesia
225 739 411 811 superbientes
438 741 655 814 increparentur.
685 743 781 800 lidelcs
817 744 918 816 quique

16 844 21 859 τ
114 825 248 882 veraciter
272 828 398 895 humiles,
429 830 552 887 tincturae
574 832 764 888 mundissimae
785 833 917 889 nominati

115 922 186 980 suut,
199 931 263 970 cunr
279 931 296 971 a
310 917 454 974 beatoiob
469 919 568 976 dicitur
584 939 590 975 ε
607 922 663 977 llec
679 923 813 977 tinctura
827 939 915 978 marr·

4 1002 9 1013 '
114 1002 239 1059 dissime
252 1011 458 1078 componentur·
476 1009 542 1076 (loli.
560 1008 672 1079 xxviii).
692 1010 825 1066 Tincturve
838 1028 915 1067 murr-

113 1090 235 1146 dissinrre
259 1102 389 1150 vocantur
413 1095 441 1149 hi
455 1097 499 1166 qui
515 1098 648 1154 veraciter
670 1107 733 1153 sunt
758 1099 873 1156 humiles
889 1108 916 1155 et

111 1179 245 1236 veraciter
260 1183 358 1249 seneli,
376 1184 420 1254 qui
435 1185 523 1240 sciunt
538 1185 648 1256 quidem
663 1187 727 1259 quia
751 1205 785 1242 ex
810 1199 913 1244 semet-

111 1267 180 1338 ipsis
194 1268 323 1325 virtutum
349 1273 471 1342 speciem
498 1289 552 1329 nou
578 1274 691 1345 habent,
721 1277 768 1332 scd
797 1279 865 1332 hanc
881 1294 914 1333 ex

109 1354 183 1413 dono
211 1359 308 1429 gratiae
337 1361 553 1432 supervenientis
582 1370 697 1431 teneut;
735 1365 810 1421 tincti
840 1366 912 1421 enim

107 1459 165 1498 non
181 1454 282 1511 essent,
307 1449 331 1502 si
361 1449 530 1505 sanctitatem
559 1451 715 1507 naturaliter
743 1452 910 1509 habuissent.

106 1532 162 1588 Sed
178 1535 361 1591 mundissimae.
376 1537 502 1594 tincturae
526 1547 598 1607 suut,
614 1540 678 1610 quie
699 1541 836 1597 humiliter
859 1557 910 1598 cu-

974 378 1034 433 alr'a
1047 379 1149 448 peterit
1165 395 1215 434 nor
1234 395 1366 448 separare
1381 397 1399 434 a
1413 378 1556 435 charitate
1576 381 1633 444 Dei,
1653 394 1714 450 que
1728 385 1772 434 eal

973 467 1005 521 im
1022 467 1133 522 Christo
1147 467 1212 522 lesa
1229 470 1346 524 Domino
1362 471 1457 523 nestro
1472 470 1564 537 (Rem.
1584 469 1653 536 vttr).

1009 555 1094 611 Vana.
1103 557 1132 612 8.
1144 586 1179 598 -
1188 556 1271 613 Soror·
1280 558 1375 613 nostra
1385 557 1504 628 paruula
1512 560 1599 627 estet
1610 557 1696 612 abaco
1713 572 1771 613 aaa

973 642 1067 701 habet.
1087 644 1607 717 (til)Sicutuuiuscujusquehominis,
1623 646 1770 701 sicsanctae

972 731 1100 789 Ecclesiae
1110 743 1175 790 aetas
1189 734 1360 790 describitur.
1376 733 1490 789 Parvula
1504 735 1604 805 quippe
1619 740 1683 790 tunc
1698 743 1768 800 eret,

970 836 1032 877 curn
1060 838 1077 877 a
1105 823 1246 880 nativitate
1273 838 1371 878 recens
1399 823 1511 878 verbum
1535 822 1686 894 predicere
1713 839 1769 878 non

969 919 1097 982 poterat;
1127 913 1191 984 quia
1218 913 1349 967 nimirum
1378 912 1533 982 priusquam
1562 912 1705 982 proliceret
1720 928 1769 982 per

969 999 1136 1056 incrementa
1151 1001 1268 1066 virtutis,
1284 998 1399 1054 intirmis
1420 999 1583 1072 quibusdem
1598 1000 1767 1056 auditoribus

967 1088 1089 1160 prebere
1104 1106 1157 1146 non
1175 1091 1261 1160 potuit
1275 1089 1358 1144 ubera
1369 1087 1581 1159 predicationis.
1598 1088 1767 1145 hdultavero

967 1177 1093 1233 Ecclesia
1107 1179 1213 1245 elicitur,
1230 1177 1340 1249 quando
1351 1177 1439 1232 verbo
1454 1177 1504 1232 Dei
1514 1176 1651 1247 copulata,
1664 1177 1766 1248 Spiritu

967 1274 1060 1321 saneto
1074 1264 1185 1336 repleta,
1197 1282 1244 1336 per
1259 1265 1459 1336 predicationis
1473 1266 1635 1335 mysterium
1649 1265 1677 1319 in
1692 1266 1766 1321 illio·

966 1370 1025 1408 mm
1040 1355 1217 1426 conceptione
1232 1357 1339 1421 letatur,
1356 1362 1383 1409 et
1404 1370 1471 1424 quos
1486 1354 1653 1410 exhortando
1670 1363 1764 1425 partu-

965 1444 1007 1508 rit,
1023 1443 1207 1498 eouverteudo
1222 1444 1303 1514 parit.

1001 1531 1084 1586 Vens.
1098 1532 1141 1586 ta.
1154 1562 1188 1571 -
1200 1534 1266 1601 Quas
1281 1531 1391 1586 habitas
1402 1533 1432 1586 ia
1448 1530 1640 1599 hor·tis,omici
1652 1534 1765 1589 cascal-

106 1621 224 1677 stodiunt
238 1625 477 1695 supervenientem
506 1627 535 1681 in
562 1644 593 1683 se
623 1630 753 1684 virtutum
781 1631 907 1703 gratiam,
923 1619 1765 1699 Bbrat:saemeaadtreaocemtrram.(l22)Ecclesiaquippe

106 1724 189 1780 quarn
204 1721 378 1782 acceperuut.
403 1714 537 1771 Tirrcturoe
560 1717 745 1774 mundissimae
760 1727 832 1775 recte
857 1735 909 1775 uo-

105 1797 251 1866 minantur,
269 1800 295 1854 hi
311 1801 357 1871 qui
378 1802 456 1875 prius
478 1820 527 1873 per
551 1820 635 1876 prave
658 1820 744 1878 opera
761 1807 828 1863 toedi
850 1807 908 1864 lue·

103 1892 176 1952 rant,
208 1889 414 1958 superveniente
440 1899 534 1948 temen
562 1892 672 1965 Spiritu,
702 1893 790 1950 nitore
813 1896 908 1968 gratim

103 1973 263 2041 vestiuntur,
280 1984 309 2032 ut
317 1977 401 2050 longe
410 1978 484 2035 eliud
494 1990 645 2052 appareant
657 1997 808 2052 essequam
820 1994 906 2043 eraut.

104 2060 182 2118 Unde
197 2065 278 2119 etiarn
301 2064 448 2136 baptisma,
477 2068 504 2123 id
532 2077 573 2123 est
600 2070 705 2139 tinctio,
734 2070 832 2126 dicitur
849 2073 908 2142 ipsa

101 2157 196 2205 nostre
210 2151 237 2206 in
253 2168 352 2224 aquam
368 2154 520 2211 descensio.
536 2157 681 2228 Tingimur
694 2159 805 2229 quippe,
821 2169 847 2214 et
861 2163 906 2233 qui

102 2237 179 2308 prius
193 2239 319 2297 indecori
337 2258 447 2298 eremus
462 2243 637 2301 deformitate
644 2245 779 2312 vitiorum,
796 2258 907 2320 accepta

100 2324 157 2382 tide
175 2328 314 2385 reddimur
341 2331 449 2403 pulchri
468 2332 555 2403 gratia
581 2341 609 2389 et
636 2343 795 2391 ornamento
819 2335 906 2392 virtu-

103 2419 173 2468 tum.

139 2502 225 2558 Varis.
242 2508 268 2558 e.
284 2535 318 2544 -
331 2508 406 2563 Perre
421 2525 465 2564 me
490 2513 522 2564 ut
545 2510 728 2582 ripaacalam
751 2529 838 2584 saper
857 2531 905 2570 cor

103 2592 905 2671 turmali8)SoletScripturasacraprotideappellaresi·

102 2679 259 2749 graculum,
269 2697 332 2735 nam
346 2680 419 2737 lilius
431 2684 525 2754 junior
538 2687 594 2756 qui,
605 2697 765 2761 consumpta
778 2690 904 2746 substau-

103 2765 187 2834 tia,ad
199 2775 303 2838 patrem
312 2770 402 2837 rediit,
413 2772 441 2827 in
450 2789 562 2830 munere
573 2776 701 2832 annulum
712 2778 903 2851 accepittien·

101 2853 158 2909 tilis
185 2856 258 2911 euim
286 2858 403 2928 populus
431 2861 487 2932 qui,
509 2862 716 2921 immortalitate
734 2867 850 2938 perdita,
866 2869 902 2923 ad

28 2982 31 2987 .
97 2940 186 2997 Deum
197 2945 353 3014 poeuitendo
363 2949 515 3015 revertitur,
527 2967 577 3022 per
587 2951 649 3007 lidei
658 2953 827 3025 signaculum
839 2972 901 3011 mu·

99 3029 185 3087 nitur.
205 3033 313 3090 ldcirco
328 3045 420 3092 autem
434 3038 605 3111 signaculum
621 3043 704 3096 rebus
723 3045 843 3112 ponitur,
868 3062 902 3101 ne

100 3134 154 3190 qua
164 3119 349 3192 diripientium
365 3129 578 3200 presumptione
591 3136 764 3187 temerentur.
781 3134 903 3203 Sponsus

100 3222 167 3281 ergo
183 3210 227 3281 qui
243 3210 289 3267 lric
313 3212 444 3270 Ecclesia
468 3216 595 3289 loquitur,
616 3218 644 3272 in
663 3234 710 3274 cor
730 3219 901 3291 signaculum

99 3297 186 3367 ponit,
204 3301 312 3367 quaudo
328 3301 391 3357 lidei
406 3303 467 3372 ejus
482 3307 642 3377 mysterium
659 3307 825 3365 incustoditi
847 3327 902 3365 no-

98 3392 162 3441 stroe
177 3387 352 3458 cogitationis
371 3391 543 3463 imprimitur,
559 3404 588 3449 ut
600 3395 646 3451 ille
666 3395 783 3452 infidelis
796 3414 901 3466 servus,

11 3526 14 3531 ,
98 3472 230 3530 nimirum
247 3485 338 3533 noster
353 3480 540 3550 adversarius,
554 3499 618 3539 curu
635 3485 741 3557 signate
754 3485 807 3541 fide
822 3488 903 3541 corda

98 3563 265 3631 considerat,
282 3567 412 3624 tentando
432 3585 466 3624 ee
480 3572 631 3643 irrumpere
658 3588 714 3629 nou
739 3583 897 3644 praesumet.

135 3649 204 3705 lain.
212 3682 247 3692 -
259 3655 350 3710 Fortis
361 3660 403 3711 eet
414 3660 531 3714 atmorr
542 3659 669 3715 ditectio.
679 3663 752 3731 (tte)
765 3663 903 3718 Fortitudo

101 3736 238 3795 charitatis
262 3755 326 3795 vera
347 3751 447 3800 sanctae
466 3743 595 3801 Ecclesiae
622 3762 690 3803 voce
715 3749 849 3822 laudatur,
875 3759 902 3806 ct

100 3823 193 3881 virtuti
221 3826 316 3884 mortis
343 3829 452 3886 dilectio
474 3842 656 3904 comparatur,
686 3838 750 3907 quie
778 3838 904 3895 videlicet

99 3911 170 3970 siem
184 3929 260 3969 mors
270 3931 368 3988 corpus
382 3918 524 3986 interimit,
534 3923 574 3978 sic
588 3923 624 3979 ab
639 3939 732 3980 amore
743 3941 832 3981 rerum
843 3943 902 3983 cor·

97 4000 246 4071 puralium,
267 4011 325 4060 eta
343 4005 488 4063 dilectione
504 4011 598 4065 mundi
612 4017 742 4079 mentem,
759 4030 840 4087 quam
860 4031 903 4070 se-

963 1708 1008 1764 cui
1023 1708 1081 1764 haec
1095 1708 1186 1780 sponsi
1201 1709 1338 1778 colloquio
1351 1708 1488 1774 dicuntur,
1505 1710 1533 1763 in
1548 1709 1632 1764 bortis
1647 1710 1762 1777 habitat,

963 1813 1024 1870 quae
1039 1797 1073 1851 ad
1088 1797 1254 1853 viriditatem
1270 1797 1392 1852 intimam
1418 1797 1533 1864 exculta,
1547 1798 1683 1870 plantaria
1707 1799 1764 1854 vir·

962 1891 1049 1940 tutum
1065 1893 1170 1941 serrat.
1189 1887 1218 1940 ln
1234 1887 1318 1941 hortis
1337 1894 1378 1941 est
1392 1893 1486 1942 sancta
1502 1886 1635 1953 Ecclesia,
1650 1887 1678 1941 iu
1694 1889 1762 1942 hor-

961 1974 998 2027 tis
1012 1989 1182 2047 unaquaque
1208 1975 1300 2030 anima
1322 1975 1435 2042 habitet,
1461 1992 1523 2046 quae
1542 1976 1596 2044 jam
1622 1975 1762 2031 viriditate

961 2062 1019 2133 spei
1034 2072 1060 2118 et
1074 2063 1210 2119 bonorum
1224 2078 1336 2132 operum
1351 2063 1487 2119 lertilitete
1502 2064 1605 2135 repleta
1616 2074 1669 2119 est.
1682 2065 1759 2121 Sicca
1802 2071 1806 2083 “

961 2150 1061 2223 quippe
1074 2152 1180 2224 speeies
1193 2153 1277 2222 hujus
1295 2152 1398 2220 saeculi,
1414 2152 1476 2224 quie
1504 2153 1595 2207 omnia
1624 2170 1685 2225 quse
1716 2155 1761 2210 liic

959 2245 1095 2306 amentur,
1112 2257 1174 2295 aum
1205 2241 1374 2297 testinatione
1393 2250 1573 2296 marcescunt.
1603 2242 1636 2297 Et
1660 2244 1757 2298 Petrus

959 2329 1098 2399 apostolus
1113 2345 1164 2384 nos
1182 2330 1312 2386 festinare
1327 2330 1465 2396 admonet,
1483 2329 1599 2386 dicens:
1625 2332 1656 2386 ln
1673 2332 1757 2387 heere-

958 2417 1080 2473 ditatem
1094 2419 1340 2491 incorruptibilem
1355 2424 1383 2476 ct
1392 2421 1651 2476 incontaminatam
1667 2422 1758 2476 etim·

958 2506 1760 2580 marcescibilem(l.l‘etr.r).Quaeergojaminhortishabi·

958 2599 1005 2660 tet,
1018 2600 1135 2665 oportet,
1152 2603 1180 2650 ut
1199 2612 1327 2667 sponsum
1344 2612 1421 2651 suurn
1437 2611 1532 2651 vocem
1558 2611 1635 2651 suam
1662 2598 1758 2652 audire

958 2681 1047 2750 iaciat,
1060 2683 1087 2738 id
1104 2691 1144 2738 est
1158 2683 1185 2737 in
1199 2691 1301 2739 tanturn
1318 2685 1417 2740 bonum
1430 2684 1629 2753 praedicationis
1643 2686 1758 2752 eminet,

957 2768 984 2826 in
1000 2787 1054 2839 qua
1069 2771 1114 2826 ille
1128 2771 1276 2827 delectetur
1290 2788 1370 2843 quern
1386 2773 1536 2827 desiderat.
1557 2772 1645 2837 Quam
1662 2773 1760 2828 videli-

956 2863 1000 2915 cet
1014 2875 1107 2916 vocem
1122 2876 1238 2931 sponsus
1254 2861 1349 2916 audire
1365 2862 1510 2929 desiderat,
1529 2862 1592 2933 quia
1606 2862 1642 2916 ad
1656 2861 1758 2933 praedi-

956 2947 1088 3005 cationem
1104 2948 1165 3020 ejus
1179 2949 1387 3020 perelectorum
1407 2965 1517 3005 suorum
1533 2951 1642 3004 animas
1670 2950 1757 3005 anhe-

955 3037 1002 3092 lat.
1019 3036 1088 3105 Quia
1101 3041 1189 3094 amici
1212 3040 1391 3105 auscultant,
1408 3039 1531 3094 videlicet
1554 3053 1649 3094 omnes
1668 3038 1756 3107 electi,

957 3125 1002 3195 qui
1025 3134 1054 3180 ut
1081 3126 1115 3181 ed
1143 3126 1281 3182 caelestem
1311 3128 1425 3198 patriam
1452 3127 1628 3193 reviviscant,
1645 3127 1756 3182 verbum

957 3213 1019 3270 vita
1034 3215 1068 3269 ab
1083 3230 1125 3282 ea,
1144 3216 1257 3271 verbum
1271 3216 1473 3285 praedicationis
1487 3216 1559 3271 illius
1573 3216 1668 3271 audire
1683 3216 1757 3270 desi-

956 3302 1059 3358 derant.
1075 3301 1205 3375 Quisquis
1220 3304 1302 3376 igitur
1316 3305 1344 3358 in
1367 3314 1459 3359 sancta
1489 3305 1611 3360 Ecclesia
1641 3305 1757 3359 videndo

957 3391 1108 3463 spiritualia
1121 3391 1239 3462 probeit,
1255 3401 1361 3463 oportet
1387 3402 1415 3447 ut
1438 3394 1497 3449 haec
1520 3393 1655 3463 loquendo
1675 3394 1756 3447 etiem

956 3479 1016 3533 aliis
1030 3480 1167 3551 propinet.
1188 3483 1267 3537 Videt
1281 3482 1380 3552 quippe
1396 3490 1423 3536 ut
1442 3482 1581 3536 annuntiet
1605 3482 1650 3552 qui
1674 3482 1703 3535 in
1728 3498 1757 3537 sc

955 3566 1062 3638 proficit
1079 3583 1086 3636 3
1101 3570 1185 3623 etiarn
1201 3570 1373 3640 praedicando
1388 3570 1422 3624 de
1438 3569 1559 3640 proiectu
1575 3570 1691 3640 proximi
1706 3586 1756 3625 cu-

955 3671 1012 3711 ram
1027 3657 1105 3727 gerit.
1124 3658 1202 3713 Unde
1216 3665 1243 3711 et
1256 3658 1321 3712 alibi
1336 3658 1468 3730 scripturn
1489 3666 1530 3713 est
1545 3675 1552 3711 τ
1583 3660 1635 3727 Qui
1662 3660 1754 3726 audit,

955 3745 1056 3800 dmat:
1078 3746 1142 3800 Veni
1153 3746 1245 3816 (Apes.
1262 3748 1344 3818 xxii).
1361 3747 1410 3802 Cui
1425 3747 1497 3801 euim
1509 3746 1566 3815 jam
1582 3761 1636 3802 ror
1651 3762 1754 3803 vocan-

955 3832 988 3886 tis
1002 3832 1051 3887 Dei
1066 3831 1180 3888 allicitur
1195 3833 1222 3887 in
1238 3835 1330 3901 corde,
1347 3851 1460 3891 necesse
1475 3844 1517 3890 est
1531 3842 1560 3890 ut
1573 3835 1697 3906 pmximo
1707 3852 1755 3906 per

955 3920 1155 3992 predicationis
1174 3921 1293 3977 odicium
1309 3932 1433 3995 erumpat
1456 3923 1482 3977 in
1506 3940 1583 3989 voce,
1608 3923 1754 3980 etidcirco

955 4009 1036 4064 aliurn
1052 4018 1141 4076 vocet,
1158 4011 1288 4083 quiajam
1307 4012 1365 4083 ipse
1380 4021 1490 4066 vocatus
1505 4021 1556 4066 est.

98 4087 494 4161 metenpertt,aetsrnevtrae
514 4099 767 4157 ebaritaslunditus
785 4103 897 4160 occidit.
953 4151 955 4154 Α
992 4108 1167 4162 l'ans.tl.-
1178 4109 1752 4182 Fape,dileaterrrifapetltl)Fugitnos,

98 4175 169 4232 Nam
191 4195 272 4251 quern
296 4183 417 4253 perlecta
436 4187 618 4254 absorbuerit,
639 4190 674 4244 ed
702 4198 810 4247 terrena
839 4192 904 4248 loris
953 4196 1078 4260 dicimus,
1095 4196 1201 4267 quoties
1215 4199 1297 4252 menti
1313 4207 1411 4252 nostrae
1427 4197 1453 4251 in
1469 4214 1523 4268 quo
1546 4199 1684 4255 reminisci
1701 4217 1751 4256 vo-

100 4263 238 4323 deeideria
265 4271 339 4325 velut
361 4272 549 4331 insensibilem
575 4277 673 4345 reddit,
698 4287 725 4334 et
747 4288 820 4335 tanto
841 4281 903 4336 buia
956 4286 1059 4351 lumns,
1076 4301 1129 4341 non
1144 4287 1279 4347 occurrit;
1306 4287 1373 4359 {ugit
1388 4302 1446 4351 nos,
1463 4288 1588 4352 dicimus,
1603 4289 1711 4358 quando
1726 4290 1752 4343 id

99 4353 244 4411 violentius
259 4358 285 4413 ivr
302 4361 488 4417 auctoritatem
503 4365 591 4436 erigit.
607 4376 709 4437 quanto
732 4376 758 4422 et
782 4369 897 4424 irrsensi-
913 4352 940 4411 Ῑ)
954 4374 1027 4446 quod
1043 4375 1180 4440 volumus,
1197 4376 1328 4429 memoria
1346 4392 1400 4431 non
1417 4385 1550 4431 tenemus.
1572 4377 1669 4433 Sancta
1684 4394 1751 4449 ergo

97 4442 179 4499 bilem
195 4455 291 4502 contra
306 4456 424 4505 terrores
438 4453 537 4507 reddit.
553 4455 627 4524 (lib)
642 4455 770 4528 Quisquis
785 4459 859 4512 enim
871 4460 899 4513 in

98 4530 161 4588 solo
184 4536 344 4592 aeternitatis
360 4538 496 4597 desiderio
517 4540 617 4615 figitur,
645 4560 698 4601 nec
721 4547 899 4618 prosperitate

100 4620 242 4692 attollitur,
264 4641 315 4680 nec
342 4625 513 4686 adversitate
540 4640 710 4702 qrrassatur3
739 4635 802 4689 dum
829 4636 897 4691 nihil

5 4770 9 4777 ¹
100 4707 222 4765 hebetia
243 4714 345 4771 mundo
370 4717 442 4786 quod
461 4727 583 4790 appetat,
599 4721 667 4775 nihil
681 4731 722 4777 est
745 4724 779 4778 de
796 4725 897 4779 mundo

98 4797 172 4867 quod
186 4801 368 4869 pertimescat.
393 4806 441 4860 An
457 4822 511 4862 non
526 4808 623 4863 Paulus
638 4810 702 4883 igue
717 4811 797 4881 hujus
825 4812 896 4867 dila-

95 4883 194 4941 ctiunis
208 4889 328 4958 ardebat,
344 4894 390 4962 qui
404 4893 529 4950 dicebat:
549 4898 647 4953 certas
661 4916 724 4954 sam
739 4902 816 4955 anim
830 4902 895 4972 quia

95 4983 895 5061 aequamen,aequavita,aeqaecapeli,neqaepriactpa-

96 5063 152 5129 tas,
161 5079 250 5135 nepae
259 5067 415 5138 instantia,
425 5088 514 5145 aeque
524 5076 635 5145 setara,
647 5092 735 5146 nepae
743 5080 893 5147 fortitudo,

127 5241 202 5309 (117)
217 5243 277 5297 Lib.
295 5261 361 5300 xvnr
376 5246 487 5318 Marah,
503 5265 567 5320 eep.
586 5253 632 5317 itt,
649 5251 677 5305 in
693 5252 756 5310 liae.

128 5312 201 5378 (118)
218 5313 275 5367 Lib.
293 5318 483 5384 intullerat„
499 5336 560 5389 cap.
578 5324 605 5376 t.

125 5382 200 5449 (119)
215 5383 273 5437 Lib.
290 5402 306 5438 x
322 5387 429 5451 iterat..
446 5404 496 5461 esp
512 5393 555 5457 tt,
577 5394 604 5448 in
620 5391 684 5451 line.

126 5451 200 5522 (120)
216 5454 364 5529 Aliquanto
378 5467 467 5516 antea.

953 4464 1074 4519 Ecclesia
1087 4471 1232 4534 postquam
1247 4473 1360 4520 mortem
1384 4480 1415 4520 ac
1440 4467 1662 4521 resurrectionem
1691 4468 1750 4522 Do-

952 4552 1017 4606 mini
1032 4553 1278 4625 ascensionemque
1292 4553 1447 4624 descripsit,
1469 4555 1568 4610 elamat
1587 4556 1611 4609 ei
1627 4557 1749 4625 proplie-

951 4640 1005 4695 tieo
1020 4641 1101 4710 plena
1115 4642 1231 4712 spiritu:
1259 4645 1341 4714 Fape,
1367 4644 1469 4698 dilecte
1492 4646 1543 4709 eni,
1568 4649 1645 4715 rape.
1672 4648 1708 4697 tte
1729 4645 1750 4698 si

951 4729 1135 4786 diceret2Tu
1150 4732 1195 4803 qui
1223 4748 1256 4785 ex
1284 4747 1366 4786 cerne
1395 4732 1651 4801 comprehensibilis
1666 4731 1750 4787 laetias

951 4831 990 4880 es,
1013 4832 1047 4870 er
1071 4815 1209 4873 divinitate
1233 4827 1278 4873 tua
1307 4819 1512 4891 intelligentiam
1538 4822 1623 4875 nostri
1651 4837 1750 4877 sensus

951 4904 1062 4962 excede.
1079 4913 1103 4957 et
1120 4906 1146 4959 in
1162 4907 1248 4977 teipso
1262 4908 1345 4963 nobis
1369 4909 1655 4979 incomprehensibilis
1681 4928 1748 4980 per·-

950 4994 1208 5061 mane.(t2t)Unde
1217 4998 1519 5067 recteperPsalmistam
1531 4999 1643 5053 dieitur.-
1653 4999 1747 5070 Culiqa

948 5082 1119 5154 subpeditare
1129 5086 1199 5154 ejas,
1209 5090 1237 5140 et
1248 5086 1378 5141 aseendit
1389 5104 1473 5157 sarrcr
1481 5089 1623 5144 alternatim
1634 5094 1662 5143 et
1675 5091 1748 5145 eola-

983 5262 1058 5331 (tat)
1074 5261 1132 5314 tib.
1148 5279 1192 5315 xix
1208 5263 1315 5329 lieret,
1332 5278 1394 5333 cap.
1411 5267 1436 5318 il.

982 5333 1055 5399 (tat)
1072 5332 1225 5399 Pastoralis,
1243 5342 1317 5402 parte
1334 5351 1370 5400 ru,
1388 5336 1500 5389 iniuria.
1523 5342 1567 5392 ιθ.

982 5402 1057 5467 (tear
1072 5402 1130 5456 tib.
1148 5406 1333 5467 miratorii..
1351 5420 1414 5474 erp.
1439 5410 1478 5463 15,

983 5471 1056 5544 (121)
1072 5474 1184 5544 lbidem,
1201 5474 1340 5548 aliquanto
1353 5487 1444 5532 autea.
