3728 6000
73 242 131 301 rat

625 216 672 274 DE
687 204 930 271 steatomata.
945 234 981 245 -
994 196 1188 258 Phaetho.

1673 189 1726 245 7³8

75 365 202 440 penitius
213 357 365 432 intelligere
380 347 510 409 volueris.
530 343 609 416 Quod
630 342 654 399 si
675 356 712 397 ex
731 336 822 409 algeri
843 331 962 389 lectione
982 328 1101 383 fructum
1121 322 1240 394 aliquem
1260 315 1426 390 perceperis,
1449 313 1477 368 id
1497 310 1577 367 nobis
1590 311 1725 366 mercedis

76 457 141 513 loco
154 452 216 518 erit,
226 448 274 520 qui
287 447 341 502 boc
353 441 472 498 maxime
491 434 689 496 desideramus,
705 435 735 483 ut
750 425 795 481 hic
809 423 844 478 de
859 434 975 491 corpore
998 414 1099 472 Christi
1123 427 1186 468 vero
1209 408 1314 465 libellus
1329 407 1356 461 iu
1384 400 1589 460 aedificationem
1604 399 1726 470 corporis

77 541 181 602 Christi
195 534 304 610 mystici
321 531 410 590 cadat.
427 529 522 584 Esstet
553 521 634 580 etiam
661 527 789 588 unquam
811 519 915 566 tessera
938 503 1041 562 amoris
1064 518 1117 573 quo
1141 498 1305 555 universitas
1328 501 1420 550 nestra
1439 488 1569 548 catholiea
1593 487 1678 544 lectur
1698 486 1727 542 in

78 627 250 690 adeundum
273 626 498 684 sacramentum
521 611 608 682 sitque
629 606 733 681 pariter
753 599 889 674 quoddam
909 593 993 653 veluti
1014 597 1219 648 monumentum
1240 584 1332 644 devoti
1355 582 1414 653 ejus
1434 580 1462 635 in
1482 576 1636 635 Ecclesiam
1656 575 1727 632 Leo·

77 722 205 781 diensem
218 713 312 772 animi.

117 806 279 867 Scribebsm
292 796 406 858 Lorsuii
422 794 467 853 die
481 792 551 850 testo
566 788 616 847 SS.
632 783 708 842 tuda
722 788 749 839 et
763 775 883 837 Simonis
894 773 973 830 tato.

1322 834 1349 888 l.
1368 832 1397 888 B.
1415 831 1527 885 usion.

91 924 1715 990 “fs——

320 1061 405 1166 ha
445 1048 700 1160 theuso
737 1032 1040 1147 VETERUM
1078 1019 1486 1133 TESTIMONIA.

472 1293 483 1345 l

80 1396 186 1470 Alqert
196 1387 359 1451 scholastici
371 1334 509 1456 Etoqtam,
530 1380 647 1434 sectore
663 1371 798 1435 Nicoma,
812 1364 885 1420 Leo·

211 1476 465 1539 dimicationem,
480 1471 542 1541 ejus
554 1463 658 1539 oeqsoli
675 1458 757 1531 (tb').

120 1609 242 1684 Alqerus
269 1600 430 1661 Leodiensls
457 1594 493 1651 ab
521 1593 580 1663 ipss
606 1585 720 1644 infautia
747 1589 829 1638 totum
858 1591 887 1632 se

83 1701 239 1758 litterarum
255 1692 344 1749 studio
359 1686 481 1752 tradens,
497 1681 547 1738 sub
562 1675 722 1735 clarissimis
736 1671 801 1728 viris
815 1681 887 1737 quo·

82 1804 147 1846 rum
160 1782 275 1843 scientia
288 1788 316 1837 et
330 1775 452 1834 honestis
463 1769 583 1829 moribus
600 1774 663 1822 tunc
677 1758 807 1831 temporis
821 1756 889 1810 beo·

85 1876 191 1936 diensis
208 1870 332 1947 lnlqebat
346 1863 469 1925 Ecclesia
498 1864 526 1916 et
555 1854 668 1913 Francia
694 1846 887 1910 illustrabatur,

86 1966 217 2025 nobiliter
234 1959 334 2028 floruit,
360 1956 429 2012 adeo
449 1959 479 2006 ut
501 1947 573 2003 nulla
597 1944 622 2000 ei
644 1939 803 1998 Christiane
826 1930 889 1987 fidei

88 2055 190 2130 regula
203 2051 343 2111 videretur
359 2043 509 2116 incognite,
524 2036 597 2092 nulla
616 2028 769 2087 liberalium
794 2023 890 2078 artium

88 2146 190 2204 aliena

128 2251 164 2308 Et
177 2257 206 2305 ut
220 2247 254 2303 de
268 2242 390 2300 moribus
404 2239 464 2309 ejus
477 2233 577 2308 aliquid
588 2225 726 2286 memoriae
741 2221 890 2286 tradamus,

91 2341 184 2415 primo
199 2338 228 2393 iu
241 2332 359 2392 ecclesis
379 2326 472 2385 Sancti
486 2317 677 2379 Bartholomaei
692 2309 817 2385 apostoli,
833 2321 893 2377 quae

92 2429 179 2489 estin
193 2423 322 2482 suburbio
337 2417 440 2483 leodii,
456 2416 514 2470 lteo
528 2408 667 2475 militavit,
683 2399 857 2476 professione
868 2402 894 2449 et

91 2518 187 2576 babitu
201 2512 327 2578 clericus,
349 2509 436 2580 made
464 2503 608 2567 diaconus,
636 2493 724 2551 officio
751 2483 894 2544 scholasti-

899 1248 928 1307 Α
977 1266 1027 1322 Hie
1040 1266 1131 1335 itaque
1150 1269 1211 1334 post
1232 1260 1335 1316 obitum
1367 1255 1501 1312 Frederiei
1529 1253 1659 1325 episcopi,
1674 1269 1738 1310 cum

940 1356 1022 1412 rebus
1035 1352 1195 1414 abundaret,
1212 1358 1238 1405 et
1258 1347 1336 1402 firmo
1351 1361 1466 1417 corpore
1482 1351 1508 1399 et
1522 1343 1636 1415 integris
1647 1344 1737 1398 sensi-

940 1445 991 1499 bus
1005 1441 1154 1514 plurimum
1168 1438 1280 1505 valeret,
1302 1435 1431 1492 ordinatis
1459 1433 1539 1487 rebus
1554 1433 1619 1498 suiS,
1635 1431 1737 1488 nudum

940 1532 1080 1588 Christum
1095 1528 1183 1583 nudus
1198 1541 1326 1597 sequens,
1343 1522 1483 1578 arctiorem
1507 1528 1535 1576 et
1555 1519 1617 1576 ideo
1631 1520 1738 1576 lelicio-

942 1637 1000 1677 rem
1017 1619 1097 1674 vitam
1113 1617 1164 1671 sub
1193 1614 1280 1670 saneti
1307 1610 1444 1667 Benedicti
1471 1608 1576 1680 Regula
1588 1622 1738 1681 aggressus

942 1717 984 1765 est
999 1710 1028 1763 iu
1044 1703 1212 1762 Cluniaeeusi
1226 1700 1361 1768 coenobio,
1377 1699 1424 1754 ubi
1438 1712 1509 1753 nunc
1523 1713 1609 1768 usque
1637 1712 1738 1768 super-

942 1813 1007 1854 esse
1021 1796 1127 1862 dicitur,
1143 1809 1198 1848 nou
1213 1791 1272 1846 sine
1287 1804 1388 1862 magno
1411 1794 1512 1842 sanctes
1524 1785 1740 1842 conversationis

944 1891 971 1942 et
986 1884 1117 1941 doctrinm
1132 1880 1281 1953 praeeonio,

979 1994 1053 2048 Inter
1069 1996 1165 2045 caetera
1177 1985 1279 2060 ingenii
1292 1984 1336 2040 sui
1351 1981 1529 2047 monimenta,
1556 1982 1585 2036 in
1611 1982 1741 2039 clericatu

945 2082 1033 2139 adhoc
1053 2078 1165 2150 positus,
1195 2076 1265 2130 duos
1293 2081 1419 2128 tractatus
1443 2071 1528 2127 edidit
1552 2070 1742 2127 ecclesiasticis

946 2167 1065 2242 negotiis
1074 2174 1101 2222 et
1115 2162 1256 2222 catholiea
1271 2161 1333 2216 tidei
1349 2168 1422 2216 certo
1448 2158 1527 2214 valde
1543 2157 1622 2213 utiles
1638 2175 1646 2212 ε
1671 2174 1744 2228 quo·
1845 2206 1848 2211 .

946 2274 1008 2312 rum
1023 2255 1141 2327 primum
1151 2250 1313 2306 intitulavit:
1327 2247 1567 2304 Demissricordia
1581 2248 1742 2319 etjostttie,

947 2343 1065 2401 auctoris
1078 2342 1188 2397 nornine
1203 2337 1363 2394 humilitatis
1378 2336 1469 2408 qratia
1487 2351 1645 2405 suppresso,
1663 2350 1744 2407 quem

948 2433 1036 2489 tribus
1055 2430 1149 2486 divisit
1170 2427 1332 2500 particulis:
1363 2440 1478 2497 quarum
1506 2424 1605 2494 prims,
1634 2431 1745 2495 tempe-

948 2523 1035 2579 rando
1058 2520 1194 2590 justitiam
1218 2514 1413 2580 misericordis,
1443 2511 1607 2568 sufficienter
1624 2512 1682 2585 agit
1710 2511 1745 2569 de
1797 2494 1803 2499 ⁵

91 2625 153 2666 eus.
173 2601 341 2660 Procedente
356 2609 422 2651 vere
433 2602 556 2662 tempore
569 2596 736 2651 minatorem
748 2575 891 2673 ecelesiam
907 2603 934 2662 B
949 2611 1081 2665 malorum
1096 2604 1238 2663 tolerantia
1254 2624 1260 2670 ἱ
1278 2603 1396 2659 secunda
1420 2602 1454 2656 de
1471 2600 1663 2656 ecclesiasticis
1677 2616 1745 2672 pec·

91 2695 200 2752 Sauctae
212 2689 304 2747 uaria
318 2684 466 2754 sanctique
481 2674 619 2735 Lamberti
634 2671 671 2728 ab
700 2667 815 2724 Otberto
830 2680 892 2735 epr-

90 2798 177 2856 seopo
190 2775 392 2837 honorabiliter*
405 2769 560 2832 translatus,
577 2771 603 2819 et
625 2776 642 2817 a
670 2757 804 2831 prioribus
827 2767 895 2826 qra-

93 2881 182 2929 tanter
199 2874 338 2939 acceptus,
355 2858 492 2931 usquead
517 2854 620 2911 obitum
643 2848 729 2905 lelicis
757 2842 896 2898 memoriae

93 2957 232 3019 Frederioi
246 2951 377 3027 episcopi,
401 2948 480 3005 annis
509 2941 604 3016 viginti
632 2953 681 3011 pro
708 2929 898 2990 ecclesiasticis

94 3045 262 3124 negotiand
277 3042 400 3099 diversas
428 3047 560 3109 personas
589 3037 616 3084 et
643 3023 773 3083 ecclesias
799 3019 897 3074 multas

95 3139 220 3212 insigues
247 3128 411 3199 conscripsit
452 3121 590 3196 epistolas,
620 3131 681 3188 quae
709 3128 727 3168 s
759 3108 897 3181 plerisque

97 3239 206 3285 summo
219 3216 414 3280 conservantur
441 3222 466 3270 et
482 3211 607 3283 leguntur
622 3203 720 3260 studio.

132 3354 169 3409 Et
182 3346 313 3423 quomam
333 3343 357 3400 ei
372 3337 485 3397 inomni
500 3335 614 3391 vitasus
628 3343 710 3385 aurea
725 3321 900 3381 mediocritas

98 3437 240 3501 hurbem
263 3433 376 3498 exstitit,
402 3428 430 3484 in
454 3422 606 3497 appetenda
630 3417 786 3474 divitiarum
811 3408 901 3466 extol·

102 3530 188 3587 lentis
200 3539 314 3598 prorsus
330 3520 365 3577 sb
380 3517 454 3575 omni
470 3511 618 3571 ambitione
647 3507 754 3562 alienus
766 3498 900 3572 apparuit.

99 3620 173 3677 Nam
189 3630 251 3674 cum
267 3629 283 3669 a
297 3607 437 3667 nonnullis
453 3600 588 3674 episcopis
604 3595 730 3652 Sesouiae
758 3607 805 3646 seu
830 3588 902 3643 Ger·

101 3705 205 3765 maniae
222 3704 258 3760 ob
276 3699 417 3774 egregiam
445 3702 500 3749 tam
515 3691 542 3745 iu
570 3683 739 3760 philosophis
767 3694 849 3751 quam
875 3676 904 3730 iu

102 3796 187 3854 sacris
200 3787 408 3848 litterisiamam
432 3785 613 3853 expeteretur,
640 3781 666 3829 et
690 3768 808 3840 copiosis
836 3780 904 3837 pos-

948 2698 1084 2756 catoribus
1108 2704 1135 2751 et
1161 2710 1256 2750 eorum
1290 2691 1420 2748 canonica
1449 2690 1640 2752 correctione;
1670 2690 1747 2746 tertis

949 2803 1015 2844 vero
1030 2786 1064 2840 de
1079 2784 1120 2839 his
1140 2782 1185 2856 qui
1200 2791 1277 2838 extra
1293 2781 1443 2836 Ecclesiam
1458 2784 1532 2842 snut,
1548 2786 1684 2834 eteorum
1699 2794 1747 2834 sa·

949 2876 1047 2947 crilega
1062 2871 1263 2928 commuuione.
1279 2870 1381 2926 Horum
1397 2876 1510 2941 quatuor
1534 2875 1600 2922 sunt
1629 2867 1747 2938 species,

952 2961 1197 3025 exeommunicati,
1227 2960 1365 3022 damnati,
1402 2956 1584 3022 schismatici,
1619 2956 1749 3014 haeretici.

952 3052 1063 3125 Prologi
1078 3051 1138 3121 ejus
1151 3050 1257 3104 initium
1265 3048 1304 3104 sic
1319 3047 1452 3103 sehabet:
1473 3046 1601 3118 Quisquis
1615 3048 1680 3115 sim,
1691 3063 1749 3103 nors

952 3143 1063 3217 pondus
1078 3142 1121 3197 ecl
1130 3143 1305 3196 momentum
1317 3136 1458 3206 temporis,
1468 3135 1539 3205 qood
1552 3136 1648 3191 tethro
1659 3135 1750 3207 lloyst,

952 3230 1125 3307 promodulo
1142 3244 1192 3285 suo
1207 3227 1336 3284 omnibtm
1350 3223 1515 3279 Catholicis.

991 3353 1083 3410 Alium
1095 3367 1161 3408 vero
1176 3350 1260 3407 edidit
1275 3356 1349 3404 tanto
1363 3346 1534 3411 nobiliorem,
1552 3353 1649 3415 quanto
1662 3344 1753 3401 subli-

955 3444 1080 3508 miorem,
1096 3448 1191 3512 utpote
1204 3439 1238 3494 de
1253 3455 1282 3492 re
1298 3435 1410 3491 mirifice
1431 3442 1458 3490 et
1472 3435 1641 3502 necessaria,
1658 3435 1691 3489 de
1705 3450 1753 3491 ss-

958 3538 1097 3590 cramento
1111 3528 1215 3584 scilicet
1229 3525 1352 3596 corporis
1371 3532 1398 3579 et
1413 3522 1554 3595 sanguinis
1581 3522 1702 3590 Domini,
1718 3523 1755 3580 de

957 3636 1011 3694 quo
1026 3618 1095 3673 varii
1111 3632 1222 3672 errores
1237 3613 1378 3683 uariaque
1398 3610 1592 3684 proveniebant
1609 3613 1729 3668 lraereses
1745 3629 1753 3666 ι

955 3706 1151 3783 quodquidam
1165 3703 1339 3774 mysterium,
1355 3710 1384 3756 ut
1403 3701 1431 3754 in
1457 3699 1616 3772 praelatieue
1631 3700 1755 3769 ejusdem

958 3799 1052 3869 operis
1080 3794 1226 3860 invenitur,
1256 3791 1379 3863 quamvis
1410 3789 1444 3844 sit
1475 3789 1757 3860 incomprehensibile,

103 3885 259 3985 sessionltm
272 3875 425 3978 feddilibus
440 3879 467 3972 e}
481 3865 587 3939 m⁸ss⁰i⁵
608 3857 803 3918 ⁰⁰⁰¹⁸⁸i³⁵¹i⁰i⁸
818 3852 906 3927 digni'
961 3902 1015 3942 nou
1035 3893 1127 3940 tamen
1143 3880 1270 3937 fidelibus
1293 3878 1417 3934 rideatur
1431 3877 1589 3933 incredibile
1672 3879 1688 3934 d

104 3972 207 4031 ttbbus
225 3972 398 4028 luttlflrelul'·
414 3966 549 4033 liliatum
575 3967 654 4023 ‘luem
678 3946 787 4003 ‘emm
815 3944 905 3999 ¹⁰⁰¹¹m
920 3952 945 4015 G
962 3973 1203 4035 humanamtionc,
1220 3984 1281 4041 qure
1294 3967 1327 4022 ad
1342 3969 1393 4023 hoo
1407 3983 1464 4022 non
1478 3920 1605 4038 suppetit,
1615 3894 1761 4040 3ἕίρὲΞῖ

106 4057 261 4120 sublimiori
283 4053 411 4128 pratulit,
441 4049 536 4105 dicens
559 4041 628 4098 illud
655 4034 832 4095 Salomonis:
856 4032 909 4099 Qut

108 4154 189 4209 amat
203 4147 327 4214 diritius,
350 4143 479 4215 [sectum
502 4150 561 4192 non
589 4131 682 4202 capiet
699 4142 733 4182 cc
751 4125 790 4181 eis
805 4120 907 4193 (Ecclc.

108 4257 139 4309 v,
156 4240 195 4310 9).

145 4346 310 4401 Emtautem
334 4336 438 4394 subtilis
466 4330 587 4406 ingenio,
606 4323 736 4382 laeundus
750 4318 867 4386 eloquio,
883 4314 911 4370 in

118 4429 383 4502 consilioprudens,
411 4425 440 4479 in
464 4416 663 4492 dispensatione
691 4411 729 4467 rei
754 4406 912 4465 domestice

117 4523 246 4595 diligens,
257 4519 284 4574 iu
295 4513 440 4574 commisso
455 4509 552 4576 fidelis,
566 4507 592 4561 in
602 4501 739 4576 proposito
749 4495 865 4563 stabilis,
875 4496 913 4560 et,

118 4611 192 4685 quod
213 4609 256 4665 his
278 4604 403 4664 omuibus
424 4607 467 4658 est
490 4595 646 4670 pretiosius,
670 4587 861 4653 estimabatur,
888 4589 915 4638 et

118 4709 179 4760 erst
192 4707 248 4755 tam
263 4694 316 4751 lide
331 4707 413 4766 quam
427 4687 550 4745 doctriua
564 4680 727 4740 catholicus.

154 4800 303 4874 Antiquam
316 4792 478 4868 dignitatem
493 4784 622 4844 Ecclesiae
644 4778 777 4837 relatione
791 4784 819 4832 et
846 4772 915 4829 scri-

119 4891 176 4966 ptis
190 4888 326 4958 majorum
341 4883 409 4940 adeo
419 4880 566 4952 diligenter
589 4871 683 4929 habuit
710 4866 858 4940 cognitam,
885 4866 918 4915 ut

121 4996 185 5038 eam
200 4984 285 5034 totam
301 4974 334 5030 ad
349 4969 506 5028 subsidium
521 4963 662 5021 memoriae
677 4959 808 5026 scriptam
821 4958 917 5024 poste-

119 5068 195 5127 ritati
210 5063 359 5138 reliquerit,
372 5076 407 5117 ne
423 5055 606 5130 quorumdam
628 5047 790 5106 clericorum
803 5039 918 5098 seditio·

121 5167 214 5234 nibus,
230 5163 276 5236 qui
291 5160 368 5218 novis
381 5156 462 5214 rebus
476 5151 593 5218 student,
607 5143 754 5218 aliquando
767 5138 919 5196 labetacta-

122 5272 209 5333 retur,
225 5268 274 5319 sut
287 5258 394 5317 reniret
408 5255 435 5310 in
450 5252 572 5316 dubium,
584 5245 656 5320 quod
671 5248 784 5315 propter
796 5251 920 5294 commu·
976 5220 1079 5296 ingenii
1093 5232 1162 5289 opus
1175 5211 1252 5268 lauda

123 5358 328 5421 nlsconoordiae
350 5356 451 5412 bonum
467 5351 502 5409 ad
527 5344 640 5417 maioris
667 5337 792 5398 ecclesiae
816 5311 960 5407 speetstD
978 5329 1083 5379 closum
1098 5315 1177 5371 dietis
1191 5311 1266 5368 disso

123 5456 310 5535 privilegium.

964 4063 1076 4130 Christi,
1092 4069 1305 4130 sanctorumque
1326 4073 1438 4112 suorum
1463 4056 1632 4124 testimoniis,
1661 4057 1762 4129 quibus

964 4151 1087 4209 Ecclesia
1102 4150 1254 4216 roboratur,
1269 4145 1382 4201 affirmat
1397 4153 1423 4200 et
1445 4145 1550 4203 astruit.
1567 4145 1624 4201 Hoc
1638 4161 1707 4216 opus
1734 4146 1763 4201 iu

966 4251 1021 4298 tres
1036 4249 1126 4312 partes
1141 4238 1271 4292 dividitur
1285 4251 1291 4289 :
1315 4235 1401 4306 prima
1429 4235 1553 4306 expedite
1568 4234 1673 4305 egilde
1688 4235 1763 4290 vari·

967 4339 1023 4387 tate
1038 4337 1065 4385 et
1092 4328 1189 4382 virtute
1216 4325 1337 4395 corporis
1366 4322 1474 4391 Christi,
1504 4324 1646 4378 continens
1667 4321 1765 4395 viginti

969 4417 1152 4487 duocspitula
1169 4430 1176 4484 ;
1191 4413 1310 4469 secunda
1332 4411 1367 4467 de
1381 4411 1464 4483 ipsius
1490 4411 1650 4466 sacramenti
1678 4412 1764 4467 variis

969 4513 1176 4591 quaestionibus,
1192 4511 1323 4567 distincta
1336 4509 1431 4565 decem
1446 4507 1570 4579 capitulis
1582 4526 1589 4573 ;
1607 4507 1767 4581 tertiaque

970 4616 1005 4672 ad
1018 4609 1238 4684 investigandum
1257 4607 1365 4664 videtur
1390 4604 1533 4670 difficilior,
1549 4603 1601 4657 sub
1629 4612 1767 4675 quatuor·

971 4708 1061 4766 decim
1076 4704 1199 4776 capitulis
1217 4701 1273 4774 agit
1287 4701 1322 4755 de
1349 4698 1476 4755 ministris
1503 4696 1769 4755 extraecclesiasticis

972 4800 1170 4877 peccatoribus,
1185 4795 1319 4853 hereticis
1341 4792 1444 4849 seilicet
1460 4791 1504 4850 vel
1529 4792 1705 4849 schismaticis
1721 4813 1728 4860 ;
1745 4795 1770 4851 si

972 4916 1049 4968 vera,
1066 4895 1235 4960 siratasint,
1261 4907 1323 4964 quse
1350 4888 1491 4945 celebrare
1518 4889 1648 4945 videntur
1675 4908 1769 4951 sacra-

972 5006 1073 5065 menta,
1090 5011 1126 5051 an
1140 4992 1232 5063 potius
1253 4992 1386 5046 vocentur
1400 4994 1426 5042 et
1440 4985 1493 5041 sint
1517 4986 1675 5062 sacrilegia.

1010 5120 1227 5194 complectamur
1245 5114 1327 5187 igitur
1351 5124 1456 5166 summo
1484 5107 1621 5167 desiderio
1645 5114 1774 5183 preclari

1256 5210 1318 5277 bile,
1334 5207 1361 5261 in
1383 5220 1437 5279 quo
1452 5205 1519 5260 nihil
1548 5207 1683 5264 invenitur
1706 5227 1773 5268 ssu-

1268 5323 1344 5378 num,
1359 5304 1426 5361 nihil
1446 5301 1590 5360 catholica
1617 5303 1680 5364 fidei
1708 5325 1774 5368 cou-

979 5419 1105 5479 tracium.

162 5586 234 5661 (ib.)
247 5584 301 5643 Ex.
313 5578 456 5642 llnbilloa.
475 5576 571 5637 Vetere
580 5568 729 5639 Analecta,
738 5580 769 5639 p.
783 5559 848 5630 tas,
861 5553 906 5618 ed.
921 5570 967 5612 an.
985 5547 1064 5607 tres.
