3728 6000
102 218 157 285 ‚aar
602 208 793 273 Guttnntnt
813 212 958 272 rlBBATlS
978 214 1010 271 S.
1033 212 1250 273 rnnononlcr
1700 216 1754 273 508

104 341 173 399 ciem
188 341 297 399 bomini
328 358 453 414 quaerens
479 357 597 413 semper,
613 349 675 413 post
700 339 824 397 labomm
839 355 902 397 cor·
914 337 943 399 A
957 340 1099 409 Dominus,
1112 340 1254 412 bonusque
1270 336 1407 412 quidquid
1421 355 1461 406 cs,
1474 338 1575 395 bonum
1596 345 1624 395 te
1637 337 1751 406 aientes,

101 431 234 504 puralium
252 447 403 503 pressuras,
419 435 483 503 post
509 431 688 502 spiritualium
708 429 898 486 exercitiorum
953 428 1085 485 incorum
1111 428 1224 486 aflectus
1252 428 1415 496 exhibeant
1445 429 1618 495 manifestas;
1633 434 1660 483 et
1688 443 1750 483 curn

99 519 288 575 tribulationes
296 528 419 590 paratum
431 535 539 590 semper
552 535 638 590 penes
656 517 832 588 semetipsam
848 519 898 572 ba·
952 534 1061 588 semper
1075 518 1161 573 virtus
1189 519 1223 572 de
1240 526 1265 575 te
1296 526 1377 573 exuat
1391 516 1426 572 ad
1450 517 1588 572 sanandos
1602 516 1752 588 languores

100 607 148 663 bet
161 607 328 663 domicilium
346 608 453 680 quietis,
471 607 607 674 lectulum,
624 606 896 680 inquamnondum,
952 616 1073 675 nostros,
1091 607 1168 678 quasi
1195 624 1227 662 ur
1252 615 1376 663 contactu
1399 605 1442 662 rel
1457 622 1540 660 sensu
1568 604 1634 660 boni
1650 604 1688 660 tui
1703 620 1750 660 eos

100 695 204 767 proprii
217 694 325 752 scilicet
339 696 486 752 testimonii
496 696 629 766 privatum
642 697 771 769 gaudium
785 712 791 749 :
803 696 836 750 de
845 711 898 765 quo
952 693 1045 759 allicis,
1063 705 1088 749 et
1102 696 1136 750 dc
1151 694 1295 766 temetipso
1311 695 1397 750 bunos
1407 692 1555 759 eosellieis,
1571 701 1598 748 et
1611 693 1651 748 sic
1661 693 1751 749 benus

100 784 172 840 idem
186 783 245 855 ipse
260 785 361 840 Ductor
374 785 498 857 gentium
513 784 550 840 ait
566 799 572 839 :
590 806 601 835 ι
620 784 714 840 Gloria
735 793 828 840 nostru
842 785 899 840 llaec
952 783 1063 838 abonis
1076 785 1187 850 amaris,
1203 792 1230 839 et
1241 792 1268 839 tu
1283 784 1342 854 ipse
1356 800 1387 839 es
1402 798 1483 839 amor
1507 792 1568 837 tuus
1583 779 1609 837 in
1631 781 1681 850 eis,
1694 782 1751 854 ipse

101 877 151 938 est,
167 872 353 928 testimonium
381 872 555 929 conscientiae
582 881 681 928 nostrae
709 873 745 944 (ll
754 872 818 930 Ger.
836 874 865 942 r).
885 896 897 922 ι
952 870 986 926 de
1003 878 1027 926 le
1042 871 1258 929 misericorditer
1270 887 1302 927 ac
1317 871 1437 927 suaviter
1451 887 1499 927 eos
1519 869 1653 935 afficiens,
1669 878 1697 926 ct
1711 886 1752 926 re-

99 963 183 1017 Bcata
197 960 376 1017 nibilominus
402 961 577 1033 couscientia,
594 978 655 1033 quae
668 978 684 1017 a
699 962 799 1033 gaudio
826 961 897 1016 inte·
952 959 1070 1015 ctissime
1085 976 1117 1016 ac
1133 959 1285 1030 justissime
1298 975 1330 1016 ac
1345 959 1545 1033 sapientissime
1560 973 1655 1014 uorans
1670 967 1695 1014 te
1715 958 1750 1014 de

91 1049 182 1117 ,rioria
208 1050 289 1120 hujus
317 1050 469 1117 suavitatis,
486 1066 647 1121 quocunque
662 1050 695 1104 ad
716 1062 785 1122 opus
799 1065 897 1106 neces·
951 1046 1004 1103 eis.
1023 1049 1085 1103 Nun
1108 1047 1178 1103 enim
1194 1048 1313 1103 alienum
1329 1055 1398 1104 esta
1415 1057 1439 1103 te
1455 1047 1527 1120 quod
1544 1056 1569 1103 te
1598 1047 1679 1118 sapit,
1696 1063 1751 1102 neo

90 1137 196 1202 sitatis,
211 1139 247 1193 ad
273 1137 419 1209 imperium
445 1138 581 1195 charitatis
611 1138 707 1195 iecerit
732 1139 896 1211 ingressum,
951 1136 1129 1209 longinquum
1141 1136 1212 1207 quod
1229 1144 1254 1192 te
1263 1137 1347 1208 capit,
1358 1136 1379 1191 si
1389 1141 1480 1192 tamen
1491 1136 1650 1208 capitquem
1660 1135 1750 1191 nullus

100 1234 225 1298 paratum
253 1242 365 1299 semper
379 1228 442 1283 illuc
471 1227 553 1283 habet
567 1244 722 1300 regressum
739 1229 830 1298 ;qu0d
844 1245 897 1285 non
951 1224 1027 1280 locus
1049 1226 1107 1280 sirc
1122 1224 1259 1281 sensibilis
1282 1225 1341 1281 sive
1357 1224 1543 1297 intelligibilis,
1553 1225 1643 1280 nullus
1653 1240 1750 1280 sensus

101 1330 211 1388 semper
224 1315 263 1370 illi
277 1315 304 1371 in
320 1324 448 1387 promptu
462 1325 512 1382 est,
530 1316 575 1386 qui
584 1325 654 1372 totus
667 1316 816 1388 egreditur,
832 1333 898 1389 ‹puo-
951 1313 1008 1370 sire
1021 1329 1070 1385 per
1084 1313 1292 1370 instrumentum
1307 1314 1428 1385 eorporis
1443 1314 1501 1370 sive
1519 1329 1569 1385 per
1581 1312 1747 1369 intellectum

103 1405 155 1459 lies
169 1403 366 1476 egrediendum
382 1411 432 1459 est.
449 1405 515 1460 Cum
543 1404 617 1459 enim
646 1405 842 1476 egrediendum
857 1411 900 1460 est
951 1402 1152 1474 rationiseapit.
1176 1401 1341 1458 Sedamoris
1359 1401 1484 1458 dilatatus
1501 1400 1747 1470 sinus,secundnm

101 1491 247 1563 aliquando
274 1491 337 1548 lecti
369 1491 458 1547 floridi
482 1492 598 1549 delicate
622 1495 732 1548 alumno
746 1492 773 1548 in
798 1494 896 1564 aliena,
951 1491 1168 1562 magnitudinem
1184 1499 1256 1546 tuam
1273 1506 1302 1545 se
1317 1491 1476 1555 extendens,
1487 1489 1552 1546 dum
1565 1498 1640 1546 amat
1653 1497 1689 1556 te,
1706 1488 1748 1545 rel

100 1595 272 1652 nequaquam
291 1596 410 1651 unquam
434 1589 506 1637 totus
521 1582 583 1637 inde
607 1582 765 1638 alienandus
778 1591 835 1644 est;
848 1582 897 1638 sed
951 1593 1044 1634 amare
1071 1577 1179 1636 affectat
1209 1587 1323 1650 quantus
1337 1595 1378 1650 es,
1393 1577 1574 1651 incapabilem
1601 1578 1685 1650 capit,
1707 1577 1748 1633 in-

100 1667 200 1738 aliquid
216 1685 323 1739 semper
340 1669 382 1725 sni
397 1669 468 1724 intus
476 1669 689 1742 relinquendum
699 1678 747 1735 est,
761 1671 834 1741 quod
844 1671 895 1725 sibi
910 1696 937 1756 Β
950 1668 1226 1739 comprehensibilem
1250 1669 1464 1739 comprehendit.
1490 1666 1562 1736 Quid
1592 1682 1658 1724 reru
1679 1665 1749 1723 dici·

49 1798 52 1809 .
102 1773 181 1812 suum
198 1756 285 1813 lecum
310 1757 425 1813 fideliter
454 1758 665 1828 custodiat;cui
679 1759 706 1814 id
734 1760 806 1832 qued
821 1761 896 1815 exire
954 1755 1321 1828 mus;capit·?Quinpotius
1344 1756 1622 1827 amoripse‚huecst
1640 1756 1750 1829 quedtu

103 1845 283 1917 compellitur,
301 1846 362 1901 lorti
376 1863 486 1916 semper
509 1847 616 1905 vinculo
637 1849 736 1904 amoris
749 1851 898 1915 cohaereat,
954 1861 983 1900 es
995 1859 1002 1912 ;
1014 1845 1130 1916 Spiritus
1149 1853 1257 1901 sensatus
1278 1854 1375 1914 tuus,o
1390 1847 1478 1912 Pater,
1491 1846 1564 1916 quia
1579 1852 1603 1901 te
1626 1843 1751 1916 procedit

102 1950 140 1991 ne
154 1932 262 2005 longius
288 1934 406 1991 recedat.
422 1937 529 1992 Maneat
555 1952 664 2008 semper
691 1937 763 1993 intus
783 1939 900 1995 ebaritas
954 1937 981 1988 et
995 1933 1073 2000 Filio,
1089 1948 1152 1988 curn
1167 1948 1220 2004 quo
1249 1941 1278 1988 tu
1306 1941 1333 1989 et
1355 1932 1440 1988 Filius
1454 1949 1536 1989 unum
1555 1949 1598 1988 os.
1617 1931 1667 1989 Cui
1691 1948 1753 1989 curn

102 2021 234 2088 veritatis,
245 2022 327 2079 etiam
342 2039 403 2079 curn
414 2025 490 2080 exire
501 2025 639 2098 cogiteris
655 2026 745 2080 aliena
753 2027 900 2082 necessitas
954 2029 1073 2075 ureretur
1085 2020 1157 2076 allici
1165 2021 1278 2093 spiritus
1289 2021 1416 2091 nominis,
1424 2021 1537 2094 spiritus
1545 2020 1664 2093 spiritui,
1677 2027 1754 2076 aanor

102 2111 256 2180 charitatis,
266 2127 316 2169 nec
331 2121 435 2168 tantum
450 2113 596 2185 aliquande
606 2113 755 2186 praevaleat
769 2116 810 2171 ris
823 2123 900 2171 exte·
954 2110 1050 2176 amori,
1066 2125 1143 2165 amor
1158 2111 1290 2166 humanus
1314 2111 1422 2166 divinus
1445 2109 1648 2183 quodammodo
1663 2108 1753 2165 ellici·

101 2198 181 2256 rioris
195 2201 377 2268 necessitatis,
393 2210 420 2257 ut
434 2208 517 2258 totam
532 2203 678 2274 obrumpat
699 2202 811 2274 Sponsae
826 2221 899 2260 men·
954 2207 1016 2269 tur,
1033 2200 1124 2269 etjam
1140 2201 1169 2253 in
1197 2200 1315 2255 amande
1344 2200 1432 2255 Deum
1447 2199 1650 2272 homoquidam
1666 2205 1710 2254 est
1725 2198 1753 2253 in

100 2294 155 2345 tem
170 2287 294 2344 avirtute
308 2289 444 2345 interioris
457 2290 612 2345 suavitatis.
954 2303 1048 2358 opere,
1063 2289 1110 2343 sed
1124 2289 1197 2344 Deus
1211 2288 1305 2360 estqui
1320 2297 1457 2359 operatur.
1473 2289 1535 2344 Non
1549 2287 1621 2344 enim
1639 2286 1749 2353 Paulus,

141 2375 209 2431 Cum
224 2384 315 2431 autem
331 2393 392 2432 eum
418 2377 505 2449 ligura
519 2379 612 2434 niundi
628 2379 708 2450 hujus
716 2380 901 2451 pertransierit
957 2400 968 2426 «ι
982 2377 1032 2432 sed
1046 2378 1136 2448 gralia
1152 2377 1201 2433 Dei
1219 2400 1230 2425 ι
1246 2393 1338 2433 sarum
1351 2378 1383 2447 tl.
1402 2379 1462 2435 Cur.
1475 2377 1534 2445 xv).

105 2463 344 2537 emnisiniquitas,
361 2474 424 2522 tunc
446 2467 526 2523 etiarn
542 2470 727 2538 pertransierit
748 2470 836 2525 omnis
851 2471 902 2525 ista
992 2491 1003 2514 υ
1021 2467 1156 2531 Lectulus,
1174 2490 1185 2513 n
1199 2481 1278 2541 crgo,
1293 2465 1339 2530 ait,
1354 2489 1364 2514 r·
1387 2474 1477 2522 nester
1498 2465 1623 2522 floridus.
1639 2487 1650 2518 ι
1667 2464 1753 2522 Offert

100 2552 249 2608 necessitas
268 2572 274 2619 ;
301 2562 329 2609 et
345 2561 407 2610 tunc
434 2555 591 2626 conjunctio
607 2556 705 2628 Sporrsi
727 2574 759 2614 ac
787 2559 900 2631 Sponsae
955 2555 1062 2626 Sponsa
1076 2554 1149 2625 quod
1165 2555 1198 2610 ab
1213 2555 1274 2625 ipso
1289 2555 1417 2626 accipere
1430 2555 1574 2610 desiderat.
1587 2554 1694 2610 Oblatio
1703 2555 1754 2611 ista

84 2638 369 2714 plenaelperpetua
398 2642 443 2698 sret
457 2643 484 2699 in
512 2643 680 2715 plenitudine
707 2646 899 2714 similitudinis,
953 2645 1044 2699 oratio
1072 2643 1170 2699 devota
1197 2651 1251 2698 est.
1283 2642 1461 2700 Recrudescit
1480 2644 1551 2700 enirn
1576 2659 1656 2700 arnor
1678 2644 1707 2699 in
1725 2644 1753 2699 id

107 2741 170 2785 cutn
182 2745 240 2785 non
250 2730 338 2785 selum
353 2731 489 2788 ridebitur
503 2733 625 2804 Sponsus
650 2735 728 2792 sicuti
743 2745 795 2803 est,
811 2738 859 2793 sed
874 2746 901 2793 et
954 2733 1026 2804 quod
1041 2731 1213 2805 singulariter
1227 2738 1345 2786 amatum
1370 2740 1617 2796 commemorabili
1634 2732 1748 2789 deside·

104 2833 278 2890 quaecunque
289 2819 392 2890 Sponsa
408 2836 470 2876 esso
485 2823 622 2889 meruerit,
639 2824 688 2879 erit
714 2824 782 2882 sient
797 2834 823 2881 et
838 2827 901 2896 ipse
954 2823 1025 2877 rium
1041 2837 1172 2893 cingnum
1182 2821 1420 2876 commemorantis
1432 2822 1478 2893 pia
1500 2822 1587 2878 emtio
1601 2829 1653 2878 est.
1668 2821 1754 2876 Nihil·

101 2904 271 2977 cst;lietque
288 2907 412 2964 osculnm
433 2909 623 2981 plenum,cum
641 2912 899 2985 eeuloadoculum,
955 2919 1069 2982 quaest
1096 2910 1168 2965 alind
1202 2909 1425 2965 courmemuratio
1458 2910 1509 2966 ista
1541 2926 1619 2981 quam
1636 2910 1754 2966 invitans

103 2995 441 3068 amplexuad:amplerum
459 2998 537 3069 plena
552 2998 597 3054 fiet
607 3008 633 3055 et
648 3008 778 3072 perpetua
792 3003 895 3060 fruitio.
955 3000 1026 3053 intra
1041 2998 1211 3069 semetipsam
1219 2998 1357 3054 conscium
1373 3015 1450 3053 suurn
1466 3007 1561 3055 saneta
1574 2998 1752 3066 conscientia,

102 3084 179 3140 Tunc
190 3083 248 3155 jam
263 3083 335 3140 ultra
349 3102 429 3141 nemo
457 3087 591 3158 Sponsam
616 3090 764 3160 suscitabit,
782 3092 825 3147 rel
841 3095 901 3147 evi·
914 3049 939 3110 C
954 3088 1055 3144 habens
1066 3089 1122 3158 iam
1151 3087 1236 3143 flores
1250 3087 1341 3143 lectuli
1363 3087 1461 3158 lloridi,
1477 3090 1529 3144 hoc
1540 3096 1581 3144 est
1598 3094 1752 3143 sanctarum

101 3170 187 3244 pilare
203 3172 294 3241 faciet,
310 3174 397 3229 denec
408 3175 468 3246 ipsa
479 3177 559 3240 velit;
576 3176 636 3247 ipsa
653 3165 717 3234 reru
728 3196 899 3252 nequaquam
953 3176 1066 3248 gratiam
1082 3176 1220 3240 virtutum,
1237 3176 1355 3231 donante
1382 3176 1488 3249 Sponsa
1503 3177 1531 3231 in
1546 3192 1656 3232 assensn
1671 3176 1752 3233 bunae

99 3260 173 3317 volet
187 3261 267 3318 ultra.
278 3262 428 3318 interimis
444 3264 580 3335 pressuris
596 3266 674 3335 liujus
696 3268 756 3324 vitae
774 3268 801 3323 in
823 3269 900 3338 adju·
953 3264 1107 3328 voluntatis,
1123 3265 1170 3320 scd
1186 3281 1279 3320 earnm
1307 3264 1403 3321 affectu
1417 3265 1468 3321 lrni
1500 3281 1555 3322 non
1582 3266 1682 3334 salens,
1699 3264 1752 3320 nisi

99 3349 198 3406 terium
214 3349 326 3416 laboris,
343 3350 378 3405 ad
402 3351 530 3408 solatium
553 3354 696 3424 dilationis,
715 3357 796 3412 bonan
818 3359 898 3413 tuenti
951 3353 1114 3426 praeseussit
1128 3354 1249 3424 Sponsus
1263 3354 1325 3420 sibi,
1337 3354 1433 3426 etipsa
1448 3354 1475 3409 in
1489 3355 1549 3426 ipse
1565 3354 1629 3409 sibi.
1648 3353 1751 3410 Lectu-

99 3453 149 3494 sna
164 3439 316 3510 paradisus,
333 3439 899 3501 etbunaeconscicntiaeleetulnsordina·
952 3444 1006 3498 lum
1036 3458 1101 3513 crgo
1128 3443 1236 3515 ingerit,
1253 3443 1288 3498 ad
1316 3443 1447 3500 lectulum
1476 3444 1579 3513 inritat,
1594 3441 1750 3499 accubitum

97 3533 140 3582 tur
154 3526 283 3594 floridus;
302 3536 330 3583 et
345 3527 372 3583 in
388 3544 421 3584 co
435 3544 488 3585 non
504 3531 626 3586 osculum
645 3532 711 3587 illud
726 3541 856 3589 aeternum
873 3539 900 3590 ct
951 3530 1110 3601 implorans,
1127 3532 1154 3583 in
1171 3545 1238 3601 pace
1252 3530 1279 3584 in
1290 3530 1409 3600 idipsum
1420 3531 1538 3602 quictem
1553 3530 1699 3587 desiderat.
1709 3531 1750 3586 Ex

95 3616 214 3686 perlecta
229 3617 394 3686 conjunctio,
405 3619 453 3674 sed
471 3620 553 3675 osculi
565 3622 651 3691 ipsius
668 3630 696 3677 cl
722 3623 899 3692 transactionis
951 3620 1085 3674 continuae
1119 3618 1178 3687 rjus
1207 3620 1358 3688 praesentiae
1373 3619 1541 3674 illuminante
1555 3619 1642 3692 gralia
1668 3618 1749 3675 fixam

96 3701 225 3760 affectata
239 3705 362 3771 imitatio,
379 3715 405 3761 et
433 3709 634 3776 conjunctionis
651 3725 684 3765 nc
711 3710 898 3766 similitudinis
951 3708 980 3761 in
995 3709 1090 3775 Deum,
1107 3716 1134 3763 ct
1147 3708 1280 3762 stabiliter
1309 3707 1431 3763 affectam
1447 3708 1503 3765 vult
1517 3709 1619 3764 babere
1643 3725 1750 3766 merno-

99 3789 173 3847 illius
193 3792 284 3863 aliqua
306 3793 461 3851 similitudo.
474 3797 541 3851 Nam
566 3814 615 3869 per
628 3798 757 3869 Spiritum
772 3809 897 3856 sanctum
952 3797 1018 3850 riam
1033 3796 1215 3852 illuminatum
1230 3797 1264 3851 de
1278 3797 1338 3867 ipso
1355 3796 1529 3862 intellectum,
1546 3798 1751 3869 supereminen-

100 3878 207 3951 apiritni
220 3881 348 3946 bominis,
364 3891 390 3938 ct
413 3885 503 3938 sensui
520 3886 622 3941 amoris
640 3886 781 3942 illuminati
801 3889 898 3960 raptim
952 3895 1004 3941 tem
1021 3886 1048 3940 in
1061 3901 1124 3941 eum
1152 3885 1272 3941 scientiae
1301 3884 1468 3949 charitatem,
1484 3894 1510 3941 et
1524 3886 1553 3940 in
1580 3885 1677 3942 effectu
1690 3888 1750 3943 nir·

99 3968 248 4042 aliquande
263 3968 327 4025 illuc
353 3970 508 4043 attingenti,
524 3973 660 4032 dulcescit
683 3975 748 4031 illud
767 3977 898 4049 quidquid
951 3982 1036 4029 tutum
1049 3974 1205 4030 continuam
1220 3972 1362 4028 afficientis
1376 3975 1472 4044 gratiae
1485 3974 1682 4030 suauitatem·
1699 3975 1751 4030 Le-

100 4063 151 4123 eat,
167 4058 282 4127 etrapit
295 4067 444 4128 amantem,
461 4070 579 4117 amatum
594 4063 683 4134 potius
697 4081 778 4136 quarn
790 4066 898 4139 cogita·
951 4064 1037 4119 ctulus
1053 4071 1143 4118 noster
1151 4062 1274 4118 floridus.
1289 4062 1389 4117 »Siout
1405 4062 1457 4117 llos
1472 4072 1652 4119 maturescere
1667 4065 1752 4134 gestit

97 4148 166 4214 lum,
182 4153 320 4217 gustatum
335 4164 415 4219 qnam
430 4149 597 4206 intellectum
608 4168 616 4221 ;
627 4153 720 4223 sicque
736 4154 771 4209 ad
781 4162 896 4225 tempus,
950 4151 977 4206 in
993 4151 1119 4218 fructum,
1130 4152 1171 4206 sio
1181 4151 1306 4208 voluntas
1319 4150 1393 4206 bona
1407 4152 1433 4205 in
1444 4149 1580 4207 affectum.
1590 4152 1630 4207 Eo
1641 4151 1751 4224 Sponsa

98 4232 133 4289 ad
143 4234 238 4290 horam
251 4233 335 4290 anteit
362 4246 508 4304 amantem,
524 4238 583 4312 tigit
597 4241 770 4310 tendentem,
795 4250 825 4297 ut
836 4243 895 4313 jam
950 4238 1044 4308 ambit,
1059 4240 1124 4295 illuc
1146 4239 1273 4309 parturit,
1303 4240 1365 4296 illue
1391 4240 1530 4295 anxietur.
1561 4242 1660 4297 Amare
1682 4241 1749 4307 vult,

99 4323 196 4380 nonin
222 4324 347 4394 spe,scd
376 4325 452 4396 quasi
477 4327 506 4382 in
531 4329 674 4400 reipsum
701 4332 896 4400 sperandarum
949 4329 1003 4383 frui
1032 4327 1179 4394 desiderat,
1196 4345 1250 4385 non
1284 4329 1629 4397 iuuccubituvoluntatis,
1657 4329 1705 4385 sed
1722 4329 1751 4385 in

77 4460 79 4464 ,
100 4412 279 4468 substantium
289 4428 378 4468 rerum
390 4414 424 4469 de
435 4416 517 4472 verbo
532 4418 594 4472 vitm
606 4418 724 4489 quodam
733 4421 898 4492 experientis
912 4405 938 4466 D
952 4417 1044 4472 babitu
1060 4417 1168 4483 inentis,
1181 4433 1241 4473 cnm
1260 4416 1390 4473 lectulum
1413 4417 1538 4473 floridum
1552 4426 1674 4491 exoptat.
1689 4419 1751 4475 Non

99 4499 346 4573 fideiargumento,
363 4511 390 4558 et
413 4503 504 4560 videre
519 4507 613 4570 oculis,
630 4514 657 4562 et
672 4516 762 4564 tenere
777 4525 809 4565 ac
828 4525 898 4565 con·
952 4507 1024 4562 enim
1039 4506 1066 4560 in
1083 4522 1165 4561 sensu
1190 4505 1287 4561 animae
1315 4507 1403 4562 Deum
1418 4506 1563 4577 quaerentis
1577 4515 1667 4580 potest
1689 4523 1750 4563 esse

101 4596 217 4646 tractare
232 4590 357 4646 menibus
371 4591 423 4646 sibi
437 4591 571 4650 rideatur.
588 4595 656 4651 llaec
668 4596 768 4652 etenim
783 4606 825 4653 est
835 4614 898 4654 con·
951 4612 1006 4651 non
1022 4594 1240 4667 presumptibilis
1270 4595 1320 4650 Dei
1344 4596 1446 4663 lanitio,
1462 4596 1489 4650 in
1505 4613 1560 4668 quo
1581 4596 1750 4670 precesserit

101 4677 198 4735 solatio
214 4687 270 4748 tua,
286 4695 302 4735 o
318 4681 453 4748 Paler,ad
467 4681 537 4738 lilios
556 4694 624 4752 tuos,
636 4685 735 4758 quibus
750 4686 898 4757 promisisti
952 4685 1012 4756 ejus
1039 4683 1201 4739 similitudo.
1231 4683 1297 4739 ldeu
1325 4684 1389 4741 dicit
1404 4702 1411 4738 :
1426 4707 1438 4733 a
1455 4686 1580 4741 Lectulus
1606 4693 1711 4741 nester.
1734 4707 1745 4734 a

103 4766 324 4824 dicenschon
352 4784 403 4826 vos
417 4770 566 4842 relinquam
594 4774 756 4846 orphanos;
787 4776 855 4831 rado
872 4784 900 4832 et
952 4773 1030 4840 Cum,
1058 4773 1156 4844 inquit,
1174 4779 1265 4827 noster
1291 4772 1351 4842 erit,
1368 4773 1432 4827 milri
1462 4773 1564 4846 tibique
1585 4773 1748 4841 communis,

102 4856 186 4912 renio
201 4856 237 4912 ad
251 4872 300 4913 vos
311 4858 401 4929 (loen.
416 4862 486 4931 xia).
504 4881 515 4912 ι
532 4862 634 4919 l'inctis
648 4865 747 4920 etenim
763 4865 822 4936 spei
834 4863 898 4920 filiis
951 4871 1058 4918 sanctas
1087 4860 1199 4931 spirabit
1218 4859 1339 4929 delicias,
1356 4869 1381 4916 et
1409 4861 1508 4917 calebit
1519 4877 1611 4918 umore
1630 4868 1724 4919 rnntuu
1740 4880 1747 4918 ι

104 4943 156 4999 tuis
171 4943 197 4999 in
226 4944 315 5001 exsilii
342 4947 422 5017 hujus
446 4964 554 5006 carcere
581 4952 715 5008 inclinans
741 4954 824 5009 coelos
838 4962 899 5009 tuos
953 4950 1001 5024 qui
1020 4949 1140 5022 quandiu
1168 4964 1246 5006 meus
1261 4955 1312 5012 esl-
1328 4948 1356 5005 in
1384 4966 1438 5021 quo
1461 4965 1512 5021 per
1534 4961 1641 5008 noctem
1656 4968 1750 5027 quaero

104 5033 311 5099 condescendis,
327 5042 355 5090 et
375 5034 511 5094 inhabitas
526 5047 553 5094 et
567 5040 721 5096 inambulas
743 5041 771 5096 in
784 5042 848 5108 eis;
872 5051 899 5098 et
953 5055 1035 5113 quem
1062 5037 1200 5111 diligant
1227 5054 1281 5093 nun
1309 5038 1429 5105 invenio,
1449 5039 1517 5094 nihil
1532 5041 1613 5096 babet
1639 5041 1749 5108 ilerum,

103 5128 285 5199 nucleorum,
302 5147 383 5203 quam
396 5141 422 5188 tn
435 5135 508 5207 prior
521 5135 620 5192 dedisti
630 5138 657 5193 in
668 5138 753 5195 cerda
767 5139 898 5211 ipsorum,
954 5136 1020 5191 nihil
1048 5136 1162 5192 odorum
1174 5152 1182 5198 ;
1194 5150 1288 5206 parum
1316 5137 1424 5207 gratiae,
1454 5136 1597 5192 minimum
1624 5136 1725 5194 laelitiae
1741 5152 1748 5207 ;

102 5228 231 5285 informas
244 5226 371 5300 paulatim
380 5231 496 5302 gratiam
509 5240 588 5302 tuam,
604 5234 720 5307 gratiam
731 5251 779 5307 pro
788 5236 876 5310 gratia
892 5253 898 5291 :
953 5234 1070 5291 lectulus
1086 5241 1126 5289 est
1141 5232 1238 5300 neoda,
1255 5248 1308 5288 non
1323 5232 1397 5301 dlei;
1414 5242 1487 5291 tolus
1502 5234 1595 5307 friget,
1606 5243 1633 5291 et
1646 5252 1687 5292 uae
1700 5235 1752 5292 soli

106 5339 160 5394 qua
186 5331 317 5396 operante
345 5323 398 5396 ipsi
422 5327 511 5384 eidem
539 5331 713 5387 conformant
731 5339 849 5389 mentem
863 5332 901 5388 vi·
954 5329 1107 5403 quiescenti
1120 5329 1147 5384 in
1162 5342 1204 5392 eo,
1221 5328 1285 5400 quia
1299 5344 1354 5385 non
1382 5330 1485 5401 estqui
1513 5330 1657 5388 calefaciat
1670 5348 1745 5389 eum.

104 5426 215 5490 tamque
240 5436 329 5490 sunm,
349 5429 377 5477 et
404 5425 439 5480 sit
462 5426 507 5483 illa
533 5427 684 5485 similitudo
703 5444 783 5501 quam
808 5431 900 5486 statim
953 5429 1015 5484 Non
1030 5443 1096 5500 ergo
1110 5426 1224 5483 lectulus
1238 5442 1329 5496 meus,
1345 5428 1393 5484 sed
1410 5452 1421 5477 a
1438 5428 1553 5485 lectulus
1567 5433 1661 5486 noster
1676 5430 1751 5487 llari·

103 5520 247 5581 comitatur
259 5522 307 5580 illc
320 5523 426 5584 uuita.
458 5526 548 5584 donin
561 5526 634 5584 enim
649 5529 740 5597 Pater,
756 5526 900 5603 bonusque
954 5526 1162 5600 dusilixperta
1168 5523 1315 5598 aliquando
1327 5525 1486 5601 aliquemde
1497 5525 1748 5599 Sponseadectnm,
