3728 6000
104 244 156 297 ddi

611 233 798 294 GUlLLELill
818 236 961 294 aaoatts
980 238 1008 296 S.
1028 238 1243 297 Tttnobotttct

1702 240 1754 294 656

103 363 224 431 interim,
241 361 311 419 sicut
326 361 393 418 vivit
407 361 434 415 in
446 359 657 432 justitiasuavel
670 376 901 431 eperumsuomm
916 361 944 419 Α
958 361 991 417 ιιι
1002 361 1109 416 Domini
1122 362 1248 432 impetrat
1264 363 1479 432 nobissalatem,
1495 370 1520 418 ει
1546 370 1647 434 quanta
1675 362 1756 416 uobis

102 452 245 524 operarius
260 451 305 507 ille
322 452 402 523 legis,
419 449 467 505 aed
482 450 555 504 vivat
569 449 614 504 bio
629 448 654 503 in
667 450 770 518 justitia
797 449 857 514 Dei,
874 449 902 503 in

102 545 234 598 aeternum
259 556 320 596 cunt
335 555 367 594 eo
391 539 525 607 victurus,
543 538 616 592 vivat
630 538 674 594 bio
688 537 741 593 vita
761 539 809 592 Dei
833 553 900 608 ope·
923 564 925 568 ⁷

104 630 191 687 raudo
206 647 258 701 per
275 629 457 697 dilectionem,
474 629 502 682 iu
519 627 606 683 littura
634 636 725 682 autem
742 636 902 699 accepturus

103 729 260 792 perpetuam
285 717 524 792 glorificationem.
547 716 634 771 Habet
658 717 729 772 enim
754 715 817 771 fidei
841 731 902 771 vera

101 808 207 878 justitia
222 809 324 878 duplex
351 805 527 862 beatitudiuis
547 805 689 876 praemium
702 805 782 873 ,ditm
809 813 835 860 et
858 803 902 860 bio

104 897 231 971 degustat
249 896 402 953 certissimo
415 894 591 967 experientiae
611 903 771 966 argumento
790 909 902 964 speran-

104 986 201 1041 darum
217 986 395 1041 substantiam
411 1001 513 1051 rerum,
529 991 555 1039 et
570 984 605 1038 ibi
617 983 715 1055 accipit
730 983 801 1056 quod
812 982 902 1039 oredi-

103 1075 155 1141 dit,
180 1084 288 1132 aeternae
318 1073 451 1130 felicitatis
480 1072 726 1129 manifestissimam
742 1072 897 1128 veritatem.

105 1164 216 1235 Propter
231 1163 284 1220 hoc
299 1163 429 1231 gloriatur
443 1163 486 1217 bio
502 1163 528 1216 iu
547 1160 779 1227 tribulationibus,
795 1160 822 1214 in
842 1159 902 1231 qui·

103 1252 155 1309 hus
169 1252 333 1309 couscientia
356 1260 455 1306 sanctae
470 1250 604 1321 patientiae
614 1250 671 1320 jam
687 1251 768 1304 amba
778 1249 901 1321 quiedam

105 1348 132 1396 et
152 1341 251 1414 pignus
275 1349 313 1396 est
340 1339 513 1396 beatitudiuis
541 1338 647 1394 suturae
664 1337 903 1408 Comparaudaest

104 1444 173 1501 orgo
199 1445 279 1485 causa
291 1444 389 1492 causa),
414 1427 518 1494 iustitia
533 1427 654 1497 justitirc,
668 1427 722 1480 vite
734 1425 805 1491 vitae,
821 1425 902 1501 servi

104 1519 379 1591 quiquasireolusus
414 1517 441 1570 in
466 1516 578 1588 pistrino
613 1517 688 1571 ‹lurae
720 1515 902 1579 necessitatis,

105 1607 198 1662 tandiu
221 1607 299 1674 vivit,
325 1605 443 1676 quandiu
472 1603 607 1660 semiliter
629 1611 769 1674 operatur,
790 1613 817 1659 et
846 1603 903 1658 Filii

957 448 1000 504 bic
1023 450 1164 505 inchoatur
1179 451 1205 506 in
1221 467 1280 522 spe,
1297 460 1324 508 ct
1335 461 1434 524 quanta
1462 451 1607 507 dabiturin
1622 466 1660 506 re.
1676 448 1756 518 Quod

957 541 1051 593 atitcru
1066 538 1141 608 dicit,
1162 540 1257 595 salvus
1281 541 1341 609 erit,
1356 541 1448 612 utique
1462 541 1562 595 sicula
1584 538 1671 606 lebre,
1687 539 1757 594 sicut

956 635 1066 697 aperte,
1086 629 1151 698 quia
1167 644 1219 684 nou
1235 636 1274 684 est
1289 631 1362 684 sanis
1375 644 1442 700 opus
1457 630 1591 694 medicus,
1620 628 1669 684 sed
1684 627 1756 683 male

957 715 1127 771 habentibus.
1145 716 1173 772 Si
1184 733 1251 788 ergo
1261 719 1335 773 ornrvi
1359 718 1496 774 invocanti
1513 717 1589 773 salus
1616 717 1755 787 promitti-

957 812 1007 868 tur,
1025 821 1076 860 nec
1091 809 1135 860 est
1145 805 1283 862 distinctio
1298 807 1385 861 ludaei
1400 814 1427 863 et
1442 805 1541 876 Graeci,
1570 805 1697 862 omnibus
1713 806 1756 860 in-

956 893 1109 948 vocandum
1125 901 1174 949 est.

994 1000 1077 1055 Vnus.
1092 1001 1134 1066 tt,
1152 1003 1242 1058 t5.-
1264 1023 1275 1049 ι
1298 1001 1351 1056 Sed
1378 1002 1515 1074 quomodo
1540 1001 1701 1058 invocabant
1730 1001 1757 1055 iu

957 1104 1037 1160 quem
1066 1105 1119 1144 non
1147 1089 1347 1145 crediderunt‘l
1364 1114 1375 1139 i
1392 1091 1432 1145 De
1454 1091 1581 1164 gentibus
1608 1090 1651 1146 bio
1665 1090 1758 1146 dicere

957 1176 1062 1232 videtur
1076 1178 1177 1233 Doctor
1186 1181 1306 1250 gentium
1323 1196 1329 1233 :
1346 1179 1480 1249 repellens
1495 1195 1544 1234 eos
1559 1179 1603 1250 qui
1627 1179 1758 1250 putabant

956 1267 1031 1338 genti
1048 1273 1150 1321 tarnum
1164 1267 1332 1332 iudeorum,
1348 1284 1402 1323 uon
1419 1268 1498 1322 ctiam
1513 1268 1641 1340 gentibus
1662 1269 1756 1323 Evan-

957 1354 1059 1427 gelium
1077 1355 1292 1424 praedicandum.
1310 1355 1390 1424 Quod
1405 1358 1499 1412 voleus
1527 1356 1685 1419 ostendere,
1701 1372 1757 1411 uon

956 1444 990 1498 ad
1005 1443 1114 1499 ltrdacos
1127 1451 1239 1509 tautum,
1256 1445 1303 1499 sed
1319 1454 1343 1499 et
1359 1445 1393 1499 ad
1409 1454 1506 1517 gentes
1527 1445 1674 1516 pertinere,
1692 1461 1757 1516 pro·

956 1533 1045 1602 posuit
1061 1533 1132 1604 quod
1148 1532 1181 1588 de
1197 1535 1326 1603 propbeta
1339 1533 1510 1602 praemissum
1527 1549 1533 1587 :
1552 1556 1563 1583 ι
1581 1532 1678 1590 Omnis
1697 1533 1758 1605 qui-

956 1637 1061 1692 cunque
1077 1621 1243 1677 iirvocarerit
1257 1636 1355 1676 nomeu
1371 1622 1489 1686 Domini,
1506 1621 1596 1676 salvus
1615 1624 1757 1693 erithel.

103 1705 208 1768 ΨΜ)
224 1695 266 1750 ⁰¹¹5
282 1695 388 1750 wilm
404 1694 497 1749 Vil's‘fe
512 1700 561 1759 ⁰⁵¹·
575 1701 602 1748 ⁰²
620 1702 698 1767 diffie
725 1693 826 1748 sellim
841 1708 902 1747 Μ·
918 1711 944 1772 Β
959 1710 989 1776 ιι)
1005 1727 1011 1764 :
1032 1734 1041 1757 i
1060 1727 1090 1765 ac
1105 1709 1224 1764 deinde:
1244 1734 1255 1758 e
1269 1708 1424 1778 Quomodo,
1438 1711 1536 1782 iuquit.
1549 1711 1718 1766 invocabunt
1731 1712 1759 1766 in

104 1800 159 1857 gna
174 1784 272 1857 gratia,
290 1794 314 1838 ει
330 1784 417 1857 gratis
437 1783 540 1839 servire
556 1799 655 1855 magua
683 1781 781 1855 gloria,
798 1797 904 1838 merces

105 1888 170 1930 vero
186 1874 239 1928 vita
256 1881 367 1929 aeterna.

141 1963 232 2018 tras.
249 1961 447 2018 lti.-·Corde
463 1960 535 2016 euim
564 1961 686 2017 creditur
707 1960 741 2016 ad
763 1960 903 2026 justitiam,

104 2069 151 2111 ore
167 2060 259 2109 autem
277 2049 414 2107 consessio
429 2049 459 2106 fit
473 2051 507 2105 ad
531 2050 656 2105 salutem.
671 2072 682 2097 i
706 2050 774 2104 Cum
800 2056 907 2104 constet

103 2142 138 2198 de
150 2141 254 2211 justitia
272 2139 345 2206 fidei,
362 2156 414 2212 qua
429 2138 512 2195 corde
527 2139 645 2195 creditur
660 2137 842 2207 adjustitiam,
852 2153 905 2191 non

100 2230 235 2288 incassum
251 2229 372 2283 additum
399 2235 447 2291 est,
467 2251 477 2275 u
495 2242 542 2282 ore
557 2232 646 2282 autent
669 2226 807 2281 consessio
835 2224 863 2278 lit
879 2226 905 2279 in

100 2319 234 2375 salutem.
259 2341 269 2364 i
287 2318 384 2372 Nonne
395 2331 465 2385 pene
481 2315 627 2384 omnesqui
643 2328 734 2370 coram
746 2321 904 2384 persecuto-

55 2390 62 2403 ’
104 2407 181 2462 ribus
198 2407 335 2463 Christum
352 2411 531 2475 negaverunt,
544 2403 616 2475 quod
632 2403 665 2458 de
681 2403 726 2457 ilio
746 2402 904 2467 credebaut,

101 2495 188 2553 corde
205 2501 359 2557 tenuerunt,
376 2501 400 2548 et
416 2501 504 2548 tamen
521 2507 569 2546 ore
585 2491 618 2547 ad
634 2491 747 2546 salutem
767 2506 821 2544 non
836 2506 905 2545 cou-

104 2582 206 2640 fitendo
223 2583 374 2654 pmicruut,
390 2580 444 2634 nisi
467 2581 512 2650 qui
538 2579 697 2648 poeniteutia
725 2579 906 2634 revixerunt?

103 2672 171 2742 Quis
186 2672 222 2726 ita
237 2677 394 2737 evanescat,
413 2676 441 2723 ut
462 2669 595 2724 existimet
623 2669 773 2739 apostolum
797 2670 905 2723 Petrum

101 2761 144 2817 aic
159 2760 289 2816 babuisse
303 2759 328 2813 in
352 2759 445 2825 corde,
461 2774 521 2814 cum
540 2759 682 2812 Dominum
709 2758 819 2828 negavit
836 2758 906 2812 orie?

107 2849 288 2920 Cuvlnqueas
310 2847 336 2901 in
365 2846 448 2901 corde
471 2861 520 2901 suo
546 2847 699 2909 veritatem,
726 2854 778 2900 tam
813 2860 905 2900 amaro

106 2939 169 2995 lletu
184 2933 481 3009 punivitmendacium,
500 2936 572 3006 quod
587 2951 634 2990 ore
653 2934 832 3004 deprompsit,
855 2933 905 2987 uisi

103 3028 172 3100 quia
188 3042 314 3098 magnum
331 3023 397 3078 vidit
412 3040 473 3079 esse
485 3023 640 3092 perniciem,
655 3023 725 3093 quud
741 3024 824 3078 corde
848 3023 907 3092 qui-

108 3117 171 3173 dem
186 3115 298 3171 credidit
314 3113 497 3182 adjustitiam,
514 3129 561 3169 ore
575 3120 664 3167 autem
681 3129 735 3166 nou
751 3112 906 3167 estconles-
938 3103 946 3126 ¹

107 3222 154 3261 sua
169 3205 204 3259 ad
219 3204 356 3258 salutem?
372 3203 447 3258 Siout
462 3202 533 3256 enim
554 3216 607 3256 uon
636 3200 742 3273 proiicit
766 3200 864 3255 veritas
880 3199 906 3254 iu

107 3310 164 3360 ore,
181 3294 204 3348 si
219 3309 272 3349 nou
291 3292 325 3347 sit
340 3289 421 3346 ctiam
435 3290 462 3345 in
477 3290 568 3354 corde,
586 3291 625 3345 sic
637 3306 687 3345 uec
702 3290 729 3344 in
745 3289 826 3345 corde
840 3305 906 3360 pvo-

106 3381 172 3448 licit,
203 3381 227 3437 si
255 3390 381 3452 temporo
411 3379 575 3436 necessarie
597 3378 777 3437 consessionis
805 3378 832 3432 iu
860 3394 908 3434 ore

107 3471 206 3528 delicit.

144 3561 229 3616 Vnus.
248 3562 289 3614 ιι.
302 3583 356 3606 -ι
372 3558 445 3616 Dicit
469 3557 540 3612 enirn
558 3557 698 3628 Scriptura
715 3574 721 3611 :
738 3554 833 3612 Omnis
861 3554 909 3628 qui

107 3649 198 3705 credit
212 3648 238 3701 in
254 3664 326 3717 curu,
344 3664 396 3702 uon
423 3646 646 3701 conlaudatur.»
672 3646 738 3700 Sunt
760 3646 804 3716 qui
832 3644 911 3699 curi-

108 3748 178 3792 atum
189 3736 297 3789 verbum
314 3736 373 3794 Dei.
394 3735 521 3789 virtutem
537 3733 598 3800 Dei,
612 3733 771 3804 sapientiam
784 3734 909 3800 Dei,non

16 3880 35 3890 ,,
110 3824 275 3880 erubescunt
295 3822 543 3888 confiteri-,uatum
569 3837 646 3887 vcro,
676 3831 864 3891 mortuumque
886 3831 912 3877 ct

111 3913 245 3983 sepultum
260 3910 383 3966 confiteri
399 3911 572 3966 erubescunt.
592 3911 623 3963 lit
642 3910 779 3978 quomodo
804 3911 912 3964 curabi-

114 4008 287 4071 tur-aegrotus
301 4000 349 4070 qui
366 4000 399 4052 dc
413 3999 610 4053 medicamento
629 3998 765 4052 ertrbcseit
775 3999 789 4049 i>
800 3997 853 4052 Sed
869 3998 915 4051 eli·

116 4101 162 4161 gat
178 4098 293 4158 tempus,
317 4087 381 4157 quia
410 4103 483 4141 nunc
512 4093 554 4139 cst
569 4084 686 4155 eligendi
712 4095 830 4153 tempus.
847 4087 913 4141 Cum

116 4173 189 4228 enim
205 4171 382 4226 atlruiranilus
398 4171 443 4225 iile
459 4170 563 4224 venerit
579 4171 623 4240 qui
640 4186 657 4240 p
673 4184 690 4223 o
706 4169 834 4224 nobisest
846 4185 914 4224 con-

116 4269 243 4332 temptus,
257 4259 390 4330 judicabit
405 4259 449 4328 qui
467 4273 515 4328 pro
531 4260 608 4313 nobis
619 4267 658 4313 est
670 4258 820 4326 judicatus,
836 4274 914 4314 excr-

116 4351 185 4407 tabit
216 4347 330 4415 occisus,
367 4347 512 4402 uouorabit
546 4348 736 4412 exhonoratus,
773 4357 835 4402 tuuc
857 4363 915 4400 sive

116 4440 235 4502 latiens,
252 4438 309 4491 sive
326 4435 437 4492 Grat’ctts
451 4438 515 4506 (iton
531 4436 602 4490 euim
618 4443 657 4490 est
672 4436 829 4507 distinctio),
852 4451 912 4491 out-

119 4529 161 4583 uis
175 4527 220 4598 qui
233 4526 320 4581 credit
335 4525 361 4579 in
377 4525 452 4579 illum
469 4541 522 4578 uon
538 4524 730 4580 contundetur.

155 4619 243 4671 l'sus.
257 4619 298 4670 ta.
312 4645 344 4655 -
355 4637 366 4662 e
379 4615 448 4668 Nam
459 4614 531 4668 idem
544 4613 678 4668 Dominus
689 4614 819 4680 omnium,
831 4634 842 4664 i
853 4629 915 4684 quta

118 4722 173 4764 non
186 4705 337 4759 leviticorum
354 4703 425 4757 Deus
436 4711 546 4769 ratitum,
567 4701 620 4757 imo
644 4710 670 4757 et
698 4703 829 4774 gentium,
847 4726 858 4751 a
874 4702 915 4757 di·

118 4812 166 4852 ves
176 4794 208 4848 ud
217 4791 352 4863 implenda
361 4791 497 4846 desideria
506 4791 626 4845 ominium
636 4793 679 4863 qui
688 4791 812 4846 invocant
824 4808 913 4846 etim.»

155 4883 240 4936 l'sus
258 4881 367 4938 13.-·
381 4879 481 4934 Omnis
496 4879 569 4934 cuim
586 4879 739 4951 quicunque
749 4880 917 4936 invocaverit

119 4987 218 5027 nomeu
236 4969 354 5032 Domini,
371 4969 462 5023 salvtis
477 4969 538 5023 erit.
560 4992 571 5015 u
588 4969 692 5021 Nomen
709 4968 818 5022 Domini
833 4969 915 5023 invo-

117 5069 171 5121 cat.
183 5059 229 5131 qui
244 5074 338 5113 scrius
349 5057 456 5112 Domini
468 5072 530 5112 esse
543 5056 695 5123 ‹lesiderat;
710 5055 846 5111 desiderat
856 5071 916 5111 esse

116 5175 212 5215 servus
226 5157 297 5225 ejus,
314 5155 467 5227 quicunque
484 5154 796 5226 iutelligituomenejus.
811 5154 916 5209 Nomen

117 5254 177 5324 ejus
193 5254 356 5324 intelligunt.
374 5253 418 5321 qui
441 5253 468 5305 in
488 5252 642 5323 semetipsis
664 5251 841 5324 experiuntur
862 5251 916 5308 do·

114 5354 245 5410 minatum
261 5351 330 5420 ejus.
347 5351 403 5420 lpsi
419 5351 532 5422 suntqui
545 5360 713 5424 cognoscunt
728 5349 916 5420 insemetipsis

111 5450 226 5527 gratiam
243 5447 306 5516 Dei,
320 5455 346 5503 et
357 5446 459 5520 ingrati
470 5463 527 5504 non
549 5456 620 5514 suut,
638 5457 662 5504 et
678 5450 742 5504 ideo
758 5449 915 5504 invocantes

112 5563 214 5611 nornen
228 5544 338 5605 Domini
349 5543 419 5602 salvi
433 5550 510 5603 rant.
531 5545 580 5604 Sic
595 5561 663 5625 ergo
678 5544 743 5604 tides
753 5545 818 5604 lesu
832 5546 913 5605 Cirri-

959 1815 1039 1869 quem
1055 1815 1108 1852 raon
1134 1798 1327 1853 creditlemut‘?
1351 1801 1405 1853 Aut
1434 1800 1571 1870 quomodo
1599 1800 1713 1855 credent
1733 1800 1758 1855 ei

959 1903 1038 1958 quem
1054 1902 1108 1940 uon
1123 1886 1287 1940 audieruut
1303 1884 1447 1954 Quomodo
1462 1897 1550 1942 autem
1564 1888 1677 1943 audient
1699 1889 1759 1944 sine

959 1975 1148 2046 predicante?
1163 1974 1306 2043 Quomodo
1327 1990 1391 2030 vero
1408 1976 1602 2047 poeniendum.
1620 1976 1670 2031 uisi
1698 1978 1758 2031 mit·

959 2068 1052 2118 teritur·
1063 2066 1077 2115 ‘l
1092 2086 1103 2110 n
1120 2063 1174 2119 Sed
1191 2063 1265 2117 missi
1288 2073 1349 2118 suut
1372 2072 1398 2117 ει
1412 2064 1637 2134 predicaverunt,
1666 2066 1760 2122 isicut

959 2153 1090 2222 scriptum
1106 2158 1148 2206 est
1163 2154 1230 2221 (lau.
1250 2160 1297 2223 au)
1316 2170 1322 2207 :
1340 2152 1430 2222 Quam
1445 2152 1561 2223 speciosi
1576 2153 1660 2224 pedes
1676 2172 1759 2211 evau-

960 2241 1133 2310 gelizantiuru
1149 2240 1239 2295 boual
1259 2264 1269 2288 i
1287 2242 1381 2312 Neque
1390 2242 1473 2307 enim,
1490 2241 1554 2314 quia
1570 2242 1643 2297 Deus
1657 2243 1704 2297 dat
1720 2243 1759 2297 in·

959 2336 1137 2396 crementum,
1154 2329 1217 2384 ideo
1241 2340 1344 2384 nonest
1369 2330 1544 2401 plantandum
1567 2340 1646 2403 atquc
1668 2332 1760 2404 rigan-

959 2417 1043 2484 dum;
1072 2419 1122 2472 boc
1151 2422 1242 2473 autem
1267 2418 1374 2474 tramite
1389 2419 1493 2473 reditur
1506 2419 1538 2473 ad
1554 2420 1682 2493 gratiam.
1700 2421 1760 2476 Nisi

961 2508 1032 2563 enirn
1053 2507 1139 2579 gratia
1164 2505 1316 2577 provideat,
1347 2508 1538 2576 predicatores
1566 2524 1629 2564 vero
1659 2509 1761 2565 saciant

960 2595 1112 2662 credentes,
1128 2609 1181 2648 non
1195 2600 1272 2648 erum
1293 2594 1338 2665 qui
1355 2596 1421 2649 salvi
1438 2595 1502 2650 liant
1516 2595 1684 2652 invocantes.
1695 2598 1760 2654 ldeo

960 2682 1077 2754 speciosi
1093 2683 1177 2752 pedes
1190 2683 1434 2752 evangelizantium
1449 2700 1554 2754 pacem,
1571 2687 1761 2759 evangelizan-

960 2772 1025 2825 tium
1040 2771 1128 2835 boua;
1145 2787 1238 2840 pacem
1255 2789 1306 2842 qua
1329 2780 1456 2840 percepta
1478 2773 1637 2830 remissione
1658 2791 1760 2845 pccca-

959 2867 1045 2914 torum
1067 2859 1123 2914 Deo
1143 2860 1365 2925 reconciliamur;
1392 2861 1472 2926 bona,
1490 2877 1550 2931 quan
1578 2862 1638 2917 dbis
1664 2865 1760 2935 gratie

961 2948 1153 3018 promittuntur
1182 2948 1223 3002 vol
1256 2948 1370 3018 speciosi
1399 2950 1493 3019 pedes,
1523 2953 1648 3020 speciosa
1679 2955 1760 3009 uobis

962 3036 1077 3108 vestigia
1099 3035 1295 3106 relinquentes,
1311 3038 1427 3092 decultu
1441 3038 1534 3102 anirui,
1550 3040 1584 3094 de
1600 3043 1760 3107 amoreDci,

961 3124 995 3179 de
1011 3129 1165 3189 contemptu
1181 3126 1282 3179 seculi.
1294 3125 1346 3179 Sed
1362 3126 1436 3179 missi
1453 3136 1514 3180 sum
1529 3129 1760 3199 evangelizantes,

963 3214 1040 3284 pauci
1056 3228 1122 3267 vero
1137 3212 1236 3268 inventi
1253 3221 1314 3267 sunt
1329 3214 1498 3270 obedientes.
1512 3215 1590 3271 Unde
1603 3216 1655 3271 sub
1670 3218 1761 3274 verbis

963 3301 1104 3374 propbetae
1119 3303 1185 3372 (lan.
1202 3305 1259 3372 ιιιι)
1276 3317 1327 3356 vox
1342 3303 1464 3372 sequitur
1478 3306 1701 3373 conquerentium
1715 3307 1762 3362 di-

963 3407 1026 3446 cens
1043 3409 1048 3444 :

1001 3503 1090 3559 l'nus.
1110 3502 1344 3571 lti.-·Dornine,
1358 3504 1419 3574 quis
1441 3505 1556 3561 credidit
1583 3509 1686 3564 auditui
1710 3527 1762 3567 no-

964 3593 1045 3647 stro?
1058 3615 1068 3641 e
1087 3591 1153 3661 Quae
1172 3595 1243 3646 enirn
1261 3593 1416 3647 audivimus
1443 3610 1459 3648 a
1479 3603 1515 3658 ιε,
1541 3598 1764 3656 annuntiavimus

966 3680 1025 3746 cis;
1043 3682 1090 3735 scil
1102 3681 1184 3751 pauci
1199 3689 1260 3735 sunt
1275 3682 1320 3751 qui
1331 3683 1459 3737 obediant
1474 3685 1563 3740 nobis.
1582 3688 1611 3740 ln
1627 3688 1678 3743 boc
1695 3704 1763 3759 pro-

965 3769 1036 3824 cedit
1055 3770 1144 3823 omnis
1161 3768 1303 3823 verborum
1321 3769 1415 3826 borum
1426 3773 1574 3842 prolixitas,
1591 3776 1652 3844 quia
1667 3793 1765 3847 prose·

967 3859 1055 3927 quitur
1068 3858 1212 3926 Apostolus
1226 3857 1362 3912 tristitiam
1386 3875 1460 3913 suam
1483 3877 1610 3933 maguam
1631 3873 1657 3918 et
1682 3865 1765 3922 dolo-

967 3962 1023 4000 rem
1040 3946 1199 4001 continuum
1213 3947 1303 4002 cordis
1318 3947 1359 4000 sui
1375 3947 1409 4001 dc
1423 3949 1512 4018 geniis
1526 3966 1583 4005 suae
1598 3952 1766 4008 obeaeceuo-

967 4050 1011 4099 ne,
1028 4050 1107 4104 quam
1122 4034 1294 4090 dissimulare
1305 4049 1357 4089 nou
1374 4044 1470 4105 potest,
1491 4054 1576 4107 agens
1591 4056 1639 4109 pro
1660 4042 1722 4111 illis,
1740 4043 1768 4099 in

970 4128 1103 4192 quantum
1119 4123 1217 4177 veritas
1232 4131 1257 4178 et
1269 4122 1372 4192 justitia
1389 4123 1437 4177 Dei
1453 4127 1594 4182 conatibus
1615 4131 1673 4197 eius
1686 4130 1767 4188 inve·

889 4259 895 4269 ,
969 4211 1040 4265 nitur
1055 4226 1108 4265 uon
1120 4212 1270 4278 obsistere;
1286 4213 1330 4267 cui
1346 4218 1373 4267 et
1388 4213 1444 4283 ipse
1456 4223 1582 4271 resistere
1597 4234 1651 4273 uon
1666 4230 1767 4290 potest,

874 4348 879 4357 .
969 4300 1110 4355 resistente
1125 4300 1176 4354 sibi
1191 4300 1372 4356 obduratione
1388 4302 1534 4371 pertinacis
1545 4306 1662 4362 malitiae.
1691 4309 1769 4366 Unda

928 4421 954 4482 D
970 4397 996 4443 et
1009 4389 1067 4443 Deo
1081 4387 1241 4456 conjunctus
1255 4390 1418 4444 condemnat
1432 4392 1544 4461 quidem
1559 4410 1659 4449 oaeoam
1675 4396 1769 4453 inillis

970 4475 1168 4530 multitudinem
1186 4477 1391 4543 obduratorum,
1408 4481 1456 4533 sed
1473 4479 1500 4534 in
1520 4483 1667 4538 remedium
1692 4486 1769 4543 dolo·

890 4613 896 4624 ,
969 4563 1016 4631 ris,
1030 4573 1150 4621 sanctam
1179 4581 1211 4620 ex
1244 4565 1282 4622 cia
1311 4566 1451 4622 electionis
1479 4571 1650 4641 amplectitur
1675 4576 1770 4631 rarita-

969 4661 1036 4710 tem.

1005 4772 1092 4826 Vsus.
1111 4775 1153 4828 ll.
1165 4802 1199 4813 -
1213 4772 1322 4844 «Ergo,
1336 4795 1347 4821 ι
1364 4771 1464 4845 inquit,
1477 4773 1503 4827 iu
1514 4773 1562 4842 eis,
1578 4775 1605 4830 id
1619 4785 1659 4834 est
1673 4781 1769 4850 paucis

970 4882 1077 4931 eorum,
1092 4890 1103 4915 i
1119 4866 1187 4922 lidos
1201 4884 1235 4923 ex
1250 4868 1468 4934 auditu,auditus
1482 4878 1570 4925 autem
1585 4889 1636 4944 per
1654 4876 1768 4932 verbum

971 4966 1058 5020 Dein
1077 4965 1308 5021 Gloriaturautem
1320 4967 1398 5022 velin
1414 4967 1509 5036 paucis
1519 4972 1769 5043 eorumproseoissa

969 5062 1089 5122 studium
1105 5061 1320 5132 praedicatorum.
1338 5062 1442 5119 Deinde
1465 5066 1572 5122 caeteris
1587 5083 1698 5124 omnem
1714 5071 1768 5126 tol·

969 5158 1029 5215 leus
1045 5159 1264 5214 excusationem:

1006 5257 1090 5311 Vsus.
1108 5259 1151 5311 tt.
1169 5278 1180 5304 ι
1197 5253 1338 5327 Nunquid,
1357 5255 1474 5328 »iuquit
1494 5282 1505 5308 v
1523 5275 1577 5317 nou
1600 5261 1767 5318 audierunt‘i

968 5353 1002 5409 Et
1026 5354 1134 5423 quidem
1163 5354 1190 5407 in
1207 5367 1316 5408 omnem
1333 5359 1430 5408 terram
1460 5356 1542 5413 exivit
1555 5373 1639 5415 sonus
1659 5375 1765 5430 eorum,

968 5460 995 5506 ει
1006 5450 1034 5505 in
1049 5450 1116 5507 fines
1131 5449 1206 5505 orbis
1217 5458 1296 5505 terrae
1310 5450 1394 5505 verba
1410 5466 1503 5508 eorum
1526 5456 1618 5526 (Prot.
1647 5463 1764 5529 avani..

967 5547 997 5606 Si
1011 5564 1079 5626 ergo
1093 5564 1198 5620 omnes,
1213 5556 1240 5605 et
1253 5547 1314 5624 ipsi.
1330 5546 1358 5605 st
1371 5554 1468 5625 genter
1484 5551 1552 5612 lines
1575 5563 1657 5614 terme
1680 5556 1765 5615 iuba·
