3728 6000
103 221 154 277 t³5

491 212 616 275 rabath
638 216 847 276 CHRONIGON
861 216 1160 277 utuntutacahstt.
1174 249 1208 262 -
1223 220 1287 276 tttt.
1303 220 1338 277 li.

1691 225 1742 282 136

99 344 251 400 cessionem
263 357 348 412 usqne
363 340 398 395 ad
412 348 532 412 tempora
546 341 618 396 beati
635 341 735 397 Urbani
760 357 838 412 papae
870 349 897 397 et
911 345 938 404 Α
951 344 1054 416 gemitu
1069 341 1212 399 dicendum
1228 350 1279 411 cst,
1299 341 1432 416 religione
1459 344 1575 414 calcata,
1592 355 1653 418 pout
1676 365 1744 405 con-

99 431 221 504 martyris
236 430 384 486 emanavit.
397 430 449 487 Sed
466 430 574 486 virDeo
588 430 695 500 plenus,
710 437 738 484 et
753 430 895 502 sanguinis

100 521 257 579 testimonio
269 535 385 589 sequens
402 524 519 591 rignum,
535 518 591 573 utili
606 518 806 589 disponsatione
835 534 894 588 pro·

98 610 175 674 vidit,
192 608 235 663 vet
262 607 421 679 provisione
447 606 624 677 dispensavit,
655 615 683 660 ut
708 606 895 675 possessiones

97 714 151 754 nou
173 696 363 759 venderentur,
379 693 428 749 sed
456 694 585 749 Ecclesiis
610 691 769 749 elidetibns
801 694 893 748 trade·

99 794 203 851 rentur,
219 791 349 856 quatenus
365 782 391 836 hi
421 783 465 853 qui
494 781 585 837 divino
608 783 718 836 servitio
747 782 894 851 mancipati

93 872 205 945 jejuniis
220 878 247 926 et
261 869 429 926 orationibus
444 869 586 935 vacabant,
604 869 746 924 facultates
762 868 895 923 haberent

96 962 169 1018 unde
183 958 326 1014 sustentari
353 958 511 1028 potuissent.
533 957 575 1012 hh
603 956 650 1011 illo
669 957 752 1026 igitur·
772 965 893 1025 tempore

96 1065 183 1119 nsque
196 1047 232 1102 ad
245 1051 366 1101 nostrum
380 1053 489 1101 aetatem
504 1044 621 1099 terrenis
641 1043 740 1114 opibus
756 1043 892 1097 mirabili-

96 1145 139 1193 ter
151 1135 270 1192 excrevit
283 1134 419 1190 Ecclesia.
438 1133 504 1188 Cum
520 1133 602 1198 enim,
624 1133 703 1201 juxta
736 1131 893 1187 vaticinium

97 1224 173 1280 isaiae
189 1224 261 1294 (xcv,
280 1223 334 1290 tt),
353 1220 428 1275 labor
441 1220 548 1292 rEgypti
568 1228 593 1275 et
618 1217 764 1291 negotiatio
788 1219 891 1272 AEthio-

97 1314 159 1385 piae,
175 1311 281 1383 virique
296 1309 426 1364 sublimus
441 1309 547 1374 saecnii,
564 1308 690 1364 videlicet
712 1306 790 1361 istius
818 1307 893 1377 priu-

96 1402 180 1473 cipes,
196 1399 231 1453 ad
248 1398 395 1453 Ecclesiam
410 1397 545 1462 venirent,
563 1404 602 1451 tot
617 1397 751 1466 tantisque
784 1410 892 1465 poss-es·

95 1489 202 1545 sionum
213 1483 353 1540 beneficiis
368 1500 428 1539 cam
442 1501 490 1554 per
504 1485 609 1538 diversa
621 1483 679 1539 loca
697 1484 778 1537 totins
807 1484 890 1552 hujus

97 1578 172 1631 orbis
186 1574 347 1636 ditaverunt,
363 1573 475 1627 utnulla
502 1573 642 1626 hominurn
665 1573 798 1626 memoria
824 1570 889 1625 nul-

949 431 1127 502 cupiscentias
1141 447 1206 487 suas
1220 431 1368 487 effluerent.
1385 434 1517 489 Caetorm
1531 434 1577 490 ille
1596 436 1644 506 qui
1672 446 1745 493 tem-

947 516 1088 585 poreEhae
1108 525 1211 586 septem
1238 517 1455 571 miltiavirurum
1480 518 1531 573 sihi
1560 519 1669 592 reliquit
1696 523 1744 595 qui

948 620 1002 657 non
1012 613 1192 660 curvaverunt
1206 621 1357 677 genuasua
1370 616 1431 664 ente
1446 609 1510 664 Baat
1531 611 1586 679 (tlt
1597 611 1668 683 Req.
1683 628 1741 681 xtx,

949 696 1000 759 ts;
1018 695 1095 748 ttorn.
1112 707 1149 759 xi,
1166 694 1202 761 t),
1220 695 1341 762 quaedam
1352 711 1419 751 vasa
1437 696 1629 755 misericordie
1643 702 1743 756 nostris

950 781 1117 850 temporibus
1131 783 1288 847 reservavit,
1307 784 1379 839 viros
1406 785 1510 841 scilicet
1534 787 1620 843 bonos
1643 798 1669 844 et
1694 804 1742 845 re·

948 867 1058 941 ligionis
1070 878 1219 934 amatores
1236 871 1281 940 qui
1297 871 1397 927 Christi
1411 875 1579 944 paupertatis
1592 885 1621 931 et
1635 876 1742 931 hnmili-

948 957 1010 1012 tutis
1026 967 1171 1011 sectatores
1185 958 1284 1011 multos
1303 959 1336 1012 ad
1352 960 1558 1018 admirationem
1580 965 1623 1018 sui
1649 963 1741 1019 imita·

946 1041 1103 1109 lienemque
1131 1050 1358 1110 provocaverunt.
1384 1043 1436 1097 tilii
1464 1061 1529 1101 vero
1557 1047 1676 1115 quidam.
1693 1047 1741 1119 qui

947 1136 1047 1182 tantum
1062 1127 1157 1199 gratias
1183 1144 1281 1183 munus
1300 1145 1353 1184 non
1381 1131 1558 1188 merebantur
1572 1136 1694 1206 assequi,
1710 1143 1741 1190 ut

946 1223 1086 1270 sumerent
1104 1215 1247 1285 psalmum,
1263 1225 1419 1289 tympanum
1434 1218 1543 1290 dabant,
1572 1222 1739 1278 seminantes

946 1303 1064 1358 carnalia
1079 1311 1108 1357 nt
1118 1311 1254 1359 meterent
1268 1305 1412 1374 spiritalia,
1427 1307 1463 1363 de
1485 1308 1541 1363 suis
1569 1309 1740 1367 facultatibus

945 1399 973 1446 at
986 1392 1206 1461 possessionibus
1220 1393 1327 1448 novitiis
1341 1395 1474 1460 ecclesiis,
1490 1404 1517 1453 et
1537 1400 1616 1467 qnasi
1639 1399 1741 1455 Christi

944 1479 1113 1548 pauperihus
1129 1478 1256 1534 libentius
1271 1482 1431 1552 erogabant.
1442 1484 1514 1538 tuter
1527 1501 1598 1555 quos
1613 1487 1741 1543 Ansellns

945 1567 1053 1637 quidam
1069 1567 1147 1621 annis
1162 1578 1188 1621 et
1202 1568 1314 1624 consitio
1326 1576 1463 1637 strenuus,
1484 1571 1616 1643 religione
1644 1582 1670 1629 et
1697 1575 1741 1631 ft-

95 1665 180 1736 loqne
208 1677 333 1717 sermone
349 1661 436 1715 valeat
462 1660 666 1730 comprehendi.
694 1660 724 1714 td
750 1675 815 1716 vero
844 1659 888 1712 in·
904 1696 931 1756 B
947 1655 1101 1709 miliaritatc
1116 1655 1335 1711 flaviacensium
1351 1659 1544 1714 monachorum
1566 1672 1740 1733 provocatus,

97 1752 317 1821 traGaliiaspcr
347 1748 466 1803 maxime
495 1748 595 1804 fuctum
628 1748 762 1803 estNum
788 1746 890 1802 Clodo-

96 1838 342 1908 vaus,qniprimus
357 1838 521 1891 Francorum
550 1853 595 1890 reu
621 1852 639 1889 a
665 1836 743 1890 beato
768 1834 892 1905 Remigio

97 1927 273 1985 hemensium
300 1925 505 1994 archiepiscopo
533 1923 692 1993 baptizatus,
719 1922 795 1977 titulo
822 1923 893 1977 Chri·

96 2023 238 2080 stianitatis
267 2022 363 2076 meruit
394 2020 521 2093 insigniri
540 2020 724 2090 :plurimique
744 2027 805 2090 post
831 2034 892 2074 euin

96 2124 178 2181 reges
211 2106 399 2162 liberalissima
442 2104 636 2160 munificentia
672 2103 714 2159 vel
758 2103 893 2158 Ecclesiae

96 2197 257 2265 fundavere,
272 2194 315 2249 vel
330 2193 455 2247 fundatas
467 2193 502 2246 ab
516 2192 577 2247 aliis
588 2192 638 2263 ipsi
655 2193 710 2246 suis
732 2192 893 2245 muneribus

96 2283 263 2356 amplificare
278 2282 449 2336 studuerunt.
474 2281 601 2335 Procerus
624 2294 686 2334 vero
710 2279 789 2350 regni
817 2282 892 2347 ejus-

95 2372 157 2428 dem
180 2371 273 2443 gruhae
300 2373 440 2440 cupientes
464 2367 523 2422 lieri
545 2368 687 2438 participes
705 2367 804 2438 aliique
831 2382 890 2421 om·

98 2461 172 2516 nium
187 2475 317 2530 generum
328 2457 379 2513 viri
394 2457 428 2511 ad
448 2465 501 2511 tarn
517 2456 721 2511 celeberrimum
745 2470 815 2526 opus
844 2470 893 2525 pro

97 2555 276 2629 possibilitate
291 2570 341 2608 sua
355 2559 410 2608 tota
425 2553 523 2607 mentis
537 2551 675 2607 alacritate
694 2559 888 2608 cucurrerunt.

97 2654 175 2709 Unde
190 2659 251 2722 post
267 2651 408 2719 aliquanto
423 2662 544 2719 tempore
558 2647 655 2702 factum
685 2655 726 2703 est
754 2655 783 2702 nt
807 2649 894 2718 paleae

97 2748 241 2818 qnaeintra
262 2746 407 2801 Ecclesiam
436 2752 520 2809 erunt,
545 2745 647 2800 divitiis
672 2744 893 2809 intumescerent,

94 2855 122 2901 et
136 2844 222 2900 nostri
243 2845 322 2899 etiarn
346 2843 450 2899 ordinis
464 2841 641 2913 professores,
658 2840 730 2910 quod
753 2856 808 2896 non
836 2842 895 2896 sine

946 1744 1063 1813 primum
1089 1743 1198 1812 quidem
1230 1744 1372 1799 ecclesiam
1401 1746 1603 1815 Stripiniaci,at
1629 1766 1688 1820 quae
1712 1752 1743 1808 in

947 1830 1012 1884 villa
1026 1829 1072 1885 illa
1094 1830 1259 1899 possidebat,
1277 1833 1419 1889 monachis
1444 1835 1662 1893 Flaviacensibus
1689 1840 1742 1894 ob-

948 1918 1015 1983 tulit,
1035 1934 1066 1972 ac
1101 1917 1199 1973 deinde
1235 1920 1442 1977 Manciniacense
1468 1924 1607 1992 praediunt,
1635 1928 1666 1982 in
1689 1943 1744 1999 quo

947 2006 1061 2059 ecclesia
1076 2005 1126 2060 ista
1139 2006 1166 2060 in
1182 2006 1282 2062 honore
1292 2016 1393 2064 sanctae
1407 2010 1544 2066 Trinitatis
1564 2012 1673 2070 lundata
1690 2025 1742 2086 est,

948 2093 1049 2148 Christi
1064 2094 1151 2165 gratia
1171 2104 1319 2166 praeennte,
1339 2099 1460 2154 contulit.
1476 2101 1509 2155 Et
1536 2103 1663 2171 qnoniam
1690 2121 1742 2175 pe·

948 2197 981 2236 ne
1001 2184 1103 2246 ornnia,
1122 2199 1182 2253 quae
1196 2198 1212 2238 a
1228 2184 1405 2242 fundamento
1419 2187 1500 2256 hujus
1514 2190 1641 2246 Ecclesia
1656 2210 1742 2265 nsque

948 2270 982 2323 ad
996 2277 1086 2324 nostra
1102 2277 1226 2341 tempora
1235 2273 1457 2341 decucurrerunt,
1472 2291 1487 2330 a
1500 2276 1596 2333 Tenlfo
1611 2279 1740 2351 quodam,

948 2357 993 2427 qui
1010 2356 1119 2425 juvenis
1137 2359 1166 2413 in
1190 2361 1305 2416 ecclesia
1332 2363 1385 2418 ista
1413 2365 1537 2433 nutritus,
1557 2365 1587 2421 in
1615 2368 1742 2424 abbatem

947 2455 1106 2509 monasterii
1121 2454 1280 2512 Sanctorum
1295 2457 1410 2529 Crispini
1432 2468 1459 2515 et
1486 2461 1643 2531 Crispinieni
1671 2467 1743 2536 apud

948 2550 1140 2606 Suessonicam
1156 2553 1251 2608 urbem
1267 2564 1406 2624 promotus
1432 2564 1484 2624 est,
1504 2561 1645 2629 superiore
1672 2561 1744 2620 libro

948 2648 1166 2703 veracitersdita
1179 2658 1252 2716 sunt,
1272 2666 1368 2707 eorum
1392 2669 1453 2722 quae
1479 2655 1594 2710 vidimus
1609 2665 1634 2713 et
1662 2660 1744 2715 audi·

949 2744 1035 2799 vimus
1058 2760 1141 2815 pericu
1161 2747 1342 2816 praelibantes,
1363 2765 1423 2821 quae
1456 2753 1608 2808 necessaria
1632 2754 1743 2825 judica-

950 2844 1037 2897 vimus
1050 2844 1201 2914 posteritati
1217 2846 1403 2903 transmittere
1417 2849 1584 2908 curavimus.

772 3044 901 3118 Explicit
914 3047 1055 3120 prologus.

510 3226 743 3333 INCiPlT
780 3225 965 3329 LIBER
1004 3227 1333 3334 SECUNDUS

131 3482 209 3537 Anno
220 3477 349 3534 incarnati
363 3472 446 3532 Verbi
461 3472 540 3538 ttoa,
556 3471 695 3542 Philippus
709 3485 759 3526 rex
776 3467 1090 3536 Franco-cSalvatoris
1122 3469 1269 3525 adventum
1302 3482 1456 3543 exspectat.
1486 3475 1687 3538 Convenientes
1712 3483 1740 3541 in

96 3584 159 3626 rum
171 3568 244 3638 apud
259 3565 421 3619 ltiledunum
437 3569 552 3617 castrum
565 3560 645 3615 rebus
660 3559 785 3614 humanis
799 3573 896 3612 exem·
949 3573 1032 3611 unum
1057 3557 1156 3613 fratres
1179 3567 1205 3613 ct
1232 3559 1266 3613 de
1294 3559 1434 3628 electione,
1464 3564 1533 3621 sicut
1560 3568 1743 3627 ecclesiastica

96 3664 169 3728 ptus,
182 3656 365 3725 juxtavotum
381 3649 730 3706 etdeliberationemsuam
754 3654 895 3701 monaste·
949 3646 1114 3701 consuetudo
1140 3647 1264 3718 requirit,
1289 3655 1439 3719 tractantes,
1455 3652 1580 3709 Teutfum
1609 3657 1742 3728 illurn,de

96 3744 138 3799 „0
152 3741 285 3806 glorifico,
302 3739 372 3810 quod
382 3738 408 3791 in
423 3738 525 3792 honore
541 3737 623 3790 sancti
650 3734 784 3790 Benedicti
813 3748 896 3803 super
949 3748 1002 3803 quo
1013 3733 1041 3787 in
1056 3734 1169 3807 prologo
1184 3735 1297 3791 lecimus
1311 3740 1485 3808 mentionem,
1502 3741 1640 3800 hominem
1663 3746 1743 3805 bonta

97 3831 209 3886 hovium
232 3829 349 3900 Ligerim
374 3825 453 3880 sitnm
473 3833 523 3889 est,
557 3822 706 3879 honorifice
736 3823 892 3876 tumulatur.
949 3821 1029 3877 fatuae
1058 3831 1084 3876 et
1106 3824 1172 3877 sutis
1199 3824 1354 3893 litteratum,
1378 3843 1410 3882 er
1431 3831 1552 3900 prioratu
1584 3846 1744 3904 promovent

95 3919 157 3975 Fuit
171 3918 213 3973 hic
227 3917 270 3972 vir
284 3914 527 3985 miraeprudentiae,
544 3921 570 3968 et
597 3928 661 3983 erga
689 3912 769 3966 istum
792 3910 893 3975 locum,
947 3905 975 3959 in
994 3905 1131 3961 abbatem.
1155 3907 1208 3963 Sed
1239 3909 1319 3964 solita
1338 3911 1466 3968 facilitate
1492 3916 1531 3970 usi
1561 3932 1654 3974 eorum
1681 3922 1744 3993 qni-

97 4009 148 4078 qui
170 4020 219 4061 suo
247 4013 369 4073 ternpore
400 4002 490 4072 ooepit,
507 4009 533 4055 et
562 3999 835 4056 benevolentissimus
867 4006 895 4054 et

97 4092 384 4159 ninnihcentissimns;
400 4105 517 4160 cumque
532 4089 635 4143 videret
650 4088 788 4142 abbatiam
816 4089 895 4143 istum

97 4196 244 4257 procerum
285 4194 397 4234 suorum
430 4178 548 4232 virorum
581 4177 781 4246 stampensium
817 4175 894 4230 donis

99 4285 181 4342 supra
193 4284 272 4339 spem
295 4281 464 4334 excrescere,
480 4265 521 4320 vir
547 4264 650 4320 altioris
664 4264 767 4336 ingenii
786 4271 815 4318 ut
833 4278 894 4317 eam

97 4360 126 4415 in
141 4357 341 4427 eleemosynam
355 4354 514 4426 possideret,
529 4353 594 4410 emit
615 4368 676 4408 eam
698 4353 733 4408 sb
757 4352 892 4418 Ebrardo,

99 4443 133 4500 de
147 4443 225 4512 cujus
240 4439 319 4495 feodo
335 4438 478 4510 pendebat,
495 4438 540 4509 qui
550 4436 675 4492 dominus
691 4436 792 4493 Puteoli
807 4437 893 4494 hube-

98 4532 188 4599 batur,
203 4537 230 4584 et
239 4527 387 4584 Jerusalem
401 4524 636 4597 proficiscebatur.
655 4523 790 4581 Successit
804 4533 894 4580 antem

98 4621 123 4676 ei
137 4619 166 4674 in
180 4632 295 4688 regnum
308 4614 459 4670 Ludovicus
473 4612 543 4668 tilius
557 4614 629 4683 ejus,
654 4614 736 4668 homo
764 4612 895 4684 simplicis

947 3994 1009 4047 dam
1024 3995 1193 4051 contumeliis
1217 4012 1278 4052 enm
1304 3997 1431 4069 afficiunt,
1452 4010 1479 4057 et
1505 4013 1649 4078 antequam
1675 4024 1745 4065 con·

948 4092 1142 4151 sacraretur,a
1171 4087 1343 4155 promotione
1371 4089 1512 4159 dejiciunt.
1552 4095 1674 4153 Consilio
1700 4107 1745 4153 ts·

947 4185 1011 4225 men
1033 4173 1214 4242 quorumdam
1242 4173 1405 4245 sapientium
1432 4179 1617 4252 acquiescens,
1648 4186 1748 4243 rotun·

947 4259 1046 4313 tatibus
1074 4275 1169 4315 eorum
1200 4268 1228 4316 et
1246 4261 1304 4333 ipse
1322 4267 1467 4322 consensit.
1497 4269 1581 4340 igitur
1605 4272 1666 4328 aliis
1692 4275 1746 4332 alia

948 4347 1137 4418 sentientibus,
1152 4350 1258 4406 cumde
1273 4351 1399 4424 eligenda
1425 4372 1555 4427 persona,
1580 4359 1653 4416 sicut
1680 4378 1745 4419 mo·

947 4435 985 4491 ris
1004 4443 1054 4503 est,
1084 4436 1130 4491 din
1157 4439 1288 4493 sententie
1316 4441 1467 4512 titubasset,
1498 4446 1607 4503 tandem
1635 4451 1745 4523 hugoni

948 4522 1057 4580 cuidam
1079 4524 1172 4593 juveni
1190 4528 1257 4581 satis
1277 4526 1404 4600 eleganti,
1421 4540 1523 4604 etpost
1537 4536 1671 4606 primores
1696 4555 1746 4596 rc·

948 4611 1038 4684 gionis
1062 4612 1143 4682 hujus
1170 4613 1251 4669 claris
1282 4617 1416 4674 natalibus
1447 4621 1571 4689 oriundo,
1608 4627 1748 4683 communi

98 4715 212 4775 naturae,
235 4703 435 4776 magnanimus,
464 4709 545 4772 atque
568 4702 595 4756 in
619 4701 714 4757 militia
736 4702 893 4772 praeclarus.
949 4702 1057 4756 decreto
1067 4717 1097 4755 se
1112 4711 1280 4773 supponunt.
1301 4706 1404 4776 Regem
1417 4717 1558 4780 praterea,
1570 4713 1616 4784 qui
1636 4714 1664 4770 id
1686 4730 1747 4770 orn·

96 4795 150 4867 Qui
164 4795 192 4848 in
206 4792 351 4848 dilectione
373 4799 400 4846 ct
423 4789 633 4861 amplificatione
654 4790 736 4860 hirjus
759 4790 892 4856 ecclesiae,
908 4821 934 4882 D
949 4788 1013 4844 nino
1027 4786 1085 4845 tisri
1109 4791 1295 4860 prohibuerat,
1310 4794 1389 4850 dictis
1413 4797 1550 4870 ambiguis
1577 4800 1746 4872 refellentes,

96 4879 295 4951 utbonipatris
318 4878 404 4934 honus
429 4878 509 4944 iilius,
526 4894 574 4950 per
602 4880 694 4934 omnia
722 4879 894 4935 decessorem
949 4878 1062 4932 electum
1092 4893 1170 4932 suum
1203 4881 1238 4935 ad
1265 4884 1477 4940 consecrandum
1501 4887 1622 4954 Senones
1643 4890 1748 4947 dogunt

96 4982 178 5028 snum
193 4968 312 5023 imitatus
332 4975 382 5037 est,
403 4965 455 5022 nisi
474 4966 546 5040 quod
561 4967 588 5021 in
604 4967 715 5039 negotio
730 4967 802 5037 quod
826 4967 895 5022 inter
948 4972 974 5020 et
989 4981 1038 5036 per
1054 4965 1125 5019 iliius
1143 4966 1287 5024 amicorum
1311 4970 1494 5029 interventum
1523 4991 1591 5049 rege
1617 4981 1746 5036 reconci-

97 5070 148 5111 nos
174 5059 201 5107 et
228 5051 373 5106 canonicos
393 5051 568 5121 stampenses
595 5051 716 5106 habitum
743 5058 794 5118 est,
823 5065 894 5120 quo·
948 5052 1022 5118 liato,
1034 5053 1133 5110 abbate
1148 5058 1288 5126 potiuntur
1307 5066 1408 5130 optato.
1424 5063 1462 5117 at
1477 5062 1524 5118 ille
1542 5065 1663 5122 nondum
1683 5067 1748 5124 anni

97 5141 222 5200 rumdam
236 5139 349 5195 consilio
363 5138 530 5205 deturbatus,
538 5139 731 5211 aliquantisper
747 5139 893 5194 aberravit.
948 5140 1050 5197 circulo
1068 5143 1219 5214 completo.
1231 5148 1482 5205 contradicentibus
1501 5151 1553 5208 sibi
1566 5162 1594 5208 et
1607 5153 1703 5211 amicis
1721 5163 1750 5212 et

98 5231 187 5304 Regni
206 5230 265 5298 ejus
284 5242 355 5283 anno
375 5242 395 5281 ιι
423 5226 579 5294 Ruinaidns,
609 5227 689 5297 hujus
712 5227 764 5282 loci
792 5228 895 5299 primus
949 5228 1133 5293 familiaribus,
1151 5241 1246 5302 sponte
1260 5251 1336 5290 suam
1365 5245 1391 5291 ct
1414 5238 1550 5295 abbatiam
1576 5240 1697 5310 dimittit,
1721 5249 1750 5299 et

100 5318 194 5386 abbas,
210 5323 271 5388 post
285 5314 496 5372 innumerabiles
514 5315 725 5388 prosperitatum
747 5323 773 5371 et
800 5317 896 5371 adver·
949 5316 1092 5374 ecclesiam
1108 5316 1199 5375 Sancti
1213 5322 1311 5378 tuliani
1326 5339 1411 5397 prope
1432 5325 1536 5383 Turrim
1563 5330 1748 5389 Brunichiidia

102 5396 209 5463 citatum
263 5401 464 5471 dimicationes,
507 5405 580 5461 viam
628 5405 764 5462 universa
808 5405 898 5460 carnis
951 5404 1031 5462 situm
1052 5407 1160 5463 sonitus
1184 5417 1236 5479 est,
1254 5410 1345 5483 ibique
1368 5414 1503 5486 privatam
1526 5416 1631 5491 degens
1662 5420 1748 5477 vitem

98 5500 264 5581 ingreditur,
279 5504 307 5558 et
327 5500 355 5557 in
377 5501 497 5577 capitulo
511 5509 606 5559 nostro
626 5502 746 5575 sepultus
769 5502 895 5559 ultimum
951 5502 1111 5561 morabatur
1125 5505 1190 5563 dnm
1216 5508 1401 5567 scriberentur
1431 5512 1503 5571 hac.
1521 5514 1560 5572 Ea
1586 5522 1749 5591 tempestate
