3728 6000
356 242 420 301 ttn.
441 244 486 301 ntt
505 245 754 303 ,ttiSERtCORDtd
775 246 819 303 nl
836 244 1000 304 lustrata.
1014 276 1050 287 -—
1064 248 1149 306 PARS
1163 250 1211 307 tlt.
1557 256 1610 315 sat

81 384 119 434 m,
135 384 170 426 or
184 370 301 440 bociam
317 379 437 427 nostram
453 387 507 426 non
527 387 587 426 esse
603 370 756 428 Ecclesiam
772 372 799 431 Α
813 386 926 426 mercor
948 372 1007 442 ejus
1030 372 1057 428 in
1086 373 1189 430 matitia
1211 391 1399 448 perseverans,
1436 382 1611 449 peecatorum

76 467 143 513 ntur.
159 459 187 514 Si
202 466 292 515 autern
317 461 466 515 dixerimus
488 476 541 515 non
557 469 672 533 generat
688 479 694 515 :
711 479 760 517 cur
814 459 989 516 abolitionem
1003 477 1056 517 non
1074 463 1165 519 sinere
1184 470 1275 535 potest
1290 464 1368 531 herm
1384 473 1465 538 atque
1479 468 1515 523 ila
1530 470 1610 526 intel·

79 548 185 619 quiunt,
201 550 274 618 apud
295 565 345 604 vos
368 565 423 604 non
442 561 622 604 renascuntur
644 567 693 621 per
714 551 760 605 ba·
814 547 896 621 ligem
920 550 1001 605 eliani
1020 560 1116 606 contra
1139 553 1297 609 Ecclesiam
1321 555 1418 610 Christi
1443 557 1609 629 baptismum

76 654 98 701 ι,
115 636 160 709 qui
178 646 318 694 transeunt
342 639 455 693 anobis
474 640 507 694 ad
533 640 758 710 ros,cumapud
814 637 908 692 eadem
932 641 1094 695 sacramenti
1122 643 1304 699 celebratione
1328 643 1385 699 dari
1413 653 1438 700 et
1462 648 1543 715 sumi,
1566 649 1612 719 qui

75 725 125 781 rint
150 726 284 797 baptizati,
308 728 330 781 si
357 728 477 782 nondum
502 728 556 781 nali
577 730 660 782 sunt‘?
675 728 757 797 Quasi
813 735 903 782 tamen
920 736 985 783 tnnc
999 737 1102 784 tantum
1125 732 1210 801 prosit
1226 732 1258 787 sd
1280 733 1464 790 remissionem
1479 747 1610 806 peecato-

83 816 137 873 hoc
148 824 260 887 generat
282 816 353 871 unde
373 828 498 887 soporata
523 826 573 882 est,
590 833 644 873 non
659 834 691 872 ex
707 818 759 874 hoc
812 832 882 881 rum,
898 833 960 871 cum
975 817 1118 890 quisquam
1134 821 1325 877 reconciliatus
1342 823 1448 889 unitati,
1465 827 1612 899 sacrilegio

75 908 200 976 onjumxa
225 913 275 961 est.
292 906 422 977 Sepnrsta
447 915 487 962 est
514 908 585 962 enim
611 922 626 962 a
649 907 758 963 vinculo
812 904 991 961 dissensionis
1006 910 1113 963 exuitur
1129 924 1135 964 :
1150 925 1203 980 quo
1223 919 1337 981 peccata
1360 912 1419 984 ejus
1441 915 1611 985 tenebantur,

74 995 97 1049 js
111 1003 138 1049 nr
152 995 236 1066 pacis,
251 995 298 1050 sed
317 995 411 1064 jnneto
427 1003 466 1050 est
489 996 589 1051 unitate
604 995 757 1067 baptisma·
811 1010 863 1051 nec
878 994 975 1050 dimitti
991 997 1159 1052 sinebantur.
1189 999 1263 1055 Sicut
1287 1001 1331 1057 hic
1349 1000 1426 1058 flotus
1447 1018 1500 1060 non
1521 1005 1612 1063 denuo

78 1099 115 1139 ue
137 1100 192 1139 una
215 1092 256 1139 est
279 1084 412 1149 Ecclesia,
437 1099 497 1156 qliae
521 1084 579 1140 sola
603 1086 759 1141 nominatur
812 1083 975 1153 baptizatur,
1003 1085 1051 1140 sed
1073 1087 1252 1144 confessionis
1272 1091 1445 1161 correptione
1471 1103 1612 1175 purgatur,

75 1188 89 1227 a
108 1190 116 1227 ς
143 1181 170 1228 et
194 1172 324 1246 quietquid
346 1174 429 1228 habet
450 1190 528 1228 suum
552 1174 579 1228 in
602 1182 755 1229 commula—
811 1172 884 1243 quod
899 1172 958 1227 sine
974 1172 1110 1244 baptismo
1126 1173 1184 1231 beri
1199 1193 1252 1232 non
1268 1185 1366 1249 potest,
1378 1181 1428 1235 sed
1440 1181 1612 1252 quoddatum

87 1260 257 1317 diversorum
273 1277 289 1317 a
304 1279 351 1317 sus
366 1262 467 1317 unitate
486 1263 627 1333 separatis,
644 1279 693 1333 per
706 1263 757 1318 hoo
811 1268 853 1316 est
867 1269 933 1317 ante
947 1269 1011 1317 tunc
1025 1263 1120 1319 valere
1133 1265 1238 1336 incipit,
1254 1266 1453 1325 cumiltahclio
1466 1286 1532 1327 vers
1546 1288 1611 1329 con·

85 1350 125 1406 eis
140 1351 231 1415 habel,
248 1352 308 1422 ipsa
324 1351 416 1422 utique
432 1360 554 1423 generat,
571 1368 626 1406 non
639 1352 695 1419 itti;
710 1368 757 1407 ne·
812 1348 930 1405 sessione
944 1352 1096 1408 recesserit.
1112 1352 1159 1409 Sic
1172 1354 1218 1427 qui
1233 1355 1261 1409 in
1284 1357 1381 1411 haeresi
1402 1358 1447 1413 rel
1462 1362 1610 1418 schismate

75 1440 157 1495 aratio
178 1455 272 1495 norum
297 1449 421 1513 general,
442 1441 490 1495 sed
515 1440 587 1512 qnod
610 1457 702 1496 secum
722 1441 756 1496 de
810 1438 961 1508 baptizatus
975 1447 1026 1505 est,
1042 1456 1096 1512 qrro
1110 1442 1212 1498 scelere
1234 1453 1345 1515 peccata
1360 1460 1415 1501 non
1434 1446 1609 1505 dimitteban-

75 1536 174 1584 nerunt.
192 1528 271 1597 Quod
286 1530 309 1583 si
325 1537 351 1583 et
362 1529 569 1595 hoe-dimittant,
581 1530 691 1585 omnino
702 1545 755 1584 nun
811 1532 864 1595 tur,
880 1528 985 1584 eumad
1000 1529 1130 1586 Ecclesiae
1142 1532 1277 1587 unitatem
1303 1535 1417 1599 venerit,
1433 1550 1488 1591 ιιοιι
1509 1537 1608 1595 iterum

75 1641 111 1673 .·
135 1620 202 1673 item
227 1618 255 1672 in
277 1618 346 1673 libro
365 1618 578 1684 Sententiarum,
600 1635 661 1690 cap.
680 1622 754 1674 till:
811 1616 986 1686 baptizandos
1004 1625 1062 1682 est;
1084 1620 1145 1688 quis
1167 1620 1228 1691 ipsa
1250 1623 1470 1679 reconciliatione
1495 1640 1526 1682 ae
1544 1643 1609 1698 pace

75 1709 202 1763 rotellam
213 1716 301 1762 utrum
314 1709 756 1779 [seccatodimittunturpertsnpti-
769 1736 795 1795 B
810 1712 962 1776 praestatur,
978 1717 1007 1761 nt
1030 1708 1065 1761 ad
1088 1707 1276 1765 remissionem
1301 1720 1475 1781 peccatorum
1500 1717 1560 1786 ejus
1580 1718 1608 1773 in

75 1797 97 1850 in
123 1805 199 1867 parto
221 1797 323 1852 Donati
349 1812 356 1851 ;
380 1804 409 1851 nt
429 1798 451 1851 si
474 1798 623 1851 dixerimus
644 1798 752 1863 dimitti,
809 1796 910 1850 unitate
930 1796 984 1864 jam
1008 1797 1138 1865 prodesse
1161 1798 1270 1868 incipiat
1293 1810 1503 1872 sacramentnm,
1534 1806 1608 1879 quod

75 1896 159 1941 eant:
188 1886 262 1958 Ergo
276 1893 318 1941 est
334 1887 387 1941 illic
404 1887 518 1956 Spiritus
533 1895 662 1952 sanctns;
689 1889 754 1958 qrria
808 1892 949 1955 acceptum
964 1884 992 1938 in
1016 1887 1163 1942 schismate
1184 1887 1320 1958 prodesse
1339 1904 1392 1945 non
1414 1898 1543 1961 poteral;
1564 1900 1611 1955 vel

76 1973 183 2029 uthanle
207 1975 333 2042 Domino,
359 1974 436 2029 datus
457 1979 507 2037 est,
531 1984 593 2032 tnnc
615 1976 755 2045 discipulis
809 1988 863 2027 ιιοιι
894 1973 994 2042 proluit
1025 1973 1184 2042 baptismus,
1211 1976 1274 2046 quia
1297 1976 1413 2047 Spiritus
1436 1990 1555 2050 sanctus,
1581 1988 1611 2041 ut

75 2066 178 2120 ntisnte
194 2069 291 2135 pentes
307 2067 338 2120 in
357 2067 472 2120 nornine
488 2066 581 2120 Putris
598 2070 626 2120 ct
643 2066 707 2120 rlltt
726 2069 754 2119 et
810 2067 923 2131 peecata
946 2062 979 2115 ad
1005 2071 1132 2132 punctum
1159 2066 1288 2135 temporis
1311 2065 1522 2136 dimitterentur,
1541 2081 1567 2128 et
1582 2081 1611 2129 ul

74 2155 231 2210 sannatisi
241 2154 461 2209 cnidimiseritts
470 2159 596 2224 precato,
608 2154 756 2209 dimitten—
810 2150 971 2205 recederent
984 2154 1068 2217 tellit,
1094 2161 1121 2207 01
1144 2154 1274 2209 ⁰⁰¹lli¹¹l¹0
1302 2157 1412 2211 l0⁰0⁵⁸i¹
1428 2167 1456 2213 ¹1¹
1477 2160 1609 2230 seditem·

75 2244 115 2298 :ni
125 2244 287 2309 tenneritis,
297 2244 586 2311 tenrtnmtnr(ltntttr.
599 2242 752 2311 asmiald).
809 2239 878 2294 sicut
893 2240 938 2309 erni
953 2238 988 2294 de
1003 2239 1122 2295 tenebris
1140 2258 1190 2312 per
1205 2241 1292 2298 lucem
1309 2245 1404 2299 transit
1424 2246 1458 2301 ad
1474 2249 1610 2320 tenebras,

74 2348 82 2386 t
96 2337 148 2399 est,
170 2332 306 2403 inquiunt,
322 2333 479 2387 communio
494 2340 584 2386 nostra
604 2341 642 2385 est
657 2332 756 2386 Eccle—
810 2327 857 2381 lux
872 2327 900 2381 in
915 2328 1028 2382 transito
1045 2343 1106 2383 eum
1130 2329 1269 2400 pertundit
1290 2339 1393 2388 tanturn
1411 2353 1417 2388 :
1433 2342 1461 2391 ιιι
1475 2341 1503 2392 et
1517 2355 1610 2396 rerum

74 2421 126 2474 isti.
142 2422 203 2475 Non
227 2421 298 2476 enim
321 2426 419 2491 praeter
441 2421 593 2476 Ecclesiam
615 2420 756 2475 dimissio·
810 2416 845 2471 sit
858 2416 970 2485 pervim
986 2418 1151 2474 sacramenti
1166 2418 1243 2475 botos
1258 2420 1293 2474 ad
1306 2432 1473 2480 momentum
1485 2427 1608 2497 iuduere,

74 2518 221 2566 emulorum
246 2513 374 2580 operetur
393 2509 510 2579 Spiritus
534 2513 656 2565 sanetus.
676 2510 709 2564 Et
731 2509 757 2564 si
811 2514 837 2560 et
852 2507 943 2560 statim
958 2522 1006 2562 eos
1021 2506 1149 2577 Spiritum
1163 2518 1288 2565 salictum
1304 2509 1434 2583 effugere,
1450 2515 1521 2571 sicut
1543 2519 1610 2574 scri-

74 2600 218 2654 wmmunio
242 2606 282 2653 es,
304 2598 424 2653 Ecclffla
445 2598 553 2663 Christi,
574 2614 628 2653 no„
644 2598 757 2655 051130.
811 2602 887 2666 ptum
902 2602 953 2665 est,
969 2595 1035 2666 quia
1050 2596 1082 2650 ad
1098 2596 1203 2669 aliquos
1218 2599 1300 2665 venit,
1317 2608 1344 2655 et
1362 2604 1531 2661 mansionem
1554 2622 1610 2664 ιιοιι

74 2687 166 2742 christi
196 2696 287 2742 rastra
315 2687 471 2743 cummunio
496 2703 502 2741 :
528 2703 581 2742 nna
606 2688 677 2742 enim
706 2695 754 2743 est.
812 2682 886 2737 tacit.
905 2682 959 2739 Sed
974 2685 1055 2754 priori
1071 2686 1310 2759 sententiaemagis
1323 2691 1411 2745 sancti
1422 2693 1608 2766 consentiunt;

81 2776 209 2832 columbo
221 2793 283 2831 men
296 2775 394 2837 (Colit.
413 2793 449 2841 rr,
467 2780 504 2837 tlt,
520 2791 574 2831 nou
590 2784 704 2847 possunt
718 2779 758 2830 tot
812 2780 839 2827 et
854 2772 1027 2827 verisimilius
1038 2782 1089 2840 est,
1108 2782 1134 2828 ut
1159 2775 1276 2831 haeretici
1296 2777 1323 2831 in
1343 2779 1439 2834 haeresi
1454 2797 1503 2838 sua
1527 2784 1610 2855 Spiri-
1635 2802 1647 2825 ι

74 2882 161 2921 cesse
184 2875 247 2937 quot
269 2867 423 2921 schismata.
449 2865 476 2919 Si
501 2874 589 2919 autern
610 2865 758 2920 dixerimus
812 2869 869 2915 tum
889 2870 1011 2917 sanctum
1040 2878 1090 2918 ¹¹⁰⁰
1117 2863 1192 2929 deni·
1222 2880 1273 2921 ¹¹0⁰
1300 2866 1442 2937 ὓθθῑΡῑθῦῑ·
1462 2868 1611 2939 0⁰⁰m⁰d⁰

80 2971 160 3026 posse
176 2955 272 3009 dimitti
287 2964 407 3027 peecata,
422 2970 498 3025 ergo,
515 2954 648 3025 inquiunt,
662 2954 757 3009 nonil·
812 2951 883 3004 enim
900 2950 1016 3020 Spiritus
1030 2960 1141 3008 sanctus
1156 2953 1243 3021 datur,
1267 2960 1298 3007 ul
1318 2955 1352 3009 sit
1375 2957 1487 3013 irritus‘t
1503 2984 1514 3009 n
1532 2960 1612 3031 Quod

75 3061 88 3099 ³
103 3045 271 3115 baplismus:
288 3054 313 3099 οι
336 3045 397 3098 jdffl
419 3061 486 3115 quos
499 3059 514 3098 a
529 3044 607 3098 nobjs
621 3043 758 3113 suscipirjs
772 3090 796 3155 C
812 3039 886 3093 idem
898 3039 961 3092 stibi
976 3039 1057 3094 etiarn
1073 3041 1245 3112 approbatio
1269 3041 1340 3098 libro
1362 3061 1380 3100 ιι
1402 3046 1441 3101 De
1461 3048 1608 3120 baptismo,

74 3150 96 3189 ‚e
110 3134 226 3189 debetis.
243 3134 321 3197 Quod
338 3134 401 3205 qnia
425 3150 479 3187 nnn
495 3133 594 3198 tacitis,
611 3133 636 3186 in
660 3133 755 3188 Eecte-
813 3143 872 3196 cap.
887 3130 939 3183 sot
957 3145 963 3182 :
982 3153 993 3176 ι
1007 3130 1093 3183 Etiam
1105 3129 1187 3186 eorde
1202 3130 1336 3186 tardiores
1346 3132 1512 3207 intelligunt,
1524 3139 1610 3211 bapti·

79 3239 133 3279 non
149 3239 210 3277 esse
227 3223 358 3277 fatemini.
376 3223 423 3276 llis
438 3222 595 3277 obsistimus
614 3222 650 3275 ita
670 3221 756 3276 inter·
811 3232 900 3271 surum
916 3218 1014 3272 Christi
1030 3217 1103 3272 nulia
1118 3219 1297 3289 perversitate
1312 3221 1400 3276 dantis
1415 3224 1458 3279 trel
1473 3228 1609 3300 accipien-

74 3313 214 3368 sthrnm
239 3312 410 3365 dimittuntur
436 3320 551 3380 peecata
571 3311 616 3364 ubi
641 3312 756 3366 charitas
812 3305 845 3359 lis
860 3321 941 3375 posse
964 3307 1071 3361 violari.
1094 3307 1147 3361 Sed
1170 3308 1232 3378 (ruia
1252 3308 1325 3364 aliud
1346 3323 1546 3371 sacramentum
1573 3319 1607 3374 ab

82 3403 97 3457 i
116 3402 230 3457 Peccata
254 3402 325 3456 enim
350 3409 410 3454 sunt
432 3401 562 3467 tenebrae,
587 3407 613 3453 et
633 3400 679 3471 qni
700 3401 758 3455 odit
811 3393 909 3449 ellectu
923 3395 1088 3450 sacramenti
1102 3400 1152 3463 est,
1169 3411 1232 3452 curn
1254 3397 1304 3453 hos
1327 3399 1373 3469 qui
1389 3401 1416 3454 in
1430 3402 1491 3473 ipsa
1504 3406 1607 3463 unitate

83 3508 171 3556 suum,
186 3491 349 3546 intenebris
367 3498 509 3557 estusque
534 3489 631 3544 udhne.
647 3489 674 3543 Si
690 3504 757 3559 ergo
812 3483 941 3540 Ecclesiae
955 3485 1058 3554 perdite
1074 3486 1177 3551 rirnnt,
1203 3494 1306 3541 constet
1328 3490 1515 3547 remissionem
1539 3511 1609 3566 pett-

74 3589 127 3636 rtur
149 3589 270 3651 peccata,
300 3580 436 3651 quomodo
467 3582 539 3648 apud
567 3579 756 3634 schismaticos
812 3574 1091 3638 catorumnecdare,
1108 3574 1378 3647 neohabereposse,
1395 3581 1528 3649 quianon
1545 3601 1607 3641 rna·

73 3671 247 3725 renascitur?
262 3668 332 3736 Quid
345 3676 385 3721 05,
399 3668 470 3722 enim
487 3667 600 3732 renasci,
617 3667 667 3720 „igi
682 3683 698 3721 a
714 3682 758 3722 ve.
812 3662 903 3733 lignis,
919 3663 966 3717 sed
979 3662 1168 3730 justisdictnm
1184 3671 1246 3719 est:
1264 3665 1609 3746 Sicnidimirceritispec·

77 3757 224 3812 renouari?
249 3755 393 3824 Quomodo
416 3764 506 3810 nutem
532 3763 688 3824 renovatur,
714 3755 757 3811 cni
811 3752 1305 3820 crrtn,dimittcntnr,·cnitcnebilis,
1322 3757 1604 3831 tenebanturdlonn.

73 3855 96 3901 'a
110 3862 164 3901 non
176 3846 350 3900 remittuntur
368 3845 501 3912 pererrat
517 3844 588 3914 qnod
608 3844 630 3896 si
646 3852 758 3900 renatus
811 3858 858 3905 xx,
875 3841 921 3910 23)
937 3856 944 3895 :
960 3849 1034 3912 potet
1048 3857 1095 3897 eos
1108 3842 1177 3897 dare
1192 3849 1298 3898 tantum
1318 3845 1361 3899 ret
1375 3848 1499 3917 accipere
1513 3867 1609 3909 sacra-

74 3951 148 4004 ,neo
165 3935 298 3990 Christum
315 3935 410 3988 induit.
427 3934 467 3988 lix
483 3949 536 4004 qrro
549 3933 654 3988 videtur
668 3934 758 3988 denuo
812 3939 932 3986 mentum
948 3931 1083 4001 baptismi.
1099 3931 1176 3986 Unde
1196 3934 1279 3987 etiam
1301 3948 1335 3989 er
1359 3936 1466 3991 concilii
1489 3943 1609 3998 auctori-

73 4024 153 4090 rdus;
170 4025 244 4096 qnia,
261 4032 289 4078 ιιι
303 4024 339 4078 ait
351 4024 510 4092 Apostolus,
526 4027 659 4096 quotquot
670 4024 758 4095 impti-
811 4028 865 4075 tate
880 4018 1013 4074 firmatum
1029 4027 1077 4084 est,
1089 4035 1168 4075 orem
1184 4029 1330 4087 errantem,
1355 4040 1416 4094 quas
1436 4026 1609 4088 Dominicum

76 4115 111 4179 is,
124 4113 270 4169 Christum
284 4112 421 4168 initnislis
438 4113 544 4177 (dolat.
554 4126 594 4178 ιιι,
605 4113 660 4181 27).
673 4112 757 4166 Porro
812 4111 993 4164 utraructerem
1009 4125 1024 4163 a
1040 4109 1116 4163 salsis
1131 4109 1353 4180 praedicatoribus
1373 4111 1439 4169 toris
1453 4129 1608 4190 acceperat,

87 4202 194 4258 Christo
219 4218 280 4255 enm
304 4201 419 4256 dicimus
439 4200 614 4271 baptizatum,
642 4200 758 4255 fatemur
811 4198 966 4253 venientem
982 4198 1017 4253 ad
1040 4197 1201 4255 Christianae
1222 4199 1346 4256 veritatis
1365 4202 1490 4271 salutem,
1506 4208 1541 4262 ab
1566 4226 1611 4266 er·

73 4307 97 4346 m
113 4291 237 4346 induisse
254 4310 259 4344 ε
277 4306 344 4361 ergo
359 4298 560 4362 regeneratum,
573 4298 758 4362 ergopeceala
811 4303 874 4343 rore
890 4287 1000 4359 corrigis
1016 4302 1031 4340 ³
1046 4286 1204 4358 militnm
1225 4288 1345 4354 liberari,
1364 4306 1380 4345 ¹²
1403 4293 1512 4349 “finem
1527 4312 1610 4353 ⁸⁸⁰³·

85 4396 157 4436 esse.
174 4378 320 4448 Quomodo
335 4378 606 4445 ergodicittuannes
619 4397 623 4432 :
637 4379 756 4445 Qniodit
812 4376 855 4446 ri;
877 4379 1062 4433 straracterem
1088 4385 1179 4431 tamon
1202 4377 1373 4434 Dominicum
1397 4379 1425 4434 in
1449 4397 1481 4437 ea
1501 4388 1611 4457 agnosci

73 4486 172 4527 esuum
184 4470 346 4524 intenebris
358 4467 754 4539 estusqnensthnedionmn,
770 4455 800 4518 D
816 4466 905 4537 potins
921 4481 1004 4538 quarn
1029 4465 1189 4535 improbari.
1208 4489 1219 4513 s
1242 4467 1311 4522 ttem
1332 4469 1498 4539 Augustinus
1519 4484 1613 4532 contra

73 4559 95 4613 io
109 4557 334 4614 odiosehismnlis
346 4564 457 4627 peccata
469 4557 664 4611 dimittuntur?
679 4556 757 4626 Quod
812 4555 967 4611 Donatistas
983 4571 990 4610 :
1009 4578 1020 4601 l
1039 4554 1109 4610 Sient
1125 4556 1218 4625 urgeri
1233 4555 1331 4610 videor
1345 4567 1454 4627 peecata
1468 4575 1530 4616 cum
1541 4562 1611 4632 jux·

73 4647 178 4704 solvunt
202 4648 339 4714 dicentes,
360 4647 430 4717 aprnl
456 4646 644 4701 schismaticos
666 4645 756 4715 bapti·
812 4652 840 4699 ts
865 4652 889 4699 le
909 4643 1044 4713 baptizat,
1061 4643 1101 4698 sio
1121 4649 1148 4698 et
1170 4659 1223 4715 ego
1247 4659 1346 4715 urgeor
1368 4660 1429 4701 cnm
1456 4648 1529 4706 dico.
1554 4653 1610 4708 Er·

73 4753 119 4792 ,011
134 4753 208 4792 0550,
228 4737 281 4791 ssd
298 4752 348 4789 nos
364 4734 435 4805 apud
450 4750 498 4789 eos
513 4736 592 4789 etism
608 4735 683 4789 itlum
700 4750 759 4789 esse
812 4748 850 4805 go
865 4740 892 4787 el
914 4748 1010 4788 avarus
1032 4731 1175 4803 religionis
1199 4732 1343 4788 simulator
1360 4745 1470 4805 peecata
1492 4739 1611 4799 dimittit.

73 4844 78 4881 ι
99 4827 134 4881 ita
156 4827 284 4881 solvimus
301 4843 307 4879 :
326 4826 354 4880 Si
376 4824 452 4879 lictus
474 4824 587 4895 quilibet
610 4824 644 4879 nd
669 4825 759 4894 bapti·
815 4823 842 4879 Si
859 4838 907 4894 per
920 4823 976 4876 rini
987 4820 1161 4883 sacramenti,
1176 4820 1245 4876 sicut
1261 4821 1308 4877 itte
1326 4831 1352 4878 et
1367 4824 1426 4881 itte.
1445 4826 1472 4882 Si
1487 4844 1538 4899 per
1550 4847 1612 4887 tne-

73 4916 177 4981 lcaedit,
196 4914 367 4969 dimittuntur
382 4915 406 4968 ei
429 4922 536 4984 peecata
559 4930 592 4967 an
608 4929 661 4968 non
672 4915 686 4965 ‘l
701 4913 759 4968 Eli·
815 4913 896 4967 rilnm
913 4926 1002 4975 suum,
1018 4925 1069 4966 nec
1084 4909 1131 4965 ille
1146 4926 1195 4965 nec
1210 4911 1266 4965 itte.
1280 4912 1347 4967 ttlud
1364 4912 1436 4968 enirn
1451 4932 1610 4976 sacramen-

72 5005 114 5060 ιοιι
129 5005 234 5061 volunt.
255 5005 283 5059 Si
294 5004 406 5058 dimissa
416 5004 542 5067 dixerint,
555 5002 760 5075 quomodoSpi-
816 5010 871 5057 tum
886 5010 912 5056 et
927 5000 954 5055 in
969 4999 1048 5055 matis
1058 4999 1214 5054 hominibus
1228 4999 1326 5055 Christi
1350 5018 1412 5058 esse
1426 5016 1610 5082 cognoscitur,

73 5111 171 5159 anetns
193 5102 344 5171 disciptinae
361 5100 473 5172 eifrrgiet
495 5101 596 5166 lictum,
613 5101 633 5154 si
656 5101 682 5155 in
708 5100 761 5156 boc
815 5101 841 5155 in
856 5115 970 5171 corpore
981 5106 1071 5153 autem
1087 5097 1174 5154 unitae
1195 5098 1331 5155 colombae
1349 5100 1538 5169 immaculatus.
1562 5124 1613 5165 nec

72 5202 228 5257 missionem
244 5208 556 5270 operntnrpeecalornm
570 5201 584 5250 ²?
600 5199 627 5253 Si
643 5198 760 5254 dixerint
815 5199 861 5254 ille
876 5214 926 5253 nee
940 5197 986 5252 itte
1001 5195 1147 5252 invenitur.
1165 5216 1177 5246 s
1194 5197 1260 5251 item
1285 5198 1451 5269 Augustinus
1475 5200 1503 5255 iu
1519 5202 1566 5259 lib.
1583 5220 1614 5262 vt

74 5300 224 5365 adimissa,
238 5314 333 5371 qurero
348 5300 369 5353 si
385 5298 529 5371 aliqnando
540 5298 674 5352 dationem
685 5313 761 5352 suam
815 5298 856 5353 De
871 5294 1004 5367 baptismo
1020 5311 1027 5348 z
1044 5315 1055 5341 s
1069 5293 1097 5349 Si
1114 5293 1174 5363 quis
1195 5293 1230 5348 nb
1253 5292 1368 5349 hmresis
1389 5295 1432 5349 ret
1456 5298 1612 5357 schismatis

72 5397 200 5453 enitentia
217 5398 332 5452 latentur
346 5397 439 5452 denuo
464 5393 618 5464 baptizandi
641 5392 762 5462 esseju-
816 5390 993 5461 perversitate
1017 5389 1060 5445 rel
1082 5388 1256 5460 separatione
1278 5404 1424 5446 conversos
1452 5393 1559 5450 venerit
1577 5397 1614 5455 ad

73 5496 109 5551 r‘?
123 5495 202 5565 Quod
216 5495 239 5551 si
254 5495 489 5551 dementissimum
504 5502 544 5550 est
561 5492 664 5557 dicere,
675 5491 761 5547 talea·
815 5486 977 5545 catholicam
991 5501 1097 5558 pacem,
1111 5486 1161 5543 snb
1176 5487 1273 5544 eodem
1294 5487 1457 5561 baptismate
1478 5493 1552 5564 quod
1564 5509 1614 5552 ao-

72 5609 108 5652 no
120 5593 260 5666 baptismo
274 5593 407 5666 baptizari
423 5608 504 5666 posse
516 5592 659 5663 loannem,
672 5597 701 5646 et
715 5594 760 5646 ta·
815 5594 938 5658 ceperat,
966 5586 1026 5656 eius
1054 5592 1167 5658 peecata
1189 5584 1357 5645 dimittentur
1379 5597 1491 5662 propter
1518 5592 1615 5651 rincu-
