3728 6000
95 184 126 239 ὅ)
549 173 735 231 aautlatt'n't
756 170 785 229 S.
807 173 957 230 aaattttt
976 171 1125 231 TORNAC.
1147 175 1293 230 auaittts
1712 177 1747 232 5!

100 306 256 367 Flandriam
271 303 365 371 tenuit,
394 298 756 371 multaquepotentiaefuit‚
786 298 1020 365 adeoutAtam,
1050 300 1280 373 praecepitqueut,
1306 299 1408 357 adscito
1423 301 1748 374 archiepiscopoEbora·

99 396 254 469 privignam
265 410 339 450 suam
349 392 388 463 (8)
399 389 504 445 duxerit
512 387 651 460 Philippus
660 405 707 443 rex
717 388 896 457 Francorum,

101 487 135 541 de
150 502 203 555 qua
217 484 312 557 genuit
325 496 418 553 regem
435 477 610 534 Lutlovicum.
640 477 768 534 Sororem
792 477 899 548 accepit

97 574 260 630 Guillelmus
284 569 651 633 comesNorthmannorum,
678 567 732 639 qui,
759 566 897 622 interiecto

97 662 215 719 lleraldo
239 678 306 733 rege
321 658 438 731 Angliaa
464 656 600 711 violenter
619 655 716 727 anglia
735 663 814 725 capta
828 655 897 710 duos

98 751 268 823 principatus
283 749 406 816 obtinuit,
437 745 559 801 existens
580 760 672 800 eomes
690 745 895 799 Northmanno-

96 857 155 899 rum
171 847 198 895 et
211 856 259 894 rex
270 837 430 910 auglorum,
442 835 476 890 ita
488 843 515 888 ut
530 834 557 887 in
572 833 661 906 sigilio
678 833 715 902 (9)
728 848 778 888 suo
793 847 827 887 ex
844 847 896 888 aaa

97 938 174 1003 parte
188 928 295 983 sederet
309 942 391 997 super
406 940 505 996 equum
518 930 547 977 ut
560 939 662 988 comes,
692 939 726 977 ex
740 922 793 976 alia
813 938 896 992 super

101 1019 229 1074 thronum
242 1033 301 1073 cum
317 1021 423 1086 sceptro
440 1018 469 1067 ut
484 1029 541 1078 rex,
567 1012 715 1084 genuitque
727 1009 896 1066 exltlathildc

98 1106 155 1163 tilia
169 1105 277 1163 comitis
290 1101 466 1159 Flandrensis
478 1104 536 1156 tres
547 1099 626 1168 filios,
638 1098 811 1156 Guillelmum
826 1099 897 1155 seili-

98 1204 152 1262 cet,
168 1195 214 1266 qui
229 1195 253 1249 ei
269 1194 371 1264 primus
386 1189 534 1256 suecessit3
559 1189 706 1245 liebertum
722 1188 766 1245 cui
780 1189 895 1244 comita-

34 1294 40 1301 ·
100 1291 158 1340 tum
172 1281 380 1340 Northmanniae
390 1278 476 1335 dedit.
496 1277 602 1334 Tertius
612 1275 682 1332 silius
697 1277 745 1334 tuit
755 1277 894 1346 llenrieas,

100 1372 145 1444 qui
160 1371 249 1444 primo
265 1369 373 1440 quidem
388 1368 455 1423 nibil
470 1366 574 1434 habuit,
590 1367 627 1422 ita
641 1375 670 1422 ut
682 1366 810 1423 defuncto
818 1374 895 1437 patre

952 389 1035 455 censi,
1044 399 1263 463 congregaretur
1272 390 1413 446 consilium
1424 390 1612 462 episcoporum
1622 396 1646 447 et
1658 391 1748 447 abba-

954 486 1008 533 tum
1025 480 1159 551 totiusque
1179 479 1285 551 hugliae
1300 479 1544 535 ecclesiasticarum
1560 497 1746 551 personarum,

951 567 986 624 ad
1000 567 1185 622 diffiniendum
1201 568 1385 623 ecclesiastica
1399 585 1518 624 censura
1540 576 1640 624 tantum
1659 586 1749 642 nego·

951 657 1028 712 tium.
1058 657 1086 710 ln
1102 657 1224 729 generali
1246 657 1302 727 (11)
1321 673 1389 729 ergo
1412 657 1527 713 concilio
1556 658 1684 731 requisita
1708 667 1751 714 est

952 746 1099 809 abbatissa,
1116 747 1144 800 ιιι
1159 747 1236 814 qu'us
1251 746 1415 801 ntonasterio
1429 747 1520 817 puella
1535 745 1581 801 illa
1597 747 1682 802 luerat
1695 764 1750 803 nu-

951 835 1023 900 trita,
1052 843 1197 889 utrumne
1221 850 1315 890 revera
1339 851 1413 890 more
1428 834 1671 890 sanctimonialium
1688 836 1750 892 velo

951 923 1032 995 capiti
1045 923 1171 995 imposito
1186 922 1375 979 benedictione
1390 923 1535 994 episcopali
1563 924 1656 980 inisset
1680 941 1749 980 con-

951 1021 1067 1069 secrata.
1075 1012 1369 1083 Responditabbatissa
1380 1012 1489 1082 publice
1499 1029 1592 1068 corum
1603 1013 1728 1069 omnibus
1740 1032 1746 1069 ε

954 1126 965 1150 ιι
982 1103 1086 1158 lterera
1100 1118 1148 1156 rex
1167 1103 1255 1158 David
1270 1109 1349 1173 pater
1363 1102 1423 1172 ejus
1438 1101 1504 1156 mibi
1528 1117 1588 1157 eam
1603 1118 1748 1159 commea-

950 1191 1034 1256 davit,
1064 1207 1119 1246 ana
1133 1198 1162 1245 ut
1182 1189 1394 1247 sanctimonialis
1415 1189 1500 1260 lieret,
1529 1191 1578 1246 sed
1599 1199 1627 1247 ut
1641 1190 1747 1248 solum·

950 1270 1032 1336 modo
1057 1280 1085 1334 in
1101 1279 1216 1336 ecclesia
1229 1290 1321 1336 nostra
1333 1287 1455 1351 ‚propter
1472 1279 1604 1336 cautelam
1619 1296 1680 1336 cum
1695 1297 1747 1337 cre-

951 1368 1017 1424 teris
1032 1369 1132 1440 puellis
1145 1368 1247 1425 nostris
1274 1369 1418 1425 coaetaneis
1445 1368 1502 1424 suis
1529 1370 1689 1438 nutriretur,
1718 1378 1747 1426 et

100 1477 150 1519 suo
165 1460 267 1531 inclyto
283 1474 348 1531 rege
362 1457 507 1514 Guillelmo
522 1455 642 1512 nonnisi
658 1455 735 1511 miles
745 1472 807 1512 cum
817 1464 897 1512 caete-

99 1545 897 1616 risesserideretur,sedmirabilisiortunaeumprosecuta

950 1458 1046 1514 litteris
1071 1459 1242 1525 erudiretur;
1273 1474 1334 1515 cum
1362 1467 1451 1514 autem
1480 1458 1539 1529 jam
1570 1457 1744 1527 adolevisset,

951 1548 1099 1604 nuntiatum
1115 1548 1181 1602 mibi
1198 1546 1312 1617 quadam
1328 1547 1372 1603 die
1387 1563 1481 1621 regem
1495 1546 1682 1614 Guillelmum,
1698 1547 1747 1602 do·

100 1648 140 1696 est
152 1659 159 1707 ;
171 1655 233 1694 uam
245 1651 393 1710 germanas
408 1634 638 1704 ejnsGuillelmus
654 1650 701 1689 rex
713 1635 821 1702 juvenis
835 1651 895 1690 cum
912 1656 938 1718 Β
953 1636 1019 1692 mini
1031 1637 1082 1692 mei
1098 1637 1467 1710 ragisllenricigermanum,
1484 1636 1528 1707 qui
1545 1645 1611 1692 tunc
1625 1636 1746 1703 vivebat,

99 1734 161 1802 pust
170 1727 266 1784 decem
274 1725 332 1799 (10)
341 1740 428 1780 annos
438 1723 494 1780 lere
503 1723 581 1795 regni
591 1723 632 1778 sui
643 1723 669 1778 ia
676 1722 773 1778 silvam
782 1723 845 1780 isset
856 1740 899 1780 ve·
953 1734 1064 1797 propter
1075 1741 1135 1780 eam
1150 1724 1296 1781 videndam
1310 1725 1425 1795 venisse,
1449 1725 1561 1798 jamque
1576 1741 1636 1780 cum
1653 1724 1748 1779 militi-

100 1825 205 1885 natum,
216 1824 243 1872 et
253 1816 363 1871 vidisset
374 1830 456 1870 unum
472 1829 587 1869 cervum
599 1819 899 1884 transeuntempraece-
953 1815 1003 1870 bas
1024 1815 1079 1870 suis
1100 1823 1161 1869 ante
1179 1816 1277 1883 ianuas
1297 1815 1419 1871 ecelesiae
1440 1823 1539 1870 nostrae
1564 1812 1747 1881 descendisse,

101 1907 142 1979 pit
156 1904 235 1961 militi
249 1921 308 1973 suo,
324 1903 434 1959 nomiae
448 1901 570 1958 Waltero
585 1901 695 1968 Thallo,
716 1909 743 1957 ut
758 1917 820 1957 cum
835 1917 898 1956 areu
951 1912 1033 1973 utque
1046 1904 1138 1975 januae
1160 1904 1211 1959 sibi
1227 1903 1323 1959 orandi
1339 1902 1428 1977 gratia
1451 1903 1621 1973 aperirentur
1642 1918 1749 1974 praece-

105 2003 132 2052 et
146 1993 253 2066 sagittis
269 2002 345 2048 stans
357 1999 453 2047 contra
468 2007 508 2058 se,
534 2005 567 2044 ex
591 1989 643 2045 alia
663 1997 742 2060 parte
764 2006 817 2045 noa
834 2006 898 2060 per·
952 1993 1033 2064 pisse.
1063 1994 1121 2048 Hoc
1136 1993 1249 2048 audiens
1270 1993 1436 2062 nimiumque
1455 1992 1606 2063 perterrita,
1633 2007 1667 2047 ne
1682 1991 1751 2048 lurta

101 2083 220 2139 mitteret
234 2097 347 2139 cervum
363 2079 498 2148 transire;
520 2078 568 2134 sed
582 2079 670 2148 miles,
688 2087 898 2148 tensoarcupro
952 2082 997 2137 ille
1022 2085 1053 2137 ut
1070 2081 1179 2151 juvenis
1202 2089 1229 2137 et
1254 2097 1302 2136 rex
1319 2080 1476 2149 indomitus,
1506 2080 1552 2153 qui
1576 2096 1657 2136 omne
1678 2080 1751 2151 quod

101 2187 184 2230 cerro
199 2172 323 2244 sagittam
342 2169 458 2240 jaciens,
488 2184 581 2239 regem
604 2167 632 2222 in
647 2167 730 2224 corde
752 2167 896 2239 percussit,
952 2172 1043 2226 animo
1067 2171 1118 2225 sibi
1138 2170 1299 2226 occurrisset
1327 2170 1398 2226 illico
1427 2169 1519 2226 lacere
1542 2169 1661 2235 volebat,
1691 2170 1750 2225 visa

101 2268 128 2318 et
151 2260 209 2315 siue
224 2275 303 2316 mora
317 2257 462 2314 exstinxit:
492 2257 586 2328 sicque
608 2257 740 2312 henricus
752 2272 899 2329 germanus
952 2259 1150 2330 pulchritudine
1165 2259 1262 2329 nuettae
1281 2259 1400 2332 aliquam
1421 2259 1446 2314 ei
1461 2259 1580 2314 illicitam
1593 2257 1748 2315 violentiam

101 2348 150 2422 qui
177 2347 245 2404 nihil
272 2354 350 2402 natea
376 2347 520 2414 habuerat,
546 2345 571 2401 ei
596 2345 625 2400 ιιι
647 2361 734 2416 regno
757 2346 896 2402 successit.
952 2346 1063 2416 iaceret,
1093 2347 1139 2419 qui
1160 2355 1216 2403 tam
1244 2348 1407 2419 improvisus
1422 2349 1616 2418 etinsperntus
1638 2356 1750 2419 propter

106 2439 230 2507 Cumque
252 2436 365 2493 vidisset
388 2434 498 2490 fratrem
515 2449 591 2489 suum
608 2434 755 2490 liebertum
771 2435 897 2490 comitem
953 2453 1012 2492 eam
1030 2435 1174 2492 videndam
1197 2437 1364 2507 advenisset,
1394 2438 1422 2492 in
1446 2436 1575 2493 secretius
1595 2436 1748 2493 cubiculum

103 2527 357 2583 Northmanaorum
372 2531 464 2579 contra
477 2539 507 2578 se
521 2522 713 2591 rebellantem,
742 2530 768 2578 et
782 2540 899 2595 regnum
952 2539 1010 2578 eam
1027 2521 1172 2588 introduxi,
1202 2538 1260 2576 rem
1276 2522 1574 2594 eisicuterataperui,
1595 2536 1748 2592 eaquevo-

102 2615 212 2685 Anglise
231 2620 397 2683 repetentem
422 2628 455 2668 ao
479 2611 552 2683 quod
575 2611 661 2681 major
681 2620 843 2678 natuesset‚
872 2616 900 2668 et
952 2610 1230 2667 lentevelnmunum
1245 2612 1402 2682 eapitiejus
1419 2610 1544 2683 imposui,
1569 2620 1748 2682 quatenuaeo

35 2728 38 2732 ¹
103 2703 249 2760 Guillelmo
260 2717 395 2774 germano
405 2717 453 2757 suo
469 2701 616 2758 succedere
631 2701 730 2773 majori
742 2702 805 2771 jure
817 2701 900 2756 debe·
953 2701 1013 2755 viso
1034 2715 1081 2754 rex
1097 2700 1132 2754 ab
1148 2700 1242 2756 illicito
1257 2701 1401 2772 complexu
1424 2709 1607 2757 rerocaretur.
1634 2702 1691 2756 Nec
1705 2716 1749 2756 me

106 2800 157 2858 ret,
184 2790 318 2847 Hearicus
337 2797 508 2863 congregato
532 2789 652 2845 exercitu
677 2806 749 2845 mare
766 2790 899 2857 transivit,
954 2786 1052 2845 ial‘ellit
1066 2803 1130 2858 spes
1143 2804 1216 2845 mea.
1231 2792 1288 2847 Rex
1299 2790 1429 2860 siquidem
1443 2789 1521 2862 quasi
1538 2796 1648 2861 propter
1662 2788 1750 2860 inspi-

103 2880 329 2937 Northmanniam
345 2879 462 2944 intravit,
489 2878 637 2949 praelioque
652 2886 778 2935 conserto
792 2878 901 2935 Rober·
954 2878 1067 2935 cicadas
1086 2893 1173 2943 rosas,
1201 2887 1228 2934 et.
1248 2879 1317 2933 alias
1337 2878 1465 2933 florentes
1484 2879 1582 2934 herbas
1606 2878 1754 2933 claustrum

109 2967 382 3024 tamiratremsuum
404 2968 508 3024 victum
537 2967 901 3040 eteaptumiaAngliare-
955 2978 1080 3023 nostrum
1099 2966 1249 3041 ingressus,
1279 2983 1341 3022 mox
1360 2976 1388 3021 ut
1405 2982 1465 3022 eam
1483 2967 1548 3022 vidit
1567 2982 1627 3023 cum
1649 2967 1755 3023 caeteris

105 3056 193 3127 duait,
224 3067 251 3114 et
264 3073 349 3128 usque
363 3057 398 3113 ad
412 3057 484 3112 diem
500 3056 593 3112 mortis
607 3072 663 3113 suae
678 3057 705 3111 in
721 3062 838 3129 quodam
853 3013 939 3113 cac
955 3057 1053 3128 puellis
1067 3057 1168 3112 nostris
1184 3056 1273 3111 velum
1288 3056 1376 3126 capite
1387 3064 1551 3128 gestantem,
1568 3055 1687 3113 elaustro
1702 3071 1752 3111 ex-

104 3148 186 3205 stallo
196 3147 319 3204 clausum
332 3147 426 3213 tenuit,
443 3145 575 3216 quidquid
585 3153 675 3201 tamen
686 3145 710 3199 ei
719 3147 902 3202 necessarium
955 3145 1014 3213 ivit,
1045 3155 1070 3202 et
1099 3145 1133 3200 ab
1148 3144 1262 3201 ecclesia
1293 3146 1416 3212 recessit,
1447 3152 1538 3216 aperte
1559 3145 1705 3200 ostendens
1724 3160 1754 3200 ae

104 3236 134 3293 in
146 3236 228 3292 rebus
243 3235 431 3307 corporalibus
456 3243 514 3290 erat
530 3235 599 3290 sieut
613 3234 721 3290 sibimet
738 3235 859 3291 exbiberi
874 3240 903 3292 et
956 3235 1065 3292 nonnisi
1080 3243 1191 3306 propter
1204 3250 1266 3290 eam
1281 3235 1400 3290 venisse.
1417 3235 1483 3291 Cum
1496 3240 1587 3290 autem
1603 3249 1650 3289 rex
1664 3233 1753 3289 David

106 3324 255 3383 ministrari
262 3323 405 3396 praecepit;
420 3323 513 3397 sicque
523 3339 630 3379 rursum
639 3339 754 3396 regnum
764 3325 903 3397 hugliaeet
954 3333 1031 3395 pater
1046 3323 1144 3395 puellae
1168 3324 1239 3378 intra
1262 3324 1386 3379 eamdem
1402 3323 1601 3379 hebdomadam
1616 3323 1650 3377 ad
1660 3322 1751 3378 eccle·

106 3415 265 3474 comitatum
284 3413 576 3471 Northmaaniaesolus
592 3412 717 3481 obtinuit,
742 3412 902 3486 etsigillum
955 3414 1025 3468 siam
1041 3413 1305 3477 nostramvenisset,
1336 3412 1480 3483 velumque
1496 3419 1669 3484 supercaput
1688 3409 1751 3466 tiliae

105 3512 249 3577 paternum
264 3503 315 3557 sibi
330 3502 390 3557 lieri
405 3502 552 3574 praecepit.'
572 3503 680 3572 Deque
708 3503 825 3559 ilenrico
841 3503 903 3574 quia
955 3517 1011 3557 auoe
1029 3501 1151 3569 vidisset,
1182 3502 1265 3557 iratus
1284 3501 1372 3557 velum
1387 3501 1529 3567 conscidit,
1554 3509 1581 3557 et
1601 3500 1636 3556 ad
1652 3510 1751 3557 terram

106 3593 274 3648 mentionem
296 3591 361 3660 leci,
389 3598 415 3645 et
438 3591 509 3645 alius
533 3590 667 3645 referendi
688 3591 762 3647 locus
783 3593 903 3647 nouerit
954 3591 1104 3661 projectum
1118 3591 1236 3663 pedibus
1250 3590 1497 3657 suiscnnculcavit,
1520 3590 1658 3661 filiamque
1671 3605 1750 3645 suam

106 3680 172 3737 licet
194 3680 308 3735 multum
333 3695 350 3734 a
375 3683 464 3749 caepta
484 3678 638 3734 narratione
665 3679 772 3752 digredi
800 3680 901 3747 videar,
955 3695 1049 3735 secum
1066 3679 1211 3734 reduxit.»
1243 3678 1376 3750 lnqutsita
1390 3679 1454 3735 iude
1468 3679 1603 3735 abbatissa
1620 3686 1682 3750 quot
1698 3695 1751 3733 an-

108 3769 235 3842 quiddam
251 3775 341 3824 tamen
355 3766 484 3823 memoria
499 3766 608 3840 dignum
625 3766 724 3823 dicam.
955 3783 1053 3823 aarum
1082 3776 1144 3824 tuna
1171 3768 1264 3823 inisset
1291 3768 1390 3840 puella,
1419 3768 1560 3839 respondit
1579 3768 1752 3824 duodennem

145 3861 190 3915 lb.
202 3858 258 3914 llic
271 3871 337 3930 ergo
348 3853 522 3913 confirmatus
540 3855 568 3911 in
582 3872 679 3929 reguo,
708 3856 794 3913 voluit
806 3858 903 3928 eonju-
956 3871 1017 3913 case
1032 3857 1165 3926 potuisse.
1186 3858 1261 3913 Tunc
1284 3873 1351 3928 rege
1374 3864 1501 3913 monente
1519 3856 1750 3929 archiepiscopum

105 3946 290 4023 gemhabere
305 3945 422 4017 puellam
438 3944 594 4016 quamdam,
624 3945 707 4001 liliam
723 3946 810 4002 David
830 3947 904 4020 regis
957 3945 1102 4015 atjuberet
1123 3945 1416 4017 superhocjudicium
1433 3945 1501 4010 lieri,
1526 3946 1647 4019 episcopi
1662 3946 1754 4002 etab-

109 4034 218 4102 Snotiae,
234 4033 402 4105 dixitqueD.
421 4032 775 4107 anselmatuuctemporis
790 4034 905 4091 Cantua·
956 4032 1040 4100 batos,
1057 4034 1170 4090 consilio
1189 4043 1301 4106 accepto
1328 4035 1458 4106 lectisque
1484 4034 1602 4090 diversis
1629 4034 1756 4106 capitulis

108 4123 205 4181 riensis
219 4122 294 4179 urbia
315 4120 462 4177 venarabili
477 4121 694 4194 archiepiscopo,
725 4132 754 4180 ut
776 4141 837 4179 eam
852 4124 904 4180 sibi
956 4135 1102 4187 canonum,
1119 4122 1146 4176 in
1161 4137 1305 4178 commune
1318 4124 1507 4192 judicaverunt
1526 4133 1638 4197 propter
1653 4124 1755 4196 hujus-

106 4211 279 4271 bcaediceret
320 4218 347 4266 et
370 4209 538 4267 solemnibus
565 4211 665 4284 nuptiis
692 4211 862 4268 benedictam
877 4214 904 4269 in
958 4210 1031 4267 modi
1047 4209 1148 4266 laetum
1163 4228 1217 4268 aon
1233 4211 1258 4266 ei
1278 4213 1479 4283 prohibendum
1493 4213 1659 4286 conjugium,
1684 4228 1755 4284 quo·

110 4301 271 4373 conjugium
298 4300 421 4355 sociaret.
449 4298 598 4370 Respondit
626 4301 845 4373 archiepiscopus
875 4318 905 4359 se
958 4299 1034 4354 aiam
1056 4299 1174 4370 quandiu
1199 4301 1269 4356 inira
1291 4301 1441 4373 legitimam
1464 4311 1572 4358 aetatem
1596 4302 1647 4357 sub
1673 4302 1756 4357 tutela

108 4389 183 4448 nolle
208 4405 268 4446 eam
293 4387 463 4456 benedicere,
486 4402 536 4443 nec
556 4403 605 4443 suo
626 4389 740 4445 consilio
760 4407 854 4462 regem
876 4391 902 4446 in
919 4375 944 4436 D
959 4388 1046 4460 patris
1066 4389 1161 4458 luerat,
1190 4390 1257 4444 nibil
1281 4390 1305 4445 ei
1330 4391 1386 4445 sine
1410 4391 1471 4461 ejus
1488 4406 1601 4447 assensu
1618 4391 1707 4446 facere
1721 4390 1753 4446 li·

109 4478 270 4551 aurtjugium
281 4493 340 4533 eam
350 4475 402 4532 sibi
411 4475 588 4545 sociaturum,
600 4478 727 4549 quoniam
739 4479 827 4534 velum
838 4495 904 4536 san·
956 4485 1059 4533 cuerat.
1084 4479 1173 4534 Finito
1183 4478 1298 4549 judicio,
1314 4496 1361 4535 rex
1374 4479 1551 4553 interrogavit
1565 4480 1755 4552 archiepisco-

111 4567 318 4634 ctimoaialium,
347 4564 416 4622 sicut
433 4565 493 4636 ipse
513 4573 589 4622 certo
603 4566 743 4635 didicerat,
772 4576 905 4640 gestasset
958 4583 1022 4636 pum
1034 4567 1057 4622 si
1073 4567 1137 4638 quid
1154 4567 1235 4624 vellet
1246 4568 1273 4622 in
1289 4583 1322 4623 eo
1337 4569 1504 4624 calumniari.
1536 4569 1683 4640 Respondit
1698 4567 1753 4624 do-

110 4674 194 4730 super
207 4661 292 4729 capnt
305 4671 393 4720 suum,
409 4669 462 4726 quo
476 4669 506 4710 se
520 4654 637 4711 cetastis
649 4655 831 4727 potiusquam
847 4666 903 4714 ter·
957 4654 1047 4709 minus
1062 4656 1206 4711 haselmus
1225 4671 1255 4711 se
1275 4672 1330 4712 non
1344 4656 1410 4712 illud
1424 4656 1659 4724 calumniaturum,
1684 4672 1755 4729 quu-

109 4747 170 4806 reni
189 4745 263 4819 regis
287 4749 464 4800 monstrasset
485 4741 542 4799 lore
564 4759 704 4815 sponsam.
727 4745 783 4802 lter
807 4755 904 4803 contra
957 4742 1030 4799 niam
1063 4759 1156 4800 revera
1189 4745 1335 4801 secundum
1372 4761 1505 4801 canonum
1543 4745 1655 4801 decreta
1681 4754 1755 4802 recte

111 4831 904 4907 dixitsapromisisse‚etetiamjurejurandoconlirmasse
955 4831 1134 4903 judicassent.
1163 4835 1239 4891 Tunc
1252 4850 1302 4890 rex
1329 4848 1334 4888 :
1360 4832 1626 4904 «Quandoquidem,
1656 4834 1753 4904 inquit,

109 4924 181 4999 patri
196 4923 255 4993 ejus
269 4921 331 4995 regi
345 4919 434 4977 David
458 4921 604 4991 quodcum
620 4922 767 4996 conjugem
782 4924 903 4991 duceret,
954 4920 1086 4991 judicium
1107 4922 1384 4994 prolatumlaudatis,
1414 4923 1476 4978 volo
1497 4932 1523 4979 ul
1545 4922 1663 4995 puellam
1688 4925 1755 4980 mibi

109 5016 224 5085 ideoque
238 5009 485 5083 proconservando
496 5010 649 5078 juramento
663 5027 715 5068 suo
730 5028 760 5068 ae
774 5028 828 5068 aon
843 5029 903 5069 eam
958 5010 1139 5081 desponsetis.
1159 5035 1169 5058 n
1195 5013 1228 5067 lit
1252 5011 1380 5067 dominus
1394 5011 1538 5067 Anselmus
1555 5031 1560 5067 :
1580 5035 1591 5059 a
1608 5012 1753 5079 iudicium,

43 5122 46 5131 ¹
110 5103 297 5169 dimissurum,
313 5098 365 5156 nisi
376 5098 508 5156 maonico
518 5099 621 5169 iudicio
632 5101 730 5157 luisset
744 5102 903 5159 determina·
958 5099 1055 5172 inquit,
1071 5115 1126 5155 non
1136 5100 1325 5172 reprebendo;
1346 5100 1427 5156 sedsi
1437 5100 1567 5171 majestas
1582 5110 1673 5157 vestra
1687 5101 1755 5156 mihi

158 5250 184 5322 t)
214 5247 378 5321 Privignum
396 5260 492 5302 ruam.
522 5246 638 5314 Bertam,
664 5245 747 5304 filiam
776 5247 904 5306 Florentii
994 5250 1057 5377 (10)1
1066 5253 1130 5307 Post
1142 5250 1248 5308 decem.
1272 5253 1331 5307 lmo
1348 5258 1411 5323 post
1425 5252 1560 5309 tredecim
1575 5251 1638 5308 vide
1653 5251 1753 5308 ilenri-

110 5251 396 5377 Hoilandiaecomitis.
557 5387 563 5399 ·
595 5388 601 5400 .
653 5388 688 5400 ..
958 5336 1019 5378 cum
1060 5323 1200 5378 untindon.
1215 5322 1261 5377 lib.
1280 5338 1331 5378 vu.

145 5391 186 5465 (9)
197 5391 330 5464 levigillo
341 5405 400 5446 auc.
411 5387 758 5462 liabeturarmrlesrgrllum
765 5390 905 5448 Guillelml
994 5394 1051 5464 (tt)
1067 5395 1099 5449 lc
1117 5394 1253 5466 generali.
1285 5393 1352 5449 Vide
1367 5392 1542 5462 Eadmerum
1559 5394 1606 5453 lib.
1622 5409 1663 5464 th,
1683 5395 1751 5453 llist.

108 5463 182 5535 apud
193 5463 343 5521 Saldauum
357 5460 393 5519 ad
406 5459 535 5518 Eadmcri
549 5460 614 5520 hiat.
628 5461 743 5529 Neron,
757 5476 786 5534 p.
806 5465 866 5533 ‚¹⁶⁶-
956 5464 1077 5531 Novor.,
1093 5480 1161 5539 pag.
1179 5466 1224 5522 at.
1239 5462 1413 5525 ldalraasbur.
1428 5465 1476 5522 lol.
1491 5467 1539 5523 88.
