3728 6000
108 274 161 335 597
567 274 754 334 nxeostrto
774 274 812 330 td
829 273 941 334 uetat.
960 278 1007 334 ΑΙ)
1026 274 1113 334 nott.
1129 303 1164 318 -
1176 275 1241 332 tta.
1258 276 1306 332 ΙΙΙ.
1711 278 1762 335 ets

109 399 210 455 rationi
233 399 297 456 huic
321 401 510 472 acquiescunt,
533 402 614 457 silent
636 401 681 456 bie
706 407 731 455 et
754 400 907 470 quiescant.
924 403 952 464 Α
967 403 995 456 in
1023 401 1177 458 bominibus
1202 407 1295 457 reatus
1323 401 1444 472 peccati,
1474 410 1503 458 ut
1535 418 1583 459 eos
1612 402 1648 458 ad
1681 402 1763 459 ritem

112 489 183 544 Sunt
211 496 302 544 autern
317 489 364 561 qui
378 491 553 562 quaerendum
570 490 612 545 bie
626 489 796 544 arbitrantur
810 488 843 543 de
859 504 913 561 qua
969 499 1121 557 aeternam,
1146 507 1206 562 quae
1229 506 1293 546 vera
1316 491 1371 548 rita
1394 500 1452 559 est,
1479 492 1571 548 venire
1595 507 1649 548 non
1681 493 1761 561 sinat,

110 577 174 650 lege
201 576 247 632 bic
275 578 373 649 agitur.
402 579 465 635 Sine
489 580 551 653 lege
575 579 647 634 enim
672 576 790 632 natarali
818 586 912 632 natura
968 581 1017 635 sed
1029 580 1062 634 ad
1078 579 1224 635 secundam
1238 580 1328 647 etiam,
1344 596 1404 651 quea
1417 581 1561 651 poenaliter
1579 590 1684 636 aeterna
1707 589 1761 644 εει,

113 666 232 722 beminis
260 667 393 722 rationem
423 669 548 723 habentis
578 682 716 736 nunquam
746 666 796 720 luit
820 683 826 719 :
852 680 911 735 que
966 669 1193 724 mortemtrabat.
1217 669 1273 723 lloe
1288 685 1402 739 regnum
1415 669 1510 724 mortis
1526 670 1583 725 sola
1598 671 1625 723 in
1642 669 1763 741 quolibet

110 757 193 810 etiarn
208 762 276 810 ante
291 756 381 829 legem
396 758 523 829 scriptam
538 765 648 828 peccata
658 755 800 826 originalis
815 770 912 810 conea·
966 758 1076 813 bomine
1088 758 1173 829 gratia
1188 756 1302 812 destruit
1317 759 1475 814 salvatoris.
1508 758 1575 828 Quae
1594 766 1764 828 operataest

114 843 258 915 piscentiae
271 860 326 899 non
341 845 429 901 solum
446 846 572 912 advertit,
589 846 636 900 sed
651 844 732 899 etiam
746 843 912 899 districtissi·
966 847 1046 902 etiam
1069 848 1097 900 in
1121 846 1237 915 antiquis
1261 847 1360 902 sanctis
1381 848 1547 920 quicunque,
1563 856 1710 919 antequam
1735 848 1763 902 in

112 948 158 988 me
171 948 367 1005 nonnunquam
383 935 586 990 animadvertit.
603 933 680 991 Unde
694 934 761 988 Cain
775 933 802 986 in
815 939 912 988 semet·
967 951 1049 992 carne
1065 934 1187 991 Christus
1201 935 1316 1006 reniret,
1332 936 1365 990 ad
1387 936 1449 1006 ejus
1474 945 1563 991 tomen
1588 935 1762 1007 adjuvantem

108 1021 197 1092 ipsum
217 1040 224 1076 z
242 1043 254 1067 e
272 1022 360 1090 blajor
373 1030 412 1078 est
426 1022 552 1093 iniquitas
576 1038 649 1089 mea,
666 1037 745 1093 quara
762 1029 789 1075 ει
804 1021 911 1076 reniam
966 1025 1094 1097 gratiam,
1109 1039 1164 1079 non
1179 1025 1213 1077 ad
1229 1024 1299 1096 legis
1315 1025 1430 1078 litteram
1450 1041 1513 1096 quae
1529 1025 1627 1094 jubere
1646 1033 1761 1091 tantum,

110 1125 220 1165 merear
231 1111 314 1179 (Gen.
331 1112 380 1180 rr).
395 1135 406 1159 a
419 1113 521 1167 litNoe
532 1112 557 1165 in
569 1111 672 1164 tilium:
688 1133 699 1156 a
715 1109 908 1174 Maledictus.»
965 1129 1018 1168 non
1033 1113 1160 1182 adjurare
1176 1116 1290 1182 poterat,
1307 1112 1489 1182 pertinebant.
1509 1114 1566 1168 Hoc
1581 1129 1697 1183 namque
1712 1129 1761 1170 ec·

110 1198 206 1268 inquit,
226 1223 236 1246 ι
255 1199 391 1254 Chaunum
407 1217 493 1271 puero
508 1202 590 1267 tGen.
603 1202 640 1267 r).
655 1222 666 1245 a
686 1198 911 1254 dmaledicliouu
964 1203 1118 1258 cultabatur
1142 1203 1169 1254 in
1195 1201 1283 1256 Veteri
1306 1202 1495 1267 Testamenta,
1522 1218 1572 1272 pro
1604 1205 1756 1273 temporum

108 1294 271 1360 ergoterrae
285 1289 312 1343 in
328 1305 411 1359 opere
431 1289 512 1360 primi
535 1289 655 1343 hominis
680 1287 749 1343 sieut
772 1293 910 1358 peccalum
964 1292 1168 1362 dispensatione.
1192 1290 1342 1358 justissima
1366 1291 1437 1362 quod
1463 1306 1534 1346 nunc
1562 1290 1704 1347 revelatur
1732 1292 1759 1345 in

108 1391 220 1446 semper
235 1376 262 1431 in
277 1377 380 1433 mundo
401 1377 463 1444 suit,
481 1379 521 1433 sic
544 1377 590 1432 lex
612 1376 748 1447 imputans
769 1390 911 1447 nunquam
963 1381 1053 1436 Novo.
1075 1381 1150 1451 Ergo
1171 1380 1198 1432 in
1219 1378 1344 1433 omnibus
1369 1379 1493 1450 regnarit
1513 1394 1587 1434 mors
1611 1380 1648 1433 ab
1671 1380 1760 1434 Adam

107 1465 202 1520 deluit.
235 1466 380 1521 Peccatum
396 1467 477 1522 etiam
493 1466 627 1538 originale
643 1480 693 1520 nec
707 1464 834 1519 amnibus
859 1479 909 1535 pa·
963 1487 1049 1541 usque
1064 1468 1098 1523 ad
1110 1469 1230 1538 Moysen,
1243 1468 1287 1538 qai
1303 1467 1400 1522 Cbristi
1416 1469 1501 1540 gratia
1517 1483 1570 1523 non
1586 1467 1674 1537 adjuti
1688 1476 1759 1534 sunt,

106 1554 168 1621 tuit,
191 1569 244 1609 aee
265 1570 362 1610 omnes
386 1555 481 1621 latuit,
508 1556 570 1624 quia
595 1569 647 1610 nco
668 1554 745 1609 latuit
767 1553 834 1618 lob,
860 1569 909 1607 nec
963 1566 992 1612 ut
1007 1557 1047 1613 eis
1061 1572 1177 1629 regnum
1199 1556 1294 1612 mortis
1313 1556 1510 1612 destrueretur.
1533 1559 1562 1610 ln
1583 1572 1654 1628 quos
1669 1564 1760 1612 autern

106 1643 246 1698 Abrabam
259 1650 285 1698 et
302 1643 413 1699 domum
429 1643 489 1713 ejus
507 1660 512 1696 :
529 1651 640 1714 propter
662 1643 734 1713 quod
754 1643 835 1696 etiam
851 1642 908 1697 cir·
963 1646 1128 1719 regnaverit,
1144 1645 1217 1700 ride.
1236 1646 1290 1700 aEr
1308 1647 1335 1699 in
1351 1661 1409 1715 eos,
1421 1645 1516 1717 inquit,
1531 1646 1577 1716 qui
1593 1661 1648 1700 non
1662 1660 1758 1717 pocca-

106 1731 301 1786 oumcisionem
330 1733 448 1804 accepit,
463 1733 516 1787 hoc
531 1733 558 1785 in
573 1730 625 1785 lale
645 1731 757 1786 seminis
779 1730 839 1798 ejus
863 1731 908 1800 qui
922 1763 948 1823 Β
962 1742 1059 1791 rerunt
1073 1734 1101 1788 in
1116 1734 1322 1788 similitudinem
1336 1734 1567 1805 praerauicationis
1583 1734 1686 1789 Adra.»
1704 1736 1758 1790 lste

106 1828 145 1874 est
158 1819 291 1885 Christus,
308 1827 438 1890 operante
451 1820 480 1874 in
495 1821 535 1875 eis
555 1819 761 1876 circumcisione
783 1818 857 1889 equod
878 1818 906 1872 in
961 1823 1033 1879 enim
1061 1822 1158 1877 melior
1181 1822 1333 1878 intellectus
1355 1823 1452 1877 borum
1477 1822 1631 1889 verboram,
1648 1830 1677 1877 ut
1692 1838 1758 1878 cum

105 1908 186 1963 nobis
200 1917 331 1980 operatur
345 1909 513 1980 baptismus.
536 1909 614 1964 Unde
628 1918 655 1963 ει
669 1907 756 1962 David
773 1906 906 1978 ingemis·
961 1913 1082 1979 dixisset,
1098 1912 1224 1984 regnarit
1251 1926 1323 1965 mors
1340 1919 1366 1965 et
1380 1911 1407 1964 in
1423 1911 1534 1980 eosqui
1550 1927 1604 1966 non
1621 1927 1756 1982 peecare·

105 2010 171 2052 eoas
185 1997 254 2051 dixit
270 2015 277 2050 :
295 2020 307 2046 a
325 1998 395 2053 Ecce
410 1998 436 2051 in
452 1997 638 2066 iniquitatibus
657 2005 804 2066 conceptus
826 2010 904 2055 sum:
961 2009 1031 2066 runa,
1049 2001 1126 2072 quasi
1151 2014 1201 2054 nos
1226 2007 1348 2054 mereret
1372 2015 1453 2069 quare
1478 2001 1505 2053 in
1530 2016 1578 2055 eos
1599 2002 1758 2070 regnaverit

108 2093 133 2140 et
145 2084 174 2139 in
190 2086 312 2156 peccatis
326 2087 451 2157 concepit
467 2101 510 2141 me
525 2093 612 2140 mater
626 2100 686 2139 mea
697 2086 781 2154 (Psal.
794 2086 830 2143 ul.
845 2085 907 2139 Nan
960 2090 1005 2162 qui
1026 2105 1081 2144 noa
1106 2096 1308 2160 peceaverunt,
1343 2087 1469 2153 adderet,
1499 2088 1526 2141 in
1554 2088 1756 2145 similitudinem

107 2174 267 2241 doluerunt,
285 2176 330 2244 qui
346 2175 547 2245 praecipitandae
568 2190 676 2228 cursum
703 2174 845 2228 sententiae
863 2181 905 2228 ιε·
960 2177 1192 2248 praeraricationis
1218 2178 1297 2244 Adae,
1312 2177 1394 2232 idest
1409 2176 1471 2246 ‹pria
1496 2176 1583 2232 inerat
1606 2178 1633 2231 ia
1657 2179 1757 2233 borum

107 2264 227 2319 nendum
250 2263 294 2319 hic
316 2279 376 2319 esse
397 2264 572 2328 arbitrantes,
587 2271 673 2318 totum
688 2263 814 2318 lectionis
827 2263 907 2331 hujus
960 2267 1089 2322 membris
1105 2265 1256 2321 similitudo
1281 2266 1514 2336 prevaricationis
1529 2266 1603 2323 adm.
1626 2267 1715 2322 Potest
1730 2274 1757 2322 el
1836 2304 1839 2309 -

109 2368 219 2408 sensum
244 2353 473 2424 perscrutandum
498 2359 634 2424 putarent,
650 2359 681 2406 ut
696 2368 807 2406 sensum
823 2351 907 2405 iubis
961 2356 1000 2410 sic
1024 2355 1151 2426 intelligi,
1172 2378 1183 2403 a
1201 2354 1324 2424 regnarit
1348 2370 1421 2409 mors
1445 2354 1479 2408 ab
1503 2354 1586 2409 Adam
1612 2370 1699 2427 usque
1722 2356 1757 2411 ad

110 2441 306 2511 apostoliam
331 2450 382 2495 tam
409 2458 442 2496 ex
467 2457 516 2496 suo
539 2457 628 2510 sensu,
654 2457 735 2510 quam
759 2458 793 2495 ex
815 2440 907 2495 verbis
960 2445 1083 2515 ltloysen,
1100 2452 1125 2499 et
1141 2444 1168 2498 in
1184 2444 1291 2515 eosqui
1308 2459 1361 2498 non
1377 2442 1403 2497 in
1419 2443 1627 2499 similitudinem
1649 2460 1757 2516 praeva·

108 2530 191 2600 ipsius
215 2530 388 2603 colligerent.
419 2531 451 2585 Et
479 2538 542 2601 post
568 2530 709 2602 aliquanta
738 2529 906 2584 invenientes
960 2532 1098 2588 nicationis
1114 2532 1178 2587 Adra
1200 2540 1380 2604 peccaverunt
1397 2551 1403 2586 ι
1423 2556 1433 2578 n
1451 2532 1514 2601 qnia
1528 2533 1555 2587 in
1570 2532 1678 2604 seipsis,
1695 2550 1757 2589 cum

105 2634 166 2674 eum
182 2619 298 2683 dixisse,
317 2643 328 2669 a
344 2619 403 2673 sine
418 2620 480 2691 lege
505 2619 577 2674 enim
601 2626 741 2689 peecatum
767 2625 906 2673 mortuum
958 2623 1017 2690 jam
1032 2622 1086 2675 aeti
1103 2628 1202 2688 essent,
1217 2636 1267 2676 nec
1292 2619 1396 2675 ratione
1417 2621 1506 2676 adbuc
1530 2629 1678 2687 uterentur,
1704 2638 1756 2692 qua

106 2716 250 2779 erat3ego
267 2715 357 2763 autem
372 2708 497 2764 vivebam
514 2708 571 2763 sine
587 2708 648 2780 lege
664 2707 820 2777 aliquando,
839 2730 850 2754 a
868 2705 907 2760 in·
960 2710 1005 2764 ille
1033 2710 1173 2777 utebatur,
1203 2708 1313 2780 quando
1341 2708 1481 2779 peccarit;
1510 2725 1562 2764 nec
1587 2718 1756 2781 praeceptum

105 2805 236 2853 renemnt
257 2813 319 2851 eum
343 2797 396 2852 boc
418 2797 509 2852 dicere
533 2797 567 2851 de
589 2797 650 2866 lege
673 2796 797 2861 naturali,
820 2803 848 2849 ut
872 2796 906 2848 sit
960 2799 1140 2869 accepissent,
1158 2797 1229 2868 quod
1245 2797 1290 2852 ille
1305 2805 1494 2870 transgressus
1509 2806 1551 2852 εει
1565 2798 1612 2853 sed
1628 2799 1687 2854 solo
1702 2798 1755 2854 ori-

105 2900 214 2956 sansus,
232 2902 317 2957 usque
332 2887 367 2941 ad
381 2885 470 2956 legem
491 2885 656 2950 naturalem,
673 2900 732 2955 quae
748 2892 822 2940 certo
838 2892 906 2939 aeta-
960 2886 1046 2959 ginali
1060 2885 1124 2942 vitio
1141 2890 1296 2942 tenerentur
1317 2885 1451 2951 obstricti,
1467 2901 1515 2956 per
1529 2885 1602 2955 qued
1630 2901 1678 2942 eos
1706 2903 1756 2942 ra-

107 2976 138 3030 tis
153 2984 277 3046 tempore
291 2974 404 3030 rationis
417 2990 505 3045 capax
520 2990 580 3029 csse
595 2973 701 3045 incipit,
715 2973 823 3045 quando
840 2972 906 3042 jasa
960 2991 1045 3047 gnum
1064 2974 1158 3029 mortis
1179 2974 1301 3029 traheret
1325 2973 1360 3028 ad
1383 2974 1659 3040 condemnationem,
1683 2974 1756 3046 quod

105 3064 253 3135 injustique
276 3062 371 3133 incipit
394 3062 495 3117 babere
518 3061 663 3119 discrimen
689 3081 695 3117 :
718 3068 860 3132 peecatum
874 3061 902 3114 ia
960 3077 1074 3134 reguum
1103 3062 1197 3117 mortis
1220 3062 1249 3115 iu
1272 3061 1312 3116 eis
1334 3068 1439 3116 tantum
1459 3077 1513 3116 non
1532 3068 1580 3129 εει,
1597 3062 1643 3132 qui
1659 3062 1756 3117 Christi

105 3168 147 3208 me
161 3160 301 3208 mortuum
317 3152 480 3207 intrinsecus
504 3161 570 3217 erat,
596 3167 657 3207 cum
681 3167 736 3206 nou
762 3159 834 3207 esset
857 3150 902 3204 lex
916 3119 941 3181 C
956 3151 1146 3223 gratia-renati
1169 3151 1205 3205 ad
1226 3151 1287 3220 ejus
1308 3149 1444 3220 pertinent
1468 3165 1597 3222 regnum,
1624 3150 1754 3220 quoniam

105 3258 165 3313 quae
179 3249 285 3297 vetaret
309 3256 362 3295 non
386 3240 526 3306 iacienda,
543 3241 585 3295 vel
602 3241 669 3296 ratio
694 3257 754 3310 quea
778 3239 901 3295 iacienda
955 3257 1028 3296 mors
1043 3238 1213 3310 temporalis,
1229 3239 1355 3311 quamvis
1370 3247 1396 3293 ει
1408 3237 1466 3310 ipsa
1481 3238 1516 3292 de
1531 3238 1659 3306 originali
1689 3255 1753 3310 pec·

103 3338 277 3385 monstraret.
287 3328 366 3398 Quod
380 3329 460 3384 aliter
471 3329 505 3384 dc
516 3329 645 3398 Apostolo
661 3329 812 3384 secundam
827 3327 898 3396 illas,
955 3337 1015 3385 cato
1030 3335 1179 3399 propagata
1194 3327 1242 3392 sit,
1259 3342 1362 3397 corpus
1377 3327 1404 3380 in
1419 3326 1459 3380 eis
1474 3326 1614 3390 interimit,
1632 3327 1754 3382 animam

103 3418 176 3473 nulla
198 3419 305 3473 ratione
318 3426 409 3489 potest
432 3418 559 3489 intelligi,
585 3433 645 3472 cum
670 3419 721 3472 boe
745 3434 774 3471 se
796 3417 900 3471 dixisse
956 3433 1020 3472 rere
1033 3416 1067 3470 ad
1081 3431 1176 3485 [roenas
1191 3431 1246 3470 non
1263 3415 1343 3468 trabit
1360 3432 1366 3468 :
1383 3414 1429 3468 abi
1444 3413 1528 3469 rolait
1542 3430 1656 3485 regnum
1674 3430 1752 3469 mor-

103 3507 136 3563 de
150 3508 242 3578 seipso
257 3522 311 3562 non
326 3506 449 3561 rirleatar
463 3507 631 3575 ambignum.
653 3505 806 3559 Secundam
827 3506 900 3559 lrunc
954 3506 988 3560 tis
1003 3504 1168 3576 intelligunt
1183 3504 1274 3558 anima
1286 3510 1417 3557 renovate
1432 3503 1608 3575 pergratiam
1620 3503 1678 3570 jam
1696 3519 1753 3558 non

102 3612 212 3652 sensnm
237 3612 291 3650 non
317 3610 512 3666 usquequaque
537 3594 680 3649 absurdam
705 3594 820 3662 ridetur,
837 3593 900 3647 siet
953 3595 1083 3648 morietur
1096 3595 1124 3646 in
1138 3595 1273 3663 gebenna,
1285 3591 1310 3645 id
1327 3600 1371 3646 εει
1385 3607 1401 3646 a
1413 3592 1468 3646 rita
1479 3591 1527 3645 Dei
1544 3607 1596 3645 non
1606 3592 1751 3658 alienetur,

100 3685 143 3739 hic
157 3685 268 3740 dicetur
294 3685 356 3757 quia
382 3701 467 3754 usque
492 3684 526 3738 ad
552 3685 621 3754 legis
644 3683 772 3737 naturalis
796 3682 898 3736 intelli·
953 3700 1007 3738 non
1031 3691 1179 3752 separetur.
1204 3680 1283 3748 Quod
1298 3695 1363 3735 rero
1379 3680 1500 3749 adjunxit
1513 3679 1547 3733 de
1562 3680 1655 3745 Adam,
1674 3704 1684 3728 a
1705 3681 1752 3753 qui

101 3774 226 3846 gentiam
248 3781 391 3843 peecatum
413 3789 447 3826 ex
470 3772 642 3841 corruptione
655 3771 768 3825 runicus
783 3770 899 3840 originis
953 3780 994 3827 εει
1010 3771 1097 3825 lorma
1113 3771 1206 3833 lutari,
1221 3792 1232 3815 ε
1245 3785 1336 3839 neque
1353 3770 1403 3823 lroo
1417 3784 1470 3822 arno
1486 3768 1566 3821 moda
1578 3768 1749 3841 intelligitur.

101 3869 160 3917 crat
175 3861 203 3916 in
226 3860 344 3927 mundo,
369 3866 399 3913 ει
423 3859 653 3931 subintelligatur,
678 3858 726 3914 sed
752 3867 897 3927 mertuum,
952 3862 1004 3913 dut
1019 3858 1091 3912 enirn
1107 3858 1194 3911 lorma
1215 3856 1312 3911 Christi
1327 3874 1341 3910 e
1357 3856 1490 3911 contrario
1505 3864 1555 3922 est,
1572 3864 1600 3910 ut
1616 3857 1747 3926 quemad-

101 3952 233 4022 quianon
253 3949 446 4019 imputabatur,
474 3954 621 4003 excusante
645 3948 758 4001 areturali
781 3945 897 4001 infirmi·
952 3947 1064 4001 modum
1086 3948 1113 4000 in
1136 3947 1183 4001 illo
1208 3961 1302 4002 omnes
1323 3945 1488 4011 moriuntur,
1503 3945 1541 3999 sic
1556 3953 1582 3999 ει
1598 3946 1624 3998 in
1640 3945 1746 4000 Christo

100 4047 152 4093 tate
176 4039 221 4093 vel
244 4037 408 4108 ignorantia.
434 4037 512 4106 Quod
535 4052 599 4091 rere
622 4035 688 4090 dicit
701 4037 727 4089 in
744 4035 855 4102 mundo,
872 4045 899 4090 et
952 4052 1051 4090 omncs
1077 4034 1259 4102 rivillceatur,
1278 4042 1304 4088 et
1319 4034 1455 4102 (quomodo
1482 4048 1530 4103 per
1551 4034 1634 4104 ipsias
1648 4034 1747 4089 inobe-

100 4141 152 4181 non
176 4126 343 4191 bominibus
364 4126 456 4179 dicunt
479 4125 560 4194 hujus
583 4133 735 4180 assertores
758 4124 897 4178 sententiae
951 4124 1078 4178 dientiam
1094 4131 1253 4194 peccatores
1276 4123 1415 4177 constituti
1436 4130 1497 4175 sunt
1519 4121 1614 4183 multi,
1637 4124 1675 4178 sie
1698 4138 1747 4193 per

101 4214 226 4270 homines
251 4213 430 4285 appellandos
445 4229 494 4268 ecs
509 4214 556 4284 qui
569 4214 627 4282 jam
643 4213 755 4267 rationis
771 4226 894 4284 capaces,
951 4212 1244 4267 Claristioberlieatiam
1270 4211 1336 4279 justi
1365 4211 1562 4265 constituantur
1584 4210 1675 4277 malti,
1701 4219 1746 4265 aut

100 4311 124 4357 et
136 4303 288 4358 naturalem
304 4301 395 4373 legem
407 4302 525 4364 lrabeat;
541 4301 614 4355 illam
629 4317 695 4357 raro
711 4308 819 4355 atatem
836 4317 896 4369 quae
950 4302 1067 4355 sormam
1092 4300 1173 4355 laturi
1188 4317 1250 4354 eum
1265 4299 1341 4363 dixit,
1358 4299 1430 4369 qrrad
1454 4300 1513 4368 ipse
1535 4298 1661 4352 iallixerit
1686 4300 1745 4353 sor-

100 4392 221 4447 nondum
251 4391 286 4443 ad
315 4391 488 4460 capacitatem
515 4390 644 4445 naturalis
671 4391 741 4461 legis
769 4389 894 4458 accessit,
950 4405 1023 4444 mam
1052 4391 1146 4444 mortis
1172 4388 1289 4460 posteris
1318 4388 1385 4442 suis.
1409 4388 1562 4441 illatamen
1583 4394 1623 4440 est
1648 4386 1742 4441 melior

100 4498 152 4537 non
172 4496 227 4535 tam
251 4480 391 4544 homines,
418 4494 499 4550 quarn
524 4481 654 4533 mundum
678 4478 868 4550 appellandam
885 4470 933 4531 :D
950 4479 1110 4545 intellectus,
1128 4486 1155 4531 ut
1170 4478 1321 4532 econtrario
1338 4476 1423 4528 torma
1439 4491 1498 4529 esse
1514 4475 1650 4538 credatur,
1663 4491 1742 4545 quam

99 4585 148 4642 pro
172 4585 205 4625 eo
227 4569 299 4639 quod
323 4584 385 4639 pars
408 4567 531 4637 quendam
563 4569 657 4622 mundi
682 4568 819 4633 rideatur,
845 4565 894 4622 sed

99 4659 221 4715 nondum
251 4657 321 4712 sieut
348 4656 493 4722 homines,
522 4657 568 4726 qui
592 4657 707 4711 induere
739 4664 895 4711 mereantur

101 4748 236 4804 Crantoris
263 4747 420 4818 imaginem.
442 4746 495 4800 Sed
519 4747 582 4815 quia
606 4747 687 4800 etiam
714 4745 819 4801 tanede
834 4745 895 4817 lege

101 4838 234 4892 sententia
256 4836 310 4907 legi
338 4836 421 4904 bloysi
438 4835 471 4888 ab
486 4834 545 4888 aliis
559 4835 651 4904 potius
672 4834 835 4904 applicanda
850 4834 893 4891 vi-

101 4923 185 4991 delur,
202 4923 267 4996 quid
283 4924 371 4994 magis
386 4923 541 4994 eligendum
557 4924 600 4989 sit,
617 4924 727 4978 lectoris
756 4923 895 4991 relinqua·

100 5020 142 5067 tur
164 5013 290 5068 arbitrio.
314 5012 424 5082 Utrique
448 5020 537 5066 autem
563 5012 629 5066 satis
653 5017 795 5078 coareuil,
822 5010 894 5080 quod

100 5102 232 5172 sequitur.

132 5244 218 5299 l'ttas.
236 5245 279 5299 tt.
296 5275 330 5283 -
348 5266 358 5289 ε
377 5243 430 5298 Sed
451 5243 575 5312 regnarit
598 5258 671 5296 rnors
687 5242 721 5295 ab
736 5242 819 5294 adam
844 5257 893 5295 us-

99 5348 150 5401 que
164 5332 199 5387 ad
216 5333 339 5404 blnpsen,
358 5356 369 5378 a
388 5331 414 5385 id
430 5339 469 5385 est
485 5346 500 5384 a
516 5332 604 5400 primo
626 5330 734 5384 tremine
760 5329 895 5401 usquead

99 5420 185 5490 ipsam
210 5421 309 5492 legem,
337 5437 397 5492 qum
421 5419 553 5473 divinitus
577 5419 747 5490 promulgata
763 5427 814 5483 est,
832 5420 896 5488 quia

98 5523 148 5564 nuc
170 5506 230 5579 ipae
254 5509 341 5579 potuit
365 5523 479 5577 regnam
509 5508 604 5560 anm-tis
626 5507 746 5560 arrl'errc.
773 5506 894 5575 llegnnm

98 5595 170 5651 attint
192 5592 290 5651 mortls
313 5592 369 5651 tull
393 5592 524 5667 intelligi,
551 5592 658 5659 quarrata
682 5591 718 5643 itn
741 5590 897 5647 dominatur·

949 4568 1062 4622 maltum
1077 4566 1248 4622 commendat
1263 4564 1416 4634 Apostolus.
1442 4563 1564 4633 Denique
1580 4579 1614 4617 ne
1629 4562 1740 4618 ornaino

949 4673 981 4712 cx
996 4671 1074 4725 aequo
1089 4657 1114 4708 in
1131 4656 1181 4708 bac
1196 4654 1284 4708 torma
1298 4652 1394 4708 eadem
1404 4651 1536 4707 contraria
1549 4658 1741 4722 pensarentur,

948 4745 1069 4814 adjunxit
1084 4752 1109 4798 ct
1123 4743 1201 4796 «lixit.

984 4887 1070 4940 Vsus.
1088 4885 1131 4938 tt.
1146 4913 1180 4922 -
1197 4905 1208 4931 ι
1227 4881 1281 4937 Sed
1296 4896 1349 4936 non
1364 4881 1434 4936 sicut
1448 4879 1580 4936 delictum
1597 4882 1674 4936 itaet
1689 4882 1742 4936 do·

948 4974 1037 5028 antia.
1050 4970 1078 5027 Si
1095 4970 1167 5026 eninr
1184 4972 1260 5027 multi
1271 4971 1307 5025 ob
1321 4971 1405 5024 unius
1418 4969 1547 5023 delictum
1559 4968 1657 5024 mortui
1668 4976 1742 5035 sunt,

950 5062 1033 5116 multo
1049 5061 1136 5132 magis
1150 5060 1236 5133 gratia
1251 5060 1299 5115 llei
1325 5068 1350 5114 et
1373 5059 1475 5113 doaum
1500 5058 1527 5111 in
1551 5058 1641 5129 gratia
1666 5060 1746 5111 unius

950 5149 1066 5205 hominis
1088 5150 1152 5204 lesu
1175 5150 1271 5204 Clrristi
1293 5149 1321 5202 in
1347 5147 1446 5202 mullos
1471 5146 1631 5200 abundarit.
1654 5168 1665 5194 a
1682 5147 1744 5201 Nan

949 5240 1038 5311 magis
1058 5239 1166 5301 multos,
1183 5238 1208 5292 id
1225 5247 1266 5292 est
1288 5237 1372 5292 multe
1395 5237 1486 5306 plures
1509 5234 1633 5289 homiues
1656 5249 1747 5305 neque

950 5328 1024 5383 euim
1037 5327 1126 5398 plures
1140 5326 1332 5395 justitieantur,
1349 5340 1429 5394 quam
1452 5323 1678 5388 coadenmantar,
1696 5322 1746 5378 sed

951 5417 1033 5470 multo
1049 5417 1135 5485 inagis
1149 5414 1305 5468 abundarit.
1327 5413 1411 5467 ,td-arn
1433 5412 1533 5482 quippe
1559 5429 1591 5465 err
1616 5428 1670 5465 uno
1695 5428 1744 5467 suo

950 5505 1050 5558 delicta
1064 5520 1125 5556 reus
1139 5500 1250 5569 gruirnitr
1276 5502 1399 5555 Christus
1415 5509 1504 5554 autem
1519 5500 1598 5553 retiam
1616 5515 1676 5569 quae
1692 5501 1745 5553 ιιε4

951 5586 1037 5645 mlum
1052 5587 1151 5643 delicta
1165 5586 1283 5659 propria
1297 5582 1483 5645 retentarunt
1494 5583 1634 5660 eriglaals
1648 5582 1678 5639 bt
1690 5596 1744 5658 qua
