3728 6000
74 259 129 323 oea
529 271 721 329 exeosvrro
741 272 778 329 nv
799 272 907 328 aevsr.
930 271 981 327 an
999 271 1086 328 aon.
1103 304 1139 314 -
1153 272 1220 330 cve.
1237 274 1283 329 vv.
1677 230 1729 327 oea

74 390 232 462 explicavit,
247 392 293 448 ubi
319 394 356 450 ait
373 415 378 450 :
395 395 473 465 Quod
487 396 628 468 quaerebat
652 396 737 452 lsrael
761 412 814 451 non
830 400 914 459 estA
932 396 1004 451 luit‘?
1019 398 1072 451 llut
1087 396 1147 468 quis
1174 397 1248 467 prior
1271 396 1344 452 dedit
1373 395 1410 450 illi
1440 402 1467 451 et
1494 394 1655 450 retribuetur
1681 392 1730 449 eii

73 489 247 550 consecutus,
277 481 374 540 electio
402 493 492 540 antem
520 493 667 541 consecuta
693 494 758 540 est:
784 483 879 541 caeteri
932 486 1064 555 Quoniam
1080 501 1116 540 er
1129 486 1189 557 ipso
1204 494 1231 540 et
1246 487 1393 556 peripsum
1404 485 1532 555 etinipso
1543 482 1726 537 suntomnia³

68 581 137 621 vero
150 571 277 625 excaecati
292 580 364 627 sunt.
382 595 393 622 v
411 573 461 630 Ubi
476 574 612 637 cudimus,
632 574 730 628 electio
749 596 760 622 ι
778 589 875 628 consc-
929 575 983 646 ipsi
998 574 1083 648 gloria
1099 575 1125 628 in
1141 575 1240 631 saecula
1254 575 1415 631 seculorum
1429 578 1525 628 Amen.
1544 596 1555 620 n
1580 571 1729 626 Praemissa

69 663 134 711 cnta
147 660 283 725 est,vibi
298 661 466 734 intelligendi
490 671 557 717 snut
581 662 732 719 charissimi
760 665 874 732 propter
929 663 1142 734 profundissima
1169 664 1304 719 sententia
1330 664 1364 717 dc
1400 663 1514 734 gratuita
1551 661 1637 732 gratia
1677 660 1728 715 Dei

68 748 286 819 patres,qnibus
307 750 517 822 istapromissa
537 760 608 806 sunt.
638 752 662 806 li
678 751 750 806 enim
764 766 817 806 non
830 750 874 804 illa
931 752 1009 806 nnllis
1032 752 1247 821 precedentibus
1270 753 1373 808 meritis
1394 768 1447 807 non
1471 751 1650 820 iniqueque·
1672 764 1728 803 non

70 836 216 892 vocatione
226 839 318 894 vocati
330 851 404 906 sunt,
415 841 581 910 quadictnm
593 848 648 895 est:
665 861 675 890 ι
689 839 764 893 ιιιιιιιι
776 838 874 902 vocati,
929 850 983 895 tam
999 848 1088 896 movet
1103 856 1164 897 cnm
1179 850 1324 911 praestatur
1339 842 1467 914 indignis,
1485 856 1565 912 quarn
1579 855 1638 893 cum
1648 853 1727 909 seque

67 926 148 994 pauci
164 942 229 982 vero
252 927 331 983 electi
345 929 456 999 (ltatth.
467 929 532 1002 iri),
552 954 562 977 i
582 931 629 984 sed
643 928 699 994 illa,
710 944 764 998 qua
776 942 875 983 vocan·
929 930 990 985 aliis
1006 929 1125 1001 indignis
1150 931 1312 1002 denegatur,
1328 946 1378 986 cur
1401 931 1483 994 hunc,
1500 945 1549 985 cnr
1572 943 1626 982 non
1651 927 1728 981 illum

69 1022 111 1069 tur
125 1015 216 1071 electi.
231 1017 309 1074 Unde
324 1025 352 1073 et
366 1019 410 1074 hia
427 1018 556 1073 subditur
573 1038 578 1073 :
598 1040 608 1068 ι
629 1018 688 1073 ειιιε
713 1017 875 1088 poenitentia
930 1019 1025 1074 electio
1041 1026 1128 1083 vocet,
1146 1021 1225 1091 quasi
1239 1021 1369 1074 ditissimi
1385 1019 1525 1088 cujusdam
1545 1017 1642 1072 secreti
1665 1015 1726 1071 adi·

69 1104 143 1158 enim
154 1114 217 1160 sunt
230 1106 301 1161 dona
316 1115 342 1162 et
357 1108 465 1162 vocatio
479 1107 539 1173 Dei,
559 1132 569 1156 ι
588 1107 615 1162 id
637 1114 678 1162 est
702 1108 760 1160 sine
785 1113 875 1160 muta·
928 1116 984 1162 turn
1006 1109 1211 1177 pulsansque
1241 1125 1292 1178 per
1319 1109 1502 1181 cognitionem
1532 1107 1566 1161 ad
1593 1104 1725 1160 interiora

68 1193 145 1249 tione
161 1194 295 1249 stabiliter
307 1193 360 1248 fixa
376 1204 449 1249 sunt.
466 1195 628 1266 Quicunque
651 1199 685 1249 ad
701 1196 774 1250 hanc
788 1210 875 1249 voca·
929 1197 1032 1251 adrnitti
1051 1213 1105 1252 non
1120 1197 1214 1263 valuit,
1232 1212 1281 1268 per
1297 1197 1426 1251 humilem
1450 1195 1648 1251 contessionem
1664 1199 1728 1249 anta

67 1282 170 1337 donem
194 1284 329 1352 pertinent
355 1300 450 1339 omnes
470 1294 533 1338 sunt
561 1285 696 1339 docibiles
726 1284 796 1347 Dei;
823 1299 876 1339 nec
927 1286 1038 1357 ianriarn
1061 1286 1169 1341 humilis
1191 1288 1323 1354 stetit3ct
1351 1287 1422 1357 quod
1451 1286 1521 1339 iutns
1549 1281 1727 1355 intelligendo

63 1375 157 1441 potest
171 1373 315 1444 quisquam
331 1388 424 1427 eornm
441 1373 552 1428 dicere:
568 1373 690 1429 Credidi.
703 1380 733 1427 ut
745 1373 784 1428 sic
794 1388 876 1427 voca·
928 1375 1162 1446 comprehendere
1177 1390 1229 1429 non
1244 1373 1336 1441 valuit,
1353 1374 1420 1429 toris
1440 1373 1561 1428 timendo
1586 1372 1719 1426 laudarit.

64 1475 127 1523 rer;
144 1461 193 1515 sed
210 1462 345 1531 praevcnit
359 1477 454 1516 onmes
468 1463 557 1534 gratia
583 1463 651 1527 Dei;
669 1463 734 1532 quia
755 1461 794 1515 sic
814 1478 876 1531 sunt
931 1465 963 1517 Et
977 1480 1114 1535 noser-go,
1130 1464 1157 1518 in
1183 1473 1312 1535 qnantum
1334 1464 1438 1533 judicia
1463 1478 1512 1516 sna
1534 1461 1612 1515 nohis
1634 1460 1725 1515 mani-

64 1549 162 1617 vocati,
180 1557 208 1603 nt
223 1550 375 1605 crederent.
392 1550 495 1605 Omnes
510 1552 583 1605 enirn
600 1551 731 1606 docibiles
759 1551 806 1605 Dei
823 1567 874 1604 ve·
932 1553 1176 1625 testei-edignatus
1199 1560 1249 1617 est,
1265 1555 1368 1624 gratias
1396 1567 1527 1623 agamns;
1545 1550 1570 1604 in
1595 1558 1723 1621 qnantum

65 1639 144 1693 niunt
159 1638 194 1693 ad
212 1637 318 1700 Filium,
335 1640 463 1710 qnoniam
480 1641 623 1695 andierunt
639 1649 666 1694 et
688 1639 844 1695 didicerunt
858 1655 874 1693 a
927 1642 1107 1707 abscondere,
1125 1658 1178 1695 vion
1194 1641 1327 1695 adversus
1342 1641 1400 1709 ejus
1414 1640 1557 1696 consilinm
1573 1653 1725 1692 murmure-

64 1727 147 1782 l‘etre
163 1744 212 1798 per
226 1728 331 1793 Filium,
346 1729 390 1796 qni
407 1730 612 1783 evidentissime
637 1729 703 1784 dicit
721 1744 726 1782 :
745 1753 755 1775 ι
775 1728 870 1783 Omnis
885 1758 913 1819 B
929 1747 998 1798 iners,
1013 1730 1061 1785 scd
1077 1732 1130 1785 boc
1145 1748 1257 1802 quoqne
1272 1729 1479 1784 saluberrimum
1495 1729 1572 1783 nohis
1587 1743 1646 1782 csse
1662 1742 1724 1781 crc-

64 1816 111 1889 qni
125 1817 227 1870 audivit
241 1834 257 1870 a
272 1817 351 1872 Patre
367 1826 393 1872 et
418 1818 524 1882 didicit,
541 1819 617 1873 venit
640 1818 674 1871 acl
702 1834 746 1872 me
770 1820 864 1887 (lona.
926 1821 1039 1875 dumus.
1053 1822 1148 1888 Neque
1161 1819 1232 1874 enim
1250 1820 1350 1874 trustra
1360 1819 1461 1873 dictum
1471 1827 1528 1871 est:
1542 1816 1667 1872 «lrrtlicia
1680 1826 1725 1869 tna

63 1909 118 1973 vr).
138 1905 278 1960 slstorum
293 1922 372 1960 nemo
390 1907 473 1976 perit,
488 1907 550 1976 quia
571 1922 651 1961 omne
667 1907 738 1976 (ruod
754 1905 829 1960 dedit
843 1906 868 1959 ei
922 1909 1038 1979 abyssus
1048 1909 1129 1962 multa
1139 1909 1225 1976 (Prot.
1236 1908 1330 1973 ιιιι).
1342 1931 1351 1953 ιι
1363 1905 1724 1977 Cvijnsabpssialtitudinem

66 1996 159 2061 Pater,
175 2011 230 2048 nou
246 1995 332 2064 perdit
346 2011 378 2049 ex
395 2011 427 2049 co
437 1996 603 2065 quidquam:
618 1995 703 2050 ·Sine
713 1994 869 2064 prenitentia
922 2013 1105 2067 expavescens
1121 1997 1170 2050 iste
1181 1995 1328 2065 Apostolus
1342 1999 1381 2049 sic
1392 1995 1569 2050 exclamavit:
1583 1994 1649 2048 lude
1664 1999 1726 2047 sunt

65 2086 144 2139 enim
160 2092 222 2138 snnt
236 2083 307 2137 dona
323 2091 349 2137 ct
363 2087 471 2139 vocatio
487 2085 545 2138 Dei.
565 2109 575 2132 i
593 2087 613 2138 li
627 2093 698 2149 scint,
715 2083 813 2154 quibus
828 2084 868 2137 di·
922 2086 1023 2141 cti-triae
1037 2087 1133 2156 gloriae
1148 2085 1207 2153 ejus
1222 2085 1248 2137 in
1265 2100 1330 2138 vasa
1347 2084 1555 2143 misericordiae,
1573 2098 1633 2152 qnae
1644 2084 1725 2135 vocat

67 2175 149 2243 citur,
168 2197 179 2219 ι
198 2181 225 2226 nt
240 2172 307 2226 catis
323 2181 349 2226 et
364 2172 480 2227 lrncturn
496 2172 616 2226 afferatis
632 2182 655 2225 et
666 2172 867 2228 lrnctnsvester
921 2159 1130 2244 inadoptionem
1144 2192 1150 2228 :
1162 2188 1232 2243 spiras
1243 2181 1321 2227 notas
1333 2173 1389 2226 vult
1400 2172 1488 2227 lacere
1498 2172 1579 2225 ctiam
1592 2187 1640 2239 per
1656 2184 1722 2224 vasa

67 2270 178 2316 maneat
192 2263 284 2323 (loon.
301 2262 356 2327 vv)¹
376 2284 387 2310 ιι
405 2261 512 2330 Quibus
524 2262 614 2316 verbis
628 2278 681 2315 non
693 2262 779 2315 solum
787 2260 867 2330 justi·
920 2246 978 2330 ira),
991 2280 1051 2335 quae
1061 2267 1124 2333 apta
1135 2271 1196 2317 sunt
1212 2262 1238 2315 in
1255 2262 1401 2316 interitum.
1416 2262 1472 2315 l'iae
1487 2275 1552 2314 roro
1568 2258 1718 2323 investiga·

68 2352 146 2415 tiam,
163 2351 305 2406 sedetiam
322 2351 348 2404 in
364 2366 397 2405 ea
413 2351 642 2420 perseverantiam
659 2367 688 2405 sc
711 2351 746 2404 iis
760 2350 866 2404 dedisse
921 2351 1002 2420 biles,
1020 2354 1087 2421 ipsae
1103 2358 1168 2405 sunt
1181 2350 1214 2404 de
1230 2351 1329 2422 quibus
1344 2350 1370 2403 in
1387 2350 1491 2418 psalmo
1499 2348 1605 2404 canitur
1616 2362 1621 2400 :
1634 2368 1643 2393 ι
1658 2344 1721 2402 Uni·

65 2440 195 2496 ostendit.
923 2436 1721 2504 versaeriaeDoririnimisericordinetveritast'l’cninxivln

103 2530 192 2583 Vens
209 2532 253 2586 3⁰.
269 2530 313 2584 3t.
330 2558 364 2568 —
381 2552 392 2576 ι
410 2527 484 2583 Sicut
504 2529 576 2582 enim
599 2527 744 2599 aliqnando
769 2536 795 2583 et
817 2543 867 2582 vos
920 2529 1119 2594 misericordia,
1137 2529 1265 2599 qnoniam
1281 2528 1359 2597 cnjus
1378 2527 1433 2580 vult
1454 2526 1607 2591 miseretur,
1623 2539 1678 2577 non
1694 2523 1722 2576 in

66 2633 121 2673 non
135 2618 299 2681 credidistis,
310 2634 379 2671 nrrnc
391 2625 482 2672 antem
496 2618 712 2672 miscricordiam
729 2617 867 2671 consecuti
919 2618 1036 2687 justitia,
1053 2618 1101 2671 sed
1117 2619 1142 2671 in
1157 2616 1354 2672 misericordiae
1368 2617 1475 2686 gratia:
1491 2623 1606 2686 atquem
1618 2613 1673 2667 vult
1683 2612 1721 2666 in·

69 2707 133 2762 estis
148 2716 261 2776 propter
276 2706 381 2760 illorum
399 2706 636 2770 incredulitatem
653 2707 689 2761 ita
704 2715 729 2760 et
740 2707 785 2760 isti
798 2722 867 2760 nunc
921 2708 1007 2769 durat,
1024 2722 1077 2760 non
1094 2706 1276 2776 ininiqnitatc,
1289 2705 1373 2759 sedin
1385 2704 1497 2759 veritate
1508 2703 1643 2757 vindictae.
1655 2701 1722 2769 Quae

65 2812 122 2850 non
151 2795 324 2851 crediderunt
352 2794 378 2848 in
408 2804 523 2849 vestram
553 2795 818 2857 misri·iconlianr‚ut
841 2802 867 2849 et
922 2804 1011 2850 tamen
1026 2795 1212 2850 misericordia
1236 2803 1262 2848 et
1278 2796 1379 2848 veritas
1393 2794 1432 2847 sic
1450 2792 1501 2846 sibi
1520 2798 1681 2856 occurrunt,
1695 2778 1726 2844 nt
1803 2812 1806 2817 ·

64 2884 116 2951 ipsi
133 2883 866 2952 miscricordiamconsequantur.iProfundinresjmn
920 2901 972 2939 nec
987 2884 1166 2939 misericordia
1182 2884 1312 2953 impediat
1342 2882 1563 2950 veritatemque
1592 2879 1719 2949 plectitur

65 2974 109 3028 hic
128 2988 226 3028 causas
250 2972 362 3042 exponit
382 2972 579 3026 incredulitatis
604 2988 656 3025 non
680 2972 862 3026 credentium.
921 2973 1029 3044 dignus,
1055 2989 1105 3029 nec
1132 2973 1231 3027 veritas
1258 2971 1483 3032 misericordiam,
1506 2985 1559 3041 qna
1587 2970 1719 3022 liberatur

65 3061 176 3118 Scilicet
188 3061 251 3132 qnia
266 3063 336 3116 sicut
361 3072 458 3131 gentes
477 3062 540 3115 olim
567 3077 619 3114 non
642 3061 794 3116 credentes.
811 3076 863 3115 non
921 3063 1057 3132 indignus.
1080 3062 1162 3116 Nulla
1186 3076 1252 3132 ergo
1276 3068 1338 3114 sunt
1364 3059 1460 3114 merita
1476 3057 1634 3126 justornm?
1650 3056 1720 3112 Sunt

64 3159 156 3206 tamen
172 3149 279 3220 penitus
294 3150 430 3204 derelictae
446 3157 516 3216 sunt,
532 3150 581 3204 sed
595 3151 738 3205 occasione
753 3158 864 3220 accepta
880 3111 904 3174 C
921 3152 1011 3222 plane,
1029 3149 1089 3219 quia
1111 3151 1177 3220 justi
1202 3153 1276 3215 sunt,
1296 3149 1344 3203 scd
1367 3158 1395 3203 ut
1416 3147 1483 3217 justi
1506 3146 1609 3212 fierent,
1629 3145 1727 3201 merita

66 3255 99 3294 ex
123 3239 287 3293 naturalium
316 3239 452 3293 tractione
478 3253 626 3299 ramorum,
643 3238 693 3309 ipsi
722 3238 803 3293 olivae
832 3255 866 3292 cx
922 3255 974 3293 non
1000 3239 1116 3294 luerunt.
1140 3241 1210 3294 lusti
1234 3239 1315 3292 enim
1342 3237 1404 3292 iacti
1429 3244 1501 3300 eunt,
1519 3252 1579 3291 cum
1600 3235 1729 3304 justificat

67 3328 187 3383 oleastro
202 3335 296 3382 contra
313 3335 437 3381 naturam
461 3327 557 3381 inserti
578 3335 649 3394 sunt,
665 3327 705 3380 sic
724 3336 865 3397 postquam
921 3335 994 3384 sunt.
1012 3328 1096 3382 Valde
1113 3344 1180 3397 ergo
1193 3343 1310 3398 parrum
1321 3342 1427 3380 sensum
1440 3325 1573 3378 habemns
1584 3324 1618 3378 ad
1631 3324 1727 3378 discu-

66 3415 234 3486 plenitudine
260 3417 381 3488 gentium
412 3417 620 3485 iinpletaluerit
648 3417 868 3486 dispensatioet
922 3417 1012 3472 tinda
1026 3417 1129 3486 judicia
1148 3416 1206 3480 bei,
1223 3423 1249 3470 et
1270 3414 1400 3481 justitiam
1425 3429 1529 3479 eortina,
1546 3412 1617 3482 apud
1641 3427 1721 3482 quem

68 3506 119 3577 ipsi
148 3504 362 3559 misericordiam
391 3513 608 3574 consequentur.
634 3506 662 3559 lu
690 3521 744 3574 qno
772 3504 866 3560 velena
921 3505 1060 3561 sicutnon
1077 3512 1115 3558 cst
1141 3504 1356 3573 impossibilitas,
1372 3504 1412 3557 sic
1436 3518 1486 3556 uec
1509 3501 1636 3571 intqnnas
1660 3516 1722 3556 esse

67 3593 212 3665 Apostolus
233 3594 379 3648 bonitatem
404 3594 451 3646 bei
476 3595 627 3659 ostendere,
643 3610 695 3663 qna
720 3611 754 3648 cx
773 3594 865 3649 incre·
921 3594 1058 3651 credenda
1074 3601 1127 3663 est,
1142 3609 1203 3648 curn
1219 3592 1345 3662 superbis
1354 3591 1462 3652 resistit,
1474 3589 1720 3645 hnmilibnsantem

68 3682 180 3737 dulitate
195 3682 361 3752 aliquorum,
377 3682 489 3737 alionnn
504 3682 619 3735 salntem
636 3682 712 3736 lacit.
920 3685 965 3738 dat
980 3683 1094 3755 gratiam
1109 3681 1181 3751 (dne.
1199 3688 1248 3750 vv).
1267 3703 1278 3727 v
1296 3680 1319 3736 0
1333 3681 1464 3735 altitudol
1483 3702 1493 3727 n
1521 3679 1639 3734 Altitudo
1661 3679 1727 3735 be·

102 3772 329 3826 versae-r·
348 3770 495 3835 Conclusit,
515 3771 642 3839 linquit,
663 3792 674 3820 ι
693 3772 866 3825 Deusomnia
923 3781 1032 3827 nonest
1048 3780 1176 3843 quantum
1192 3770 1273 3826 distat
1289 3771 1499 3837 eoetumatcira3
1517 3769 1582 3842 quia
1610 3777 1634 3824 et
1667 3787 1718 3825 cnr·

68 3859 94 3913 in
110 3859 309 3920 incredulitate,
324 3867 350 3912 ιιι
365 3860 485 3913 οιιιιιιιιιιι
507 3860 677 3912 miserentur.
696 3883 707 3906 ι
725 3861 800 3914 Unde
815 3859 867 3912 sibi
922 3863 975 3916 lnrn
992 3869 1019 3915 et
1034 3870 1105 3914 terra
1118 3860 1277 3929 temporalia
1291 3867 1316 3914 et
1332 3859 1430 3913 localia
1445 3866 1522 3923 sunt,
1534 3859 1584 3913 sed
1597 3867 1726 3928 qnantum

68 3947 180 4017 quidam
213 3947 283 4001 male
312 3946 494 4018 intelligentes
516 3946 711 4011 blandiuntnr;
734 3948 866 4018 sedquos
922 3949 1003 4004 distat
1019 3950 1089 4002 beris
1104 3948 1138 4002 ab
1168 3949 1242 4002 omni
1266 3947 1408 4017 temporali
1434 3957 1459 4002 et
1483 3947 1561 4002 locali
1582 3955 1723 4015 creatura;

70 4060 80 4083 ι
98 4052 195 4092 omnes
211 4059 223 4086 n
241 4035 324 4103 dicat,
340 4035 538 4090 circumstantia
553 4036 674 4090 lectionis
690 4036 865 4090 demonstrat.
923 4038 994 4108 quod
1012 4053 1111 4092 omnes
1126 4047 1258 4092 creaturae
1273 4046 1344 4090 sunt.
1359 4035 1466 4091 Nullius
1491 4036 1573 4109 igitur
1596 4044 1727 4092 creaturas

68 4126 107 4181 De
120 4123 227 4179 Judaeis
253 4124 324 4178 enim
349 4125 408 4195 agit
430 4132 455 4178 et
478 4124 606 4196 gentibus
625 4140 659 4178 ex
681 4125 779 4193 quibus
799 4140 868 4195 ιιιιοε
923 4126 1067 4198 attingitur
1087 4142 1180 4191 sanan,
1195 4125 1434 4196 comprehenditur
1455 4125 1594 4180 intellectu
1616 4125 1730 4181 altitudo

66 4212 243 4285 praescivitet
258 4212 462 4283 praedestinavit
479 4210 635 4267 corilormcs
661 4212 719 4266 lieri
740 4213 868 4285 imaginis
925 4215 1069 4284 supientiae
1084 4214 1145 4279 Dei,
1163 4215 1189 4267 in
1216 4230 1269 4282 qim
1284 4213 1354 4268 sucta
1369 4222 1429 4267 sunt
1444 4214 1543 4278 omnia,
1556 4214 1583 4267 in
1600 4229 1727 4283 (piraeum

67 4303 126 4358 Filii
140 4301 191 4371 sni,
209 4302 236 4354 in
252 4299 408 4355 infidelitate
423 4301 566 4365 conclusit,
583 4310 610 4354 ut
630 4301 664 4355 de
689 4301 869 4356 amaritudine
924 4303 1016 4355 omnia
1032 4300 1098 4356 liant
1123 4317 1176 4356 non
1201 4306 1294 4355 tamen
1318 4316 1379 4356 earn
1404 4302 1545 4372 inquinant
1566 4301 1723 4372 peccantia;

67 4388 235 4445 infidelitatis
250 4405 305 4444 suae
323 4389 479 4458 puniitendo
497 4388 602 4443 contusi
618 4390 687 4443 etad
695 4389 867 4445 dulcedinem
925 4389 953 4442 in
969 4406 1054 4461 qnam
1070 4390 1136 4444 nibil
1152 4390 1264 4445 incurrit
1282 4390 1460 4462 inquinatum,
1476 4406 1537 4445 cnm
1562 4390 1621 4459 ipsa
1640 4388 1725 4443 attin-

67 4479 259 4535 misericordlae
276 4478 326 4533 Dei
342 4477 485 4533 credendo
498 4478 623 4532 conversi
637 4479 789 4534 clamarent
802 4478 867 4533 illud
884 4459 909 4519 D
926 4483 974 4552 gat
989 4478 1084 4533 omnia
1099 4487 1212 4549 propter
1227 4494 1303 4532 suern
1313 4478 1484 4539 munditiam.
1497 4494 1558 4533 cum
1569 4486 1659 4533 autem
1669 4478 1727 4549 ipsa

68 4569 102 4624 vla
117 4568 222 4639 psalmo
239 4585 245 4622 :
265 4566 374 4636 «Quam
384 4566 795 4638 magnainultitudodulccdinis
805 4573 866 4633 tua,
928 4569 962 4622 sit
978 4569 1097 4639 sapiens,
1114 4575 1139 4620 et
1154 4582 1291 4637 generans
1306 4567 1340 4621 de
1355 4583 1385 4621 se
1400 4567 1580 4636 sapientiam
1597 4567 1729 4639 quaeritur

69 4657 196 4725 Domine,
213 4672 293 4726 quam
309 4656 474 4711 abscondisti
498 4656 655 4710 timentibus
676 4664 711 4712 te.
729 4657 868 4713 l’erlecisti
931 4665 1020 4711 utrum
1036 4672 1084 4726 per
1097 4671 1127 4710 sc
1143 4656 1203 4725 ipse
1218 4655 1269 4709 sibi
1285 4654 1319 4709 sit
1335 4656 1454 4726 sapiens,
1472 4672 1506 4709 an
1517 4671 1634 4725 peream
1647 4671 1726 4725 qnam

68 4746 107 4802 eis
122 4746 169 4818 qni
185 4754 296 4815 sperant
310 4744 375 4800 inte
386 4745 473 4814 (Psoi.
487 4745 549 4810 xxx)
564 4770 574 4792 ·
587 4760 641 4799 ivon
653 4747 727 4800 inse.
741 4745 867 4802 Omnium
930 4745 964 4799 de
980 4761 1009 4800 se
1025 4743 1113 4816 gignit
1129 4743 1288 4813 sapientiam
1306 4759 1313 4797 τ
1330 4759 1362 4796 an
1374 4743 1410 4797 ita
1420 4744 1453 4796 sit
1463 4744 1583 4813 sapiens,
1596 4743 1729 4815 quemad·

67 4834 157 4906 itaque
183 4836 327 4888 miseretur
361 4847 486 4887 vasorum
520 4832 728 4899 miscricordice,
751 4850 867 4905 quornm
929 4833 1040 4888 modum
1056 4832 1163 4886 dicens:
1181 4830 1356 4886 Verboenim
1373 4832 1444 4901 quod
1469 4832 1562 4904 gennit
1576 4831 1671 4887 dicens
1685 4848 1730 4897 esa

66 4923 211 4977 omnium?
236 4927 266 4978 et
294 4937 385 4976 eornm
413 4922 517 4976 scilicet
531 4937 599 4991 qnos
626 4936 657 4976 ex
687 4922 824 4994 gentibus.
841 4931 868 4977 et
924 4921 976 4977 Sed
991 4921 1013 4975 si
1030 4922 1107 4975 Pater
1123 4920 1167 4991 qni
1182 4919 1591 4991 gennitsapientiam,cxeaest
1602 4921 1723 4992 sapiens,

67 5026 162 5066 eorum
178 5026 248 5084 quos
262 5026 294 5064 ev
310 5010 413 5064 tudaets
427 5009 638 5079 predestinavit,
654 5012 770 5079 vocavit,
783 5010 867 5080 justi·
923 5026 1011 5082 neque
1027 5011 1079 5065 hoc
1094 5009 1131 5062 ilh
1157 5017 1197 5063 est
1223 5025 1291 5076 csse,
1310 5009 1384 5080 qnod
1407 5025 1512 5080 sapere,
1530 5009 1644 5079 qualitas
1667 5013 1726 5078 ejus

68 5098 166 5164 licavit,
202 5097 378 5171 glorificavit.
412 5098 472 5152 Non
497 5098 622 5151 onndum
649 5099 797 5167 hominnm,
820 5099 868 5154 sed
928 5109 981 5165 εει,
998 5114 1052 5153 uon
1073 5097 1165 5168 proles
1188 5097 1284 5152 Fi'ins.
1304 5098 1388 5151 Etiam
1414 5113 1469 5152 non
1494 5097 1531 5151 ibi
1554 5104 1596 5152 est
1620 5112 1727 5153 summa

68 5187 184 5243 istorum
200 5186 320 5242 omnium
335 5185 472 5240 neminem
488 5186 610 5256 reliquit.
926 5187 1096 5259 simplicitas.
1111 5187 1164 5243 Sed
1187 5186 1258 5241 absit
1280 5194 1307 5241 nt
1330 5187 1367 5241 ita
1389 5187 1434 5254 sit,
1451 5187 1512 5258 quia
1534 5186 1571 5241 ibi
1596 5202 1659 5242 vere
1682 5195 1725 5242 est

100 5286 187 5340 Vsus.
204 5287 249 5353 33,
263 5283 307 5338 36.
323 5313 359 5323 -
376 5307 387 5330 υ
404 5282 868 5356 (lnltitudodivitiarunisapientiae
924 5302 1031 5342 summe
1054 5285 1168 5354 simplex
1197 5283 1333 5339 essential
1350 5284 1406 5340 lloc
1430 5299 1496 5357 ergo
1522 5284 1560 5338 ibi
1584 5291 1624 5338 est
1651 5298 1721 5350 esse,

66 5389 90 5437 el
104 5384 227 5439 scientiae
243 5383 292 5438 Dei
311 5399 316 5437 :
331 5397 413 5453 quam
438 5381 723 5451 incomprehensibilia
745 5391 806 5437 sunt
814 5383 867 5452 ju·
921 5381 993 5453 qnod
1008 5396 1114 5452 sapere.
1128 5379 1206 5448 Quod
1221 5381 1243 5434 si
1259 5381 1311 5436 hoo
1324 5388 1364 5435 est
1380 5379 1417 5434 ibi
1432 5396 1503 5448 esse,
1518 5381 1590 5452 qnod
1606 5396 1720 5452 sapere:

71 5478 143 5537 dieis
158 5481 232 5549 ejus,
243 5488 269 5535 et
285 5478 489 5551 investigabiles
505 5478 555 5533 viae
570 5478 630 5547 ejus
642 5481 648 5533 l
658 5478 724 5547 Quis
735 5480 806 5535 enim
821 5496 868 5538 co·
921 5495 975 5535 nou
990 5476 1127 5549 perillam
1148 5476 1312 5548 sapientiam
1331 5493 1413 5548 quam
1436 5478 1538 5549 gennit,
1556 5480 1666 5550 sapiens
1680 5482 1722 5535 ast

64 5579 157 5649 (novit
178 5592 291 5634 εειιειιιιι
312 5575 432 5642 Domini,
458 5583 507 5631 ant
530 5576 590 5648 quis
614 5575 793 5635 consiliarius
803 5580 863 5652 ejus
918 5578 1008 5645 Peter,
1025 5575 1125 5649 alioqui
1140 5589 1195 5630 nou
1209 5575 1269 5649 ipse
1282 5575 1369 5648 illem,
1383 5575 1434 5633 sed
1455 5576 1504 5632 illa
1519 5592 1584 5633 enm
1606 5576 1715 5650 genuit.
