3728 6000
87 236 90 241 .
117 285 168 345 399
629 277 819 336 eutttutttt
844 275 986 333 ineatis
1002 273 1033 332 S.
1052 273 1268 334 neeoboetct
1718 278 1769 335 tot

117 416 159 463 ter
178 406 280 472 videre,
304 412 392 476 potest
415 405 495 459 etiam
519 409 548 464 ει
571 401 745 459 invisibiliter
765 400 913 458 adhaerere.
929 401 957 462 A
971 398 1084 467 nubum,
1111 398 1285 456 serenissime
1304 397 1532 456 incommutabilis
1555 400 1678 457 veritatis
1706 401 1769 458 luce

116 496 191 552 Deus
206 495 281 550 enim
296 492 441 548 invisibilis
455 501 481 548 et
493 490 715 561 incormptibilis,
734 513 745 538 ι
772 489 817 562 qui
839 489 918 544 solus
971 489 1099 559 potietur,
1115 495 1142 543 et
1156 495 1245 543 mente
1260 487 1368 559 penitus
1383 504 1399 543 a
1412 487 1610 544 consuetudine
1630 487 1693 545 viter
1716 489 1769 544 hu·

64 616 69 629 ·
117 584 201 639 habet
215 581 458 646 immortalitatem,
472 588 499 636 et
517 580 605 636 lucem
620 578 724 635 habitet
737 576 918 633 inaccessibi-
969 575 1016 647 jus
1034 576 1160 643 alienata,
1181 575 1220 631 illi
1239 584 1396 631 constanter
1415 583 1441 631 et
1464 576 1689 633 indeclinabiliter
1708 578 1768 634 bee-

116 671 182 736 lem,
199 686 280 742 quem
295 684 376 725 nemo
390 669 530 725 bominum
544 666 628 734 videt,
644 666 688 722 vel
713 665 806 722 videre
829 672 919 736 potest
971 669 1031 721 reat
1056 683 1062 719 :
1088 679 1255 736 nequequam
1272 663 1337 735 quid
1352 672 1466 735 quaeret,
1490 664 1627 738 intelligit.
1651 664 1768 722 atterius

117 761 151 832 (1.
163 761 231 815 Tim.
244 760 293 828 ur),
308 780 319 805 e
332 774 382 828 per
393 757 419 811 id
430 756 503 827 quod
514 756 589 812 videt
602 754 686 810 bomo
697 768 850 825 corporeus
859 768 920 808 cor·
973 752 1045 831 enirn
1058 752 1119 808 vitae
1133 752 1185 808 hoc
1199 759 1240 807 est
1255 771 1261 819 ;
1279 760 1306 807 et
1320 752 1446 825 quisquis
1459 754 1551 808 omnia
1570 770 1632 826 quse
1654 753 1692 808 ibi
1715 753 1767 809 ha-

117 861 195 919 pora,
209 862 259 918 per
272 847 324 901 boo
338 846 374 900 ab
389 844 547 899 bominibus
562 843 650 899 videri
669 858 722 898 uon
747 849 847 913 potest.
866 839 919 909 Qui
973 840 1063 897 bende
1078 848 1141 896 eunt
1156 840 1213 895 uult
1225 840 1269 896 hic
1282 840 1394 907 habere,
1409 841 1527 897 ostendit
1549 858 1579 897 ae
1603 841 1683 898 fidem
1713 857 1770 898 non

117 935 182 991 siet
197 934 334 990 mentibus
348 932 453 1004 piorum
469 939 543 988 esset
562 930 771 999 inaccessibilis,
795 944 850 984 non
874 928 920 984 di·
972 928 1089 985 habere.
1106 928 1160 984 Sed
1186 927 1308 984 credenti
1335 927 1475 1001 colligitur
1502 928 1639 997 meritum,
1668 929 1769 987 videnti

117 1031 223 1080 caretur
254 1038 259 1075 :
297 1045 308 1069 s
339 1021 471 1077 Accedite
497 1020 534 1076 ad
570 1035 644 1088 eum,
675 1028 703 1075 et
728 1016 920 1073 illuminamini
973 1017 1097 1073 redditur
1110 1016 1263 1088 praemium.

117 1113 208 1183 (Ptol.
223 1112 356 1180 xxrrrri.»
375 1110 447 1164 Etsi
464 1107 603 1165 menubus
619 1107 726 1179 piomm
741 1113 815 1162 esset
829 1103 920 1161 invisi·
996 1104 1107 1161 'Credet
1120 1120 1187 1176 ergo
1206 1103 1294 1177 potius
1312 1103 1420 1160 sublimi
1440 1106 1590 1161 tauctoriteti
1606 1105 1770 1179 minimeque

117 1197 194 1266 bilis,
210 1213 265 1255 non
280 1199 424 1264 diceretur,
451 1218 463 1248 ι
489 1197 555 1267 quie
576 1195 730 1251 videbimus
755 1209 818 1249 eum
841 1192 918 1248 sicuti
972 1192 1077 1264 fallaci,
1093 1191 1213 1264 quandiu
1227 1208 1320 1248 sumus
1340 1193 1368 1249 in
1392 1208 1516 1264 corpore,
1532 1195 1700 1267 peregrinari
1719 1212 1770 1250 nos

118 1295 159 1345 est
187 1287 222 1354 (1.
251 1289 331 1344 ioan.
361 1288 412 1354 ru).
445 1307 456 1334 ι
487 1284 689 1356 Perspiciamus
720 1289 803 1338 totam
831 1282 919 1351 ipsam
973 1281 1130 1347 aDomino,
1146 1288 1174 1337 et
1187 1280 1326 1337 ambulare
1339 1296 1390 1337 nos
1403 1298 1454 1353 per
1467 1282 1559 1350 iidem,
1569 1298 1625 1337 non
1640 1299 1689 1354 per
1703 1299 1769 1355 spe-

119 1376 268 1448 Epistulam
296 1374 419 1430 loannis.
451 1371 638 1440 Dilectissimi,
672 1370 768 1442 inquit,
800 1392 811 1416 s
847 1383 919 1424 rinno
973 1369 1045 1426 ciem
1060 1370 1095 1440 (r.
1109 1368 1228 1440 Cor.v);
1244 1384 1277 1425 ac
1295 1369 1335 1426 sic
1356 1378 1566 1441 perseveranter
1583 1370 1703 1426 retinens
1725 1380 1768 1426 at-

119 1463 182 1520 Filii
197 1461 248 1518 Dei
263 1478 368 1526 sumus,
383 1468 410 1515 et
424 1460 544 1515 nondum
569 1459 693 1531 apperuit
715 1457 779 1529 quid
801 1456 913 1511 erimus.
974 1473 1026 1527 que
1040 1457 1196 1513 custodiens
1209 1456 1301 1526 fidem,
1317 1465 1435 1528 spernet
1454 1457 1622 1527 charitatem,
1647 1459 1770 1515 intendet

122 1552 228 1608 Scimus
242 1558 342 1617 autem,
358 1549 486 1620 quoniam
505 1563 565 1602 oum
589 1546 758 1617 apperuerit,
773 1544 876 1598 similes
894 1541 919 1598 ei
973 1545 1146 1616 inspeciem,
1162 1547 1324 1616 expignore
1343 1545 1459 1615 Spiritus
1481 1546 1574 1612 sancti,
1590 1547 1664 1618 qnod
1686 1563 1769 1603 ecce-

121 1639 223 1696 erimus
251 1638 380 1710 quoniam
396 1636 622 1692 videbimuseum
637 1634 716 1689 sicuti
731 1640 774 1688 est
788 1631 916 1703 (ibid.).·
973 1633 1063 1704 pimus
1085 1647 1092 1701 ;
1117 1632 1164 1704 qni
1187 1648 1237 1688 nos
1259 1632 1368 1688 docebit
1395 1649 1502 1689 omnem
1530 1634 1681 1701 veritatem,
1707 1652 1770 1691 cum

121 1729 153 1784 ln
169 1734 273 1782 tantum
287 1741 356 1798 ergo
370 1740 433 1779 eum
448 1722 603 1779 videbimus
622 1722 650 1776 in
666 1731 794 1793 quantum
815 1718 918 1776 similes
932 1755 959 1815 B
974 1721 1048 1778 Dens
1074 1721 1121 1791 qui
1148 1720 1287 1776 suscitavit
1314 1720 1459 1778 Dominum
1481 1722 1571 1778 lesum
1597 1721 1735 1778 Christum
1752 1739 1771 1779 a

24 1870 28 1875 .
121 1817 146 1872 ei
161 1816 262 1872 erimus
280 1830 286 1868 :
304 1821 330 1869 et
344 1812 408 1867 indo
422 1828 484 1868 eum
499 1811 659 1879 ridebimus,
680 1809 753 1866 unde
776 1806 919 1865 similesei
973 1809 1096 1875 mortuis,
1110 1807 1257 1864 vivificabit
1280 1815 1307 1863 et
1329 1808 1453 1865 mortalia
1475 1825 1590 1881 corpora
1611 1819 1702 1868 nostra
1721 1827 1771 1883 per

94 1914 96 1919 ’
120 1904 230 1969 erimus,
245 1909 336 1958 mente
350 1899 453 1956 scilicet
469 1915 475 1954 :
492 1900 555 1972 quia
570 1906 597 1955 et
611 1913 684 1953 nunc
707 1897 839 1952 intentum
863 1911 918 1951 non
972 1897 1167 1954 inhabitantem
1191 1895 1319 1967 Spiritum
1338 1897 1397 1965 ejus
1417 1896 1551 1954 innubis.
1571 1898 1651 1954 Prius
1679 1908 1771 1956 nuum

119 1992 255 2061 videmus,
271 1990 427 2062 inquantum
443 1986 589 2043 dissimiles
612 1986 646 2041 ab
667 2001 701 2042 eo
725 2001 828 2039 sumus.
853 1982 919 2052 Quis
973 2002 1057 2059 quem
1080 1982 1239 2052 vivificetur,
1264 1984 1316 2039 hoo
1339 1983 1415 2056 quod
1438 1994 1574 2042 mortuum
1598 1995 1638 2042 est
1656 1997 1771 2058 propter

119 2088 210 2137 autem
222 2080 265 2136 vel
279 2077 501 2134 dementissimus
516 2075 624 2139 dixerit,
640 2088 754 2145 corpore
767 2087 817 2127 nos
839 2071 918 2125 simi·
972 2080 1125 2146 peccatum,
1142 2071 1236 2144 procul
1251 2072 1334 2127 dubio
1348 2073 1524 2144 corruptibile
1548 2083 1599 2144 est,
1616 2084 1641 2131 ει
1664 2091 1769 2149 aggra-

117 2169 158 2226 les
171 2170 230 2224 Deo
244 2166 332 2223 iore?
355 2168 385 2220 ln
409 2165 536 2219 interiore
558 2177 625 2234 ergo
647 2162 758 2217 homine
772 2158 918 2214 similitudo
973 2169 1018 2217 vat
1031 2160 1158 2215 animam.
1174 2160 1240 2230 Quae
1253 2159 1360 2230 quando
1374 2160 1465 2231 adJuta
1480 2162 1589 2219 excedit
1602 2163 1672 2218 hanc
1687 2164 1771 2219 nobu-

119 2257 170 2312 ista
197 2262 247 2320 est,
274 2270 325 2325 qua
347 2260 495 2307 renovetur
518 2251 600 2305 horno
618 2250 653 2305 de
675 2249 721 2304 die
745 2247 773 2302 in
794 2247 866 2303 diem
890 2246 918 2301 in
971 2248 1025 2305 lam
1040 2264 1095 2320 que
1109 2248 1209 2320 tegitur
1223 2248 1311 2303 omnis
1326 2256 1406 2315 terre,
1421 2249 1449 2304 id
1471 2254 1511 2304 est
1536 2250 1607 2307 hanc
1627 2252 1768 2307 carnalem

119 2342 257 2416 agnitione
271 2340 331 2406 Dei,
348 2338 497 2395 secundum
514 2337 664 2409 imaginem
678 2336 742 2407 eius
757 2335 802 2405 qui
816 2334 920 2390 crearit
972 2336 1188 2408 caliginemque
1205 2339 1304 2409 tegitur
1322 2337 1409 2392 omnis
1424 2337 1478 2392 vita
1503 2346 1622 2405 terrene,
1638 2346 1768 2411 tanquam

118 2446 181 2487 eum
198 2448 205 2484 ε
221 2428 268 2484 nbi
282 2434 356 2482 tanto
370 2427 397 2482 ei
411 2424 543 2481 efficimur
566 2423 720 2490 similiores,
736 2429 836 2493 quanto
860 2436 918 2476 me·
971 2424 1071 2496 rapida
1085 2425 1272 2480 coruscatione
1287 2425 1486 2498 perstringitur,
1503 2434 1529 2482 et
1547 2427 1575 2481 in
1589 2442 1666 2482 suam
1689 2427 1768 2483 infir-

119 2519 163 2591 gis
177 2516 205 2573 in
219 2517 280 2587 ejus
294 2514 481 2587 cognitionem
495 2512 709 2582 charitatemque
733 2510 893 2580 proficimus
910 2523 917 2579 ;
971 2511 1090 2567 mitatem
1105 2511 1184 2577 redit,
1199 2509 1306 2568 vivente
1333 2511 1467 2568 desiderio
1491 2530 1545 2585 quo
1566 2531 1657 2570 rursus
1676 2516 1769 2588 eriga-

119 2614 147 2662 nt
168 2606 301 2662 intantum
324 2619 386 2659 eum
407 2601 584 2673 pmpinquiue
607 2615 639 2656 ac
664 2599 825 2654 familiarius
839 2596 919 2654 ride·
973 2607 1030 2666 tur,
1055 2614 1106 2655 nec
1132 2597 1281 2655 sufficiente
1309 2600 1448 2669 munditia,
1474 2618 1528 2672 qua
1556 2600 1667 2675 ligatur.
1690 2602 1770 2672 Quod

121 2710 193 2760 mus,
210 2695 371 2762 inquantum
385 2688 577 2762 cognoscendo
592 2704 653 2743 eum
669 2702 701 2742 ac
714 2686 854 2759 diligendo
875 2685 919 2739 el·
973 2695 1072 2759 quanto
1099 2686 1214 2758 quisque
1242 2688 1331 2759 magis
1358 2696 1455 2758 potest,
1484 2695 1559 2746 tanw
1588 2690 1677 2760 major
1703 2693 1769 2754 eat;

119 2781 230 2838 finimur
257 2780 282 2834 ei
313 2777 468 2833 similiores.
485 2775 516 2830 ln
542 2792 596 2847 qno
621 2782 847 2845 quantuscunque
874 2772 920 2828 hic
973 2780 1075 2845 quanto
1091 2782 1180 2830 autem
1197 2774 1299 2841 minus,
1323 2782 1400 2831 tanto
1420 2776 1519 2832 minor.
1545 2776 1573 2833 Si
1593 2786 1683 2834 autem
1704 2777 1773 2834 nihil

120 2868 261 2942 protectus
275 2866 364 2934 luerit,
381 2865 518 2936 longeest
539 2863 573 2919 ab
595 2863 641 2917 ille
663 2861 840 2934 perfectione,
866 2876 921 2932 qua
973 2862 1063 2918 adhuc
1078 2860 1132 2918 tate
1146 2879 1225 2917 mens
1238 2862 1356 2918 hominis
1371 2873 1484 2935 experta
1503 2873 1554 2932 est,
1570 2866 1600 2921 in
1614 2883 1668 2939 qua
1682 2875 1774 2923 temen

120 2958 194 3014 Deus
207 2954 344 3011 ridebitur
357 2953 437 3008 sicuti
454 2959 496 3008 εει
511 2950 580 3006 lucie
594 2950 631 3006 ed
645 2950 742 3005 facicm
759 2966 765 3001 :
788 2948 834 3004 ubi
849 2956 921 3003 tanta
975 2950 1080 3006 habitat
1094 2949 1216 3006 Christus
1230 2966 1280 3020 per
1293 2949 1384 3021 fidem,
1404 2950 1583 3009 insistendum
1598 2961 1639 3009 est
1651 2954 1776 3011 minuen-

122 3046 171 3101 erit
185 3042 356 3109 excellentia,
371 3048 400 3095 ut
420 3039 506 3094 multo
520 3039 581 3110 plus
602 3038 769 3108 adipiscatur
791 3035 920 3099 charites,
975 3038 1017 3093 dis
1031 3046 1057 3094 et
1071 3037 1263 3094 mortificandis
1277 3040 1505 3110 concupiscentiis
1520 3041 1609 3097 carnis
1630 3051 1655 3097 et
1677 3042 1775 3098 oculo-

123 3147 205 3204 quam
218 3129 262 3188 vel
277 3126 345 3184 fides
360 3127 486 3194 credidit,
502 3125 545 3183 rel
560 3141 624 3197 spes
645 3124 813 3180 desideravit
830 3140 836 3177 :
860 3124 922 3194 plus
936 3099 961 3163 C
977 3142 1047 3192 rum,
1071 3134 1098 3182 et
1120 3125 1257 3198 superbiae
1271 3126 1333 3182 ritae
1357 3127 1436 3198 hujus
1452 3147 1459 3194 ς
1475 3136 1503 3184 ει
1519 3145 1581 3186 cum
1600 3129 1715 3185 moralis
1732 3146 1776 3186 ac—

124 3218 246 3275 inveniet
267 3215 388 3287 adeptio,
414 3230 496 3285 quern
520 3212 654 3269 formabat
676 3210 814 3283 cogitatio.
838 3208 925 3282 liegio
977 3215 1051 3270 tione
1068 3214 1174 3269 virtutis
1202 3213 1277 3269 omni
1306 3215 1395 3271 studio
1422 3215 1485 3272 lidei
1513 3217 1595 3272 robur
1608 3217 1773 3286 addendum,

125 3321 244 3376 nemque
259 3312 300 3360 est
322 3304 368 3359 illa
391 3301 540 3358 virentium
561 3316 594 3357 ec
618 3300 778 3367 ridentium,
799 3297 924 3354 intellec·
978 3302 1156 3373 quoadusque
1170 3301 1291 3373 perfecte
1310 3302 1487 3359 mortificatus
1508 3321 1541 3360 ea
1561 3312 1651 3362 morte
1674 3305 1707 3360 de
1722 3322 1776 3377 qna

124 3395 236 3450 tuelinm
252 3399 278 3449 et
297 3390 518 3464 intelligibilium,
534 3389 580 3444 ubi
595 3387 654 3443 aine
669 3387 722 3443 ulla
738 3386 864 3458 corporis
885 3385 924 3440 si·
977 3389 1078 3445 dictum
1094 3398 1136 3446 est
1151 3388 1257 3459 lloysi:
1277 3413 1288 3439 a
1304 3391 1366 3446 Non
1381 3393 1454 3447 enim
1469 3391 1574 3448 videbit
1592 3409 1638 3450 me
1652 3395 1733 3450 bomo
1747 3401 1777 3450 et

123 3482 275 3539 militudine
290 3480 391 3536 veritas
405 3479 534 3546 cernitur,
555 3475 639 3531 nullis
654 3475 812 3547 opinionum
835 3474 924 3529 talsa—
978 3475 1051 3533 vivet
1064 3475 1164 3546 (deod.
1181 3479 1278 3547 xrxur)
1295 3493 1302 3546 ;
1320 3501 1330 3527 n
1357 3479 1468 3549 incipiat
1486 3480 1578 3537 vivere
1599 3497 1631 3536 ea
1651 3481 1714 3548 rita,
1739 3481 1776 3538 de

124 3586 189 3625 rum
204 3568 312 3625 nebulis
326 3565 479 3623 offuscetur.
501 3565 540 3619 lbi
556 3563 629 3618 enirn
651 3563 720 3619 sicut
742 3563 770 3618 in
793 3562 925 3617 Trinitate
979 3579 1034 3636 qua
1054 3564 1119 3621 item
1140 3565 1273 3621 Dominus
1293 3566 1370 3636 dicit,
1392 3582 1472 3623 orans
1493 3569 1579 3625 Deum
1599 3569 1706 3625 Patrem
1724 3585 1774 3642 pro

124 3671 185 3728 quae
201 3658 274 3712 Deus
289 3663 341 3723 est,
355 3661 449 3709 mutuo
471 3668 500 3707 se
523 3651 617 3706 vident
639 3651 718 3706 Pater
741 3656 768 3704 et
789 3649 882 3713 Filius,
899 3655 925 3703 et
979 3653 1117 3726 discipulis
1132 3653 1188 3709 suis
1204 3672 1210 3708 :
1230 3677 1241 3702 ι
1258 3654 1323 3710 llaeo
1337 3661 1378 3709 est
1390 3662 1478 3710 nutem
1494 3656 1549 3712 vita
1563 3663 1713 3726 aetema,ut
1725 3673 1775 3713 co·

124 3750 219 3799 mutuo
234 3759 265 3798 se
279 3741 382 3807 videre,
399 3755 482 3795 uuum
497 3753 546 3794 eos
560 3752 619 3793 esse
635 3743 686 3802 est,
702 3741 733 3792 et
747 3737 798 3791 hor
811 3737 926 3792 alterum
979 3750 1111 3815 gnoscere
1131 3750 1157 3797 te
1177 3741 1265 3798 Deum
1286 3759 1394 3810 verum,
1415 3751 1441 3798 et
1461 3760 1543 3817 quem
1564 3745 1662 3802 misisti
1684 3747 1776 3802 Jesum

125 3847 197 3898 esse,
213 3829 286 3902 quod
300 3827 370 3883 alter
385 3835 449 3890 eat;
474 3827 514 3880 sic
536 3824 586 3894 qni
607 3823 641 3878 ed
660 3826 713 3879 hoc
739 3822 925 3895 praedestinati
980 3831 1117 3886 Christum
1137 3831 1228 3900 (ioan,
1244 3831 1354 3898 xviri.»

123 3925 195 3984 aunt,
210 3925 238 3973 et
252 3917 279 3972 in
293 3918 346 3971 hoc
360 3913 493 3984 assumpti
508 3913 619 3978 luerint,
636 3909 767 3968 videbunt
777 3911 864 3966 Deum
874 3911 927 3967 sic·
1014 3919 1045 3972 ln
1060 3934 1115 3990 quo
1130 3919 1178 3990 qui
1192 3918 1331 3991 evigilarit
1342 3919 1398 3988 jam
1415 3919 1441 3973 in
1456 3920 1553 3975 Deum.
1566 3921 1680 3992 Spiritus
1690 3922 1776 3978 sancti

125 4006 164 4061 uti
178 4013 230 4071 est,
246 4002 408 4061 stridendo
424 4000 574 4057 efficientur
588 4001 658 4056 siout
672 3999 732 4069 ipse
756 4007 804 4064 est,
823 3999 927 4055 similes
980 4005 1070 4061 calore
1085 4006 1228 4074 excitatus,
1244 4014 1324 4078 atque
1338 4006 1366 4061 iu
1381 4005 1440 4077 ejus
1454 4023 1547 4064 amore
1561 4025 1654 4064 coram
1673 4011 1777 4081 seipse

127 4093 165 4148 ei.
183 4092 236 4148 Ubi
251 4092 331 4148 etiam
347 4091 417 4146 situl
432 4089 459 4144 iu
476 4089 555 4143 Pelle
571 4095 597 4143 02
609 4087 689 4156 Filio,
705 4103 767 4158 quae
780 4086 928 4159 Vi⁸i⁰tii¹⁵⁸
980 4093 1057 4150 viluit
1070 4092 1122 4149 sibi
1139 4109 1146 4165 ;
1169 4094 1316 4164 volensque
1339 4094 1442 4151 intrare
1460 4096 1494 4150 ad
1513 4114 1574 4152 eum
1599 4112 1650 4153 nec
1671 4098 1776 4166 valens,

125 4180 214 4236 ubiles
229 4187 291 4242 est;
318 4179 358 4233 Sic
380 4177 410 4232 in
434 4177 493 4232 1)θο
516 4183 544 4231 0¹
558 4175 748 4246 hominnm&
768 4173 848 4243 Vitio,
867 4174 927 4244 ills&
981 4197 1070 4256 eoque
1084 4181 1191 4239 lucente
1205 4181 1256 4237 sibi
1273 4182 1387 4238 attendit
1405 4184 1432 4238 in
1454 4200 1505 4251 se;
1529 4185 1684 4257 invenitque
1706 4202 1735 4241 εε
1750 4195 1778 4242 ει

127 4264 276 4321 similitudo
290 4263 379 4318 lutura
393 4269 445 4318 est.
467 4260 583 4332 Spiritus
604 4269 712 4316 sanctus
729 4259 818 4317 unitas
843 4258 928 4315 Patris
979 4285 1055 4325 suam
1070 4268 1340 4341 aegiiiudinemitlius
1354 4271 1493 4328 mundium
1507 4274 1708 4345 contempens,
1721 4289 1777 4331 „00

126 4361 155 4409 ei
167 4353 237 4420 Filii,
254 4351 312 4424 ipse
328 4350 410 4406 ellum
425 4349 540 4406 charitas
553 4356 581 4404 et
594 4346 744 4403 Sintililtldo
758 4347 810 4403 Dei
829 4354 855 4403 et
874 4349 927 4402 ho·
979 4372 1083 4429 posse:
1100 4357 1363 4427 fleredulcehpbei¹
1380 4366 1481 4415 eleum
1506 4360 1624 4429 precari,
1642 4368 1670 4415 ui
1693 4361 1776 4416 etiam

127 4441 208 4496 minis
222 4459 229 4507 ι
245 4440 295 4495 sed
310 4439 388 4495 ³5¹⁰?
399 4438 427 4493 5¹1
442 4451 549 4492 summ&
563 4436 690 4503 ess‘eflfifl·
706 4434 783 4491 filimi
805 4435 833 4489 in
854 4434 967 4506 inse-1)
982 4453 1061 4519 etque
1081 4446 1162 4502 etiem
1186 4445 1356 4515 misereatur,
1378 4447 1464 4502 donec
1484 4455 1565 4503 exuat
1586 4457 1668 4504 totam
1691 4449 1775 4505 mise-

126 4529 198 4587 riore
221 4532 327 4584 nature·
354 4527 394 4582 lbi
419 4525 491 4581 ellim
515 4524 653 4580 videbitur
673 4523 787 4580 Claritas
806 4522 925 4590 Domini,
980 4534 1060 4602 riam,
1076 4541 1104 4589 gt
1116 4532 1223 4604 precari
1241 4548 1302 4589 cum
1325 4533 1423 4590 fiducia
1440 4533 1499 4605 jam
1519 4535 1637 4609 gratuito
1658 4536 1776 4608 pignore

127 4633 184 4674 ⁰⁰11
211 4633 260 4688 per
285 4610 644 4685 Vt³i01¹0ffl⁸iil¹¹ifi⁰ffl⁰¹⁰r
673 4610 925 4681 ⁸1V0⁰⁰fl¹⁰ffll⁶ms
978 4621 1072 4677 salutis
1086 4629 1198 4691 accepto
1216 4637 1265 4693 per
1288 4622 1346 4691 ejus
1367 4623 1474 4678 unicum
1494 4621 1662 4679 Salvatorem
1684 4624 1775 4679 bomi-

126 4706 195 4761 Slsslli
208 4704 265 4760 risa
279 4711 319 4760 082
334 4704 361 4757 ln
377 4705 470 4756 monle
485 4700 552 4756 Sili!
568 4696 672 4769 (Eroti.
691 4700 741 4769 tlt),
761 4699 820 4756 Sive
843 4698 926 4770 Spil‘l·
979 4725 1044 4764 num
1060 4716 1086 4764 gt
1109 4707 1329 4764 illuminatorem,
1351 4709 1431 4765 Hunc
1452 4724 1517 4765 gei-0
1540 4711 1578 4765 iia
1600 4718 1726 4783 &geniem
1749 4719 1777 4766 gg

128 4793 228 4849 melem
243 4792 314 4849 situl
327 4790 394 4848 Vidit
407 4789 493 4844 lfflits
517 4788 593 4857 (stli-
610 4789 659 4856 ra),
687 4787 732 4843 tel
754 4789 871 4843 1⁰⁸ssssss
898 4787 927 4841 in
979 4797 1115 4853 dolentem
1130 4796 1240 4853 scientia
1254 4813 1309 4853 non
1322 4796 1406 4864 inllat,
1423 4799 1487 4868 quia
1509 4799 1628 4854 obantes
1649 4797 1778 4856 rediticat.

127 4879 297 4952 Apocalypsi
312 4874 697 4951 (dp0001).⁸edl¹tr⁸l³⁸018ffl
711 4890 717 4942 i
734 4889 787 4931 ¹10⁰
802 4891 851 4946 per
860 4890 926 4946 ⁵90·
981 4884 1129 4956 Praepnsnit
1144 4884 1216 4941 enim
1229 4885 1369 4941 scientiam
1383 4884 1501 4941 scientiae
1518 4905 1525 4952 ;
1546 4888 1694 4958 praeposuit
1707 4889 1778 4945 scire

127 4977 219 5034 culum
234 4986 260 5032 ot
282 4977 309 5030 in
328 4976 483 5048 enigmate,
498 4974 567 5029 sicut
580 4974 625 5031 hic
638 4973 744 5032 videtur
756 4975 791 5030 eb
805 4975 924 5030 bomini·
980 4970 1166 5029 infirmitatem
1181 4987 1268 5040 suem,
1282 4972 1370 5045 megs
1385 4988 1467 5044 quam
1481 4973 1554 5030 scire
1568 4975 1663 5030 mundi
1676 4977 1779 5033 moenia

126 5074 178 5129 bns
192 5071 238 5144 qui
252 5070 328 5144 digni
343 5075 408 5126 suut
429 5070 480 5126 lrac
502 5069 618 5138 visione,
643 5078 772 5142 quantum
795 5085 856 5125 eam
878 5084 926 5126 ea·
981 5067 1155 5124 fundamenta
1169 5077 1299 5124 terrerum
1314 5076 1341 5125 et
1356 5069 1465 5141 fastigia
1479 5070 1636 5141 coelorum;
1658 5079 1684 5126 et
1708 5073 1779 5129 hanc

127 5186 194 5243 pere
222 5175 312 5241 potest
337 5183 414 5223 mens
440 5166 560 5224 humana
589 5168 738 5225 secundum
763 5166 926 5223 assumentis
980 5167 1145 5239 apponendo
1172 5166 1311 5222 scientiam
1337 5167 1465 5237 apposnit
1491 5166 1627 5239 dolorem,
1656 5167 1778 5225 dolorem

126 5267 256 5341 gratiam,
277 5267 326 5323 sed
339 5265 407 5323 lecie
421 5266 456 5323 ed
470 5266 586 5336 taciem.
604 5265 683 5336 Quod
707 5265 829 5337 quisquis
850 5265 926 5321 arbi·
980 5262 1208 5335 peregrinationis
1234 5278 1291 5318 euae
1318 5278 1351 5318 er
1379 5262 1516 5320 desiderio
1543 5264 1639 5335 patrie
1659 5281 1727 5335 suae,
1750 5273 1778 5322 et

126 5370 214 5420 tratur
234 5363 337 5420 homini
349 5363 433 5420 vitane
454 5365 533 5419 istam
557 5362 701 5420 mortalem
722 5362 812 5420 adhuc
833 5361 926 5435 agenti
979 5360 1135 5419 conditoris
1149 5361 1207 5429 ejus
1221 5359 1294 5416 beati
1309 5359 1357 5415 liei
1372 5359 1424 5416 sui.
1441 5362 1471 5415 ln
1486 5361 1539 5418 hoc
1563 5377 1665 5435 genere
1682 5363 1777 5419 bomi-

125 5474 209 5532 posse
224 5462 393 5534 contingere,
407 5460 512 5519 scilicet
525 5465 557 5515 ut
577 5460 680 5517 dimoto
696 5467 777 5532 atque
800 5459 925 5517 discusso
979 5474 1053 5526 num,
1068 5458 1096 5514 in
1111 5456 1214 5514 familia
1227 5457 1327 5514 Christi
1341 5456 1392 5525 tui,
1415 5458 1531 5514 Domine
1551 5458 1625 5515 Dens
1645 5476 1735 5528 meus,
1751 5460 1775 5516 si

127 5557 201 5613 omni
216 5559 308 5618 nubilo
328 5559 527 5632 phantasiarum
550 5559 731 5630 corporalium
755 5566 835 5630 atque
859 5573 924 5616 car·
977 5556 1048 5614 inter
1062 5570 1201 5629 pauperes
1214 5559 1276 5612 tuos
1290 5569 1372 5628 gemo
1386 5571 1497 5626 pauper,
1512 5555 1547 5611 da
1561 5556 1631 5612 mibi
1650 5557 1686 5615 de
1705 5573 1775 5629 pane
