3728 6000
1668 210 1721 306 aaa

64 262 119 320 845
652 258 699 312 DE
720 255 957 313 stcttattsshro
976 256 1132 312 ALTARIS.

65 400 191 463 sumptas
204 390 277 464 coepi
292 389 409 447 inricem
424 387 565 454 conlerrc;
583 395 610 443 et
627 389 750 458 quaedam
767 405 829 461 quae
850 387 878 443 in
900 387 976 443 libris
1000 403 1104 454 eorum,
1121 395 1147 443 et
1170 387 1288 443 maxime
1303 388 1336 443 a.
1364 381 1516 457 Augustini,
1532 397 1613 452 super
1629 381 1679 436 hac
1692 395 1721 436 re

65 465 218 521 nonnullos
234 462 342 519 turbare
357 461 456 524 solent,
472 461 498 514 in
514 476 595 515 urium
611 461 755 532 colligens,
772 469 876 515 tentare
897 460 977 528 coepI,
994 469 1082 515 utrum
1110 459 1211 530 aliquid
1236 459 1299 514 iude
1315 474 1424 529 possem
1440 453 1586 533 corruens,
1602 453 1722 521 Cumque

67 553 102 593 ex
130 535 294 592 condatIone
317 535 362 589 illa
386 530 548 602 opusculum
575 533 626 585 hoe
650 531 741 586 nescio
765 530 901 600 morundo
934 531 1043 595 exisset,
1065 531 1143 586 robis
1174 547 1229 597 prae
1253 531 1379 585 omnibus
1404 527 1496 598 putari
1519 522 1720 588 destinandum,

67 607 179 663 mihist
203 605 280 661 robis
295 602 472 660 solummodo
496 601 651 656 habendum
669 619 675 657 :
692 611 720 657 ut
743 618 803 657 curn
826 603 852 656 in
876 617 910 657 eo
929 602 1103 656 correxeritis
1128 619 1188 672 quae
1207 600 1368 672 corrIgenda
1388 607 1459 664 suut,
1476 606 1502 653 et
1523 611 1612 650 mcum
1640 609 1718 675 opus,

68 688 96 735 et
109 685 233 732 restrum
247 678 304 739 sit:
326 691 388 730 euni
404 689 458 744 ago
476 672 595 741 toccum,
614 688 663 727 vos
682 672 867 732 correxeritis.
894 672 945 727 nisi
971 672 1043 742 qnod
1058 673 1146 745 magis
1167 672 1219 728 erit
1244 681 1370 727 restrum
1394 686 1475 740 quani
1499 683 1588 749 meum
1606 682 1612 718 :
1630 682 1651 719 si
1668 679 1721 720 iion

68 751 142 805 berre
156 748 256 804 lactum
272 765 288 802 a
302 763 357 808 rna,
374 746 444 800 bene
461 744 540 798 luerit
553 761 569 798 a
584 744 662 798 robis
676 754 838 800 correctum.
860 745 923 798 Post
937 744 1018 798 tiuem
1034 759 1100 799 rere
1122 742 1244 814 opusculi
1260 760 1309 812 por
1323 759 1352 797 se
1364 740 1511 797 sententias
1525 754 1597 808 ipsas
1614 737 1722 790 Petrum

69 821 208 892 congessi,
229 835 279 890 pro
293 818 391 890 quibus
403 814 593 886 explanandis,
605 825 633 868 et
649 814 702 869 sibi
717 815 830 870 invIcem
847 813 1035 876 conciliandis,
1050 830 1119 895 opus
1132 816 1219 886 ipsum
1232 830 1381 887 aggressus
1395 829 1452 867 snm
1468 831 1475 875 ;
1492 810 1555 864 licet
1569 824 1618 890 per
1632 807 1721 876 ipsum

69 891 236 963 opusculum
254 891 356 957 passim
372 904 420 943 eas
439 886 619 958 disperserim
637 902 642 938 z
664 894 691 941 et
701 887 747 941 nbi
759 893 944 959 opportunum
961 885 1055 953 luerat,
1071 899 1131 957 ipsa
1145 886 1229 943 verba
1244 901 1341 942 eorum
1356 899 1457 956 ponere
1472 882 1627 945 maluerim,
1639 893 1721 950 quarn

69 977 145 1019 mea.
160 961 291 1034 Explicit
304 961 444 1034 prologos.

429 1227 666 1332 INCIPIT
704 1227 888 1330 LIBER
926 1228 990 1329 D.
1036 1224 1372 1330 GUILLELlllI

499 1419 554 1481 DE
582 1418 778 1483 CORPORE
807 1419 859 1480 ET
891 1416 1101 1482 SANGUINE
1131 1415 1287 1480 DOMINI.

103 1697 170 1751 Cum
190 1695 353 1753 Christianae
376 1697 439 1755 fidei
461 1699 560 1755 veritas
583 1700 634 1754 hoc
659 1698 736 1768 quasi
757 1696 868 1769 speciali
883 1698 1037 1759 Auernum
1065 1714 1165 1771 sapere
1189 1714 1243 1753 non
1271 1699 1402 1754 debemus
1424 1695 1576 1753 secuudum
1599 1710 1721 1751 caruem.

66 1785 248 1857 praeemineat
258 1787 331 1856 jure,
341 1796 368 1842 ut
378 1804 431 1843 nou
447 1788 506 1858 ipsa
521 1803 571 1857 per
585 1787 811 1847 intellectnmsed
820 1804 870 1858 per
924 1793 993 1847 Narn
1009 1791 1056 1847 etsi
1072 1789 1210 1845 Christum
1225 1787 1375 1844 secundum
1391 1802 1505 1843 carnem
1520 1785 1661 1855 novimus,
1677 1783 1724 1839 sed

66 1890 129 1931 eam
150 1874 212 1946 ejus
231 1878 395 1947 quarendus
423 1877 457 1931 sit
480 1876 652 1940 intellectus;
675 1891 786 1931 ornnem
810 1893 871 1932 ase
923 1882 1062 1948 nunciam
1081 1895 1135 1935 oon
1149 1877 1274 1934 norimus
1288 1876 1331 1941 (II
1345 1878 1408 1933 Cor.
1428 1876 1646 1944 tribunumque
1661 1888 1724 1928 car·

65 1965 219 2034 compescit
254 1965 403 2032 superbum
432 1965 475 2020 vel
503 1965 640 2020 curiosum
669 1965 868 2034 inquisitorem,

66 2052 112 2108 rel
125 2068 200 2117 euin,
215 2053 262 2124 qui
285 2052 381 2108 multis
400 2061 428 2108 et
449 2053 533 2108 variis
556 2053 750 2125 quaestionibus
774 2054 801 2108 in
816 2053 870 2111 tide

67 2155 123 2196 non
144 2140 242 2212 quaerit
256 2140 309 2196 nisi
327 2141 441 2214 gloriam
458 2157 553 2205 suam;
570 2142 613 2197 rel
638 2158 712 2208 eum,
729 2142 773 2211 qui
793 2142 871 2213 quasi

67 2229 257 2286 ratiocinando
271 2238 298 2286 et
312 2231 485 2286 retractando
499 2230 588 2285 dubiis
610 2231 773 2301 quibusdam
798 2230 870 2287 deli·

67 2318 256 2374 bcrationibus
278 2319 408 2390 explorat,
431 2328 517 2374 utrum
545 2319 710 2375 credendum
737 2320 780 2384 sit,
796 2320 871 2392 quod

68 2406 238 2462 credendum
251 2407 343 2463 Indicit
358 2407 449 2463 divina
468 2408 622 2463 auotoritas.
639 2408 712 2463 Beati
734 2424 872 2479 pauperes

68 2494 178 2564 spiritu,
199 2496 244 2566 qui
264 2497 394 2566 parrulos
406 2512 436 2551 se
456 2504 656 2569 cognoscentes
670 2501 698 2551 et
722 2496 793 2552 lacte
816 2513 870 2552 nu-

68 2583 200 2653 triendos,
208 2582 295 2640 donec
309 2585 364 2654 apti
378 2585 432 2640 alut
445 2585 479 2640 ad
495 2585 609 2639 solidum
624 2585 727 2653 cibum,
739 2586 872 2642 accedunt

68 2671 234 2741 simpliciter
254 2673 287 2727 ad
302 2672 407 2729 iidem:
430 2689 499 2744 qnos
522 2674 633 2745 suscipit
655 2682 681 2728 et
699 2682 830 2736 exercet:
846 2682 871 2729 et

67 2776 167 2818 eorum
183 2767 233 2821 est.
247 2778 308 2833 quae
325 2777 378 2818 non
393 2763 512 2817 omniurn
538 2771 590 2830 est,
609 2761 687 2819 tides.
704 2761 784 2818 hliud
798 2763 872 2817 enirn

70 2858 111 2906 est
125 2847 195 2906 fialas
208 2849 281 2907 aliud
307 2850 428 2906 micatis.
449 2851 569 2907 Scientie
592 2851 705 2917 ratione,
722 2859 748 2906 et
762 2850 872 2906 intelle·

69 2943 115 2995 ctu
138 2937 293 3011 colligitur;
309 2937 377 2994 lidos
400 2955 465 2994 vero
486 2940 544 2995 sola
562 2941 722 2995 auctoritate
737 2939 871 2995 iudicitur.

925 1971 967 2025 nis
982 1969 1121 2025 veritatem
1144 1982 1198 2023 nou
1221 1966 1261 2022 sic
1281 1966 1413 2021 debemus
1442 1963 1516 2034 quasi
1545 1961 1724 2033 spicitualiter

925 2059 1051 2114 rimando
1066 2065 1216 2124 attenuare,
1234 2063 1263 2110 ut
1277 2062 1401 2109 naturam
1416 2053 1475 2121 ejus
1490 2051 1581 2106 Verbo
1596 2049 1645 2105 Dei
1660 2049 1723 2104 nni-

926 2156 1061 2210 tam,.non
1078 2146 1211 2200 tamenin
1231 2143 1347 2198 Verbum
1361 2149 1503 2204 mutatam,
1521 2138 1597 2210 quasi
1612 2137 1723 2194 ratioci-

925 2237 1014 2291 nando
1029 2235 1170 2290 videamur
1183 2233 1332 2289 destruere.
1345 2233 1413 2287 Nam
1428 2232 1507 2286 iesus
1517 2228 1646 2285 Christus
1662 2226 1723 2283 lieri

926 2331 954 2383 et
969 2326 1058 2385 hodie.
1076 2325 1135 2397 ipsc
1149 2327 1193 2379 ert
1203 2326 1231 2379 et
1246 2324 1277 2378 in
1292 2320 1498 2389 soecalofflebr.
1517 2318 1588 2385 ιιιι).
1603 2315 1656 2386 Qui
1672 2331 1723 2369 aa·

925 2423 1015 2471 turam
1030 2414 1114 2475 illam,
1127 2413 1154 2467 in
1169 2428 1222 2484 qua
1237 2411 1310 2466 carni
1321 2407 1533 2467 communicavit
1546 2415 1573 2463 et
1585 2403 1723 2478 sanguim,

925 2513 955 2560 ut
982 2503 1110 2559 fratribus
1142 2517 1194 2570 per
1220 2500 1310 2556 omnia
1343 2498 1543 2555 assimilaretur
1568 2494 1725 2550 misericors

926 2592 1059 2665 pontifex,
1076 2591 1117 2646 alc
1129 2588 1300 2662 glorificavit,
1313 2598 1408 2644 utnon
1422 2588 1590 2649 destrueret;
1605 2585 1645 2639 sic
1660 2597 1724 2654 pro·

925 2683 1009 2744 rexit,
1030 2688 1059 2735 ut
1083 2696 1137 2735 non
1158 2678 1319 2734 exinaniret.
1337 2677 1382 2734 Sic
1403 2675 1475 2731 enim
1491 2682 1532 2730 ast
1547 2671 1722 2744 cogitandum

925 2786 1026 2841 corpus
1040 2768 1160 2833 Domini,
1176 2768 1245 2822 slent
1269 2774 1332 2822 est:
1363 2772 1468 2822 nostrae
1492 2763 1594 2818 scilicet
1608 2767 1723 2825 naturae,

925 2859 973 2914 sed
989 2857 1099 2913 alterius
1110 2856 1214 2929 glorIae.
1231 2855 1259 2910 si
1275 2855 1347 2911 enirn
1363 2862 1462 2910 uostrae
1481 2850 1646 2907 humilitatis
1660 2864 1724 2906 cor-

925 2965 977 3020 pus
1005 2945 1201 3002 resurrectione
1228 2943 1410 3016 glorificatum
1433 2940 1570 3012 spirituale
1597 2939 1658 3003 erit,
1686 2938 1726 2993 in-

70 3026 126 3097 Qui
140 3042 208 3099 ergo
223 3027 260 3081 nil
279 3028 394 3083 credere
410 3028 475 3090 vult,
492 3028 543 3083 nisi
559 3029 662 3084 ratione
679 3028 721 3084 rel
736 3028 872 3083 intellectu
886 3053 915 3115 B
928 3039 1056 3106 quantum
1071 3034 1202 3103 spirituali
1219 3034 1338 3104 potentia
1367 3041 1393 3088 et
1408 3030 1611 3101 incorruptione
1626 3034 1653 3083 et
1668 3025 1728 3099 glo-

70 3115 257 3186 precedente,
272 3115 317 3172 hic
335 3131 391 3171 rem
406 3116 560 3171 confundit.
575 3117 609 3171 Et
624 3116 695 3173 solra
716 3117 807 3171 onnia
821 3133 870 3171 ro-

70 3203 144 3271 lens,
159 3203 197 3258 nil
218 3204 333 3260 credere
352 3204 433 3259 tidem
455 3212 584 3274 quantum
610 3206 637 3258 iu
657 3205 718 3273 ipso
733 3213 773 3259 est
794 3205 873 3260 vide-

70 3299 114 3347 tur
129 3292 281 3348 annullare.
314 3293 367 3348 Sed
383 3293 496 3349 credere
511 3297 620 3366 oportet
643 3294 823 3350 accedentem
837 3294 874 3350 od

68 3382 171 3447 mum,
183 3381 249 3454 gato
263 3387 305 3437 cst
319 3383 409 3451 (licor.
426 3384 480 3451 xi).
501 3382 532 3436 lit
549 3400 555 3436 :
571 3383 669 3439 lustau
681 3398 718 3439 ee
734 3383 788 3452 fite
804 3384 872 3440 vivii

69 3468 168 3539 (Heba.
192 3470 229 3539 ι).
244 3469 322 3526 Unde
335 3478 362 3525 et
373 3485 426 3540 ego
446 3469 481 3524 dc
496 3472 673 3526 sacramentis
699 3471 790 3527 Sancti
807 3486 874 3526 san·

68 3566 177 3614 ctorurn
201 3557 321 3630 corporis
344 3558 453 3614 Domini
474 3558 559 3613 nostri
577 3560 640 3613 Jesu
665 3559 777 3626 Christi,
799 3558 874 3631 quod

67 3646 179 3701 dederit
199 3647 258 3717 ipse
280 3647 439 3717 scripturus,
454 3662 508 3701 non
529 3647 578 3702 abs
602 3663 633 3702 re
652 3655 716 3718 puto
733 3647 767 3702 de
782 3648 834 3703 hoc
847 3652 876 3702 et

68 3734 103 3791 de
117 3735 273 3802 hujusmodi
288 3735 439 3808 cogitantes
454 3735 652 3806 relinquentes
669 3751 775 3791 mecum
795 3735 874 3806 pari-

67 3831 111 3880 ter
131 3838 318 3890 commonere,
334 3840 390 3880 non
411 3825 496 3879 nimis
524 3824 601 3879 inniti
629 3824 722 3880 sensui
748 3840 808 3888 suo,
825 3823 874 3879 sed

67 3910 289 3984 prudentiaesuae
299 3927 403 3983 ponere
413 3913 521 3968 modam
536 3928 543 3982 ;
559 3912 700 3968 intendere
711 3912 874 3967 vernaciem

67 3999 170 4056 mentis
190 3999 218 4053 io
233 4016 291 4055 rem
309 4000 344 4056 do
365 4017 419 4073 qua
435 4000 524 4074 agitur
540 4017 546 4057 :
563 4009 590 4057 et
613 4001 764 4057 secundum
788 4002 874 4056 Boetii

67 4088 122 4144 riri
138 4087 350 4160 pandentissimi
372 4091 543 4157 sententiam,
560 4089 627 4143 sicut
649 4106 694 4144 res
717 4096 769 4154 est,
786 4090 825 4145 sic
839 4089 874 4145 da

67 4193 101 4233 ea
116 4175 204 4232 tidem
218 4192 317 4247 capere
336 4186 449 4233 tentare.
470 4178 531 4233 Non
547 4179 619 4233 enini
637 4183 682 4233 est
696 4178 813 4234 hominis
827 4193 874 4232 ra·

68 4265 173 4322 donem
188 4264 326 4330 habentis,
342 4282 402 4322 cuin
418 4273 512 4322 tractat
535 4266 638 4333 divina,
655 4282 771 4334 pensare
792 4282 825 4320 ea
840 4283 875 4321 ex

69 4353 112 4410 bIs
127 4354 213 4409 rebus
225 4354 366 4426 quaeInlra
382 4356 468 4410 Deum
483 4362 554 4420 sunt,
567 4363 594 4411 et
607 4355 810 4425 omnipotentiae
825 4355 875 4408 iin-

927 3124 966 3179 ria
982 3122 1190 3193 praeeminebit,
1214 3131 1314 3194 quanto
1330 3121 1416 3193 magis
1426 3119 1492 3174 illud
1507 3119 1533 3173 in
1553 3132 1606 3189 quo
1621 3115 1727 3171 habitat

927 3213 1020 3268 omnis
1047 3211 1186 3283 plenitudo
1209 3211 1358 3266 divinitatis
1388 3207 1579 3278 corporaliter,
1594 3205 1654 3275 ejus
1680 3203 1728 3275 qui

928 3301 1075 3357 resurrexit
1090 3316 1107 3355 a
1122 3301 1236 3355 mortuis
1258 3298 1388 3370 priuiliae
1403 3295 1545 3352 Christus?
1557 3294 1585 3350 Si
1600 3294 1626 3347 in
1643 3291 1727 3348 nobis

929 3389 974 3444 liat
996 3395 1070 3448 tunc.
1087 3395 1116 3442 ut
1140 3387 1273 3459 quidquid
1289 3386 1403 3442 mortale
1417 3384 1500 3439 luerit
1514 3382 1691 3438 absorbeatur
1709 3395 1727 3435 a

927 3479 992 3542 vita,
1008 3476 1139 3549 quidquid
1160 3475 1276 3530 homiuis
1290 3483 1339 3539 est,
1355 3476 1384 3529 iu
1399 3472 1495 3529 melius
1505 3488 1583 3526 suum
1599 3485 1726 3526 commn-

929 3567 1046 3634 tabitur;
1062 3572 1090 3620 ut
1106 3564 1177 3634 quud
1188 3579 1261 3618 nunc
1276 3571 1318 3619 est
1331 3563 1450 3632 spiritus,
1465 3560 1559 3615 anima
1573 3567 1600 3614 et
1613 3572 1727 3630 corpus,

929 3664 992 3710 tunc
1005 3653 1040 3708 sit
1061 3657 1147 3708 toturn
1161 3652 1304 3723 spirituale
1320 3651 1363 3705 rel
1382 3651 1509 3722 spiritus;
1526 3656 1625 3719 quanto
1640 3645 1727 3720 magIs

929 3744 976 3813 qui
991 3759 1025 3797 ex
1048 3741 1133 3796 unitis
1148 3741 1251 3796 naturis
1265 3740 1293 3795 iu
1316 3740 1436 3809 idipsum
1460 3747 1561 3793 naturae
1586 3737 1728 3806 utrIusque

928 3847 972 3886 res
993 3837 1153 3898 estuantia
1181 3845 1287 3893 carens,
1304 3829 1330 3883 in
1354 3837 1471 3899 utroque
1500 3829 1572 3882 Deus
1598 3829 1624 3881 et
1646 3826 1729 3880 homo

928 3918 1064 3981 Christus,
1080 3933 1145 3974 cuni
1169 3918 1198 3971 in
1214 3919 1313 3973 virtute
1328 3916 1535 3973 resurrectionis
1549 3931 1605 3970 suae
1619 3929 1652 3969 ea
1666 3928 1727 3983 quae

928 4013 1006 4062 erant
1025 4006 1166 4075 passibilis
1179 4014 1206 4061 et
1221 4005 1343 4061 mortalis
1356 4005 1485 4069 hominia,
1501 4003 1583 4058 linem
1599 4002 1660 4057 lecit
1675 4002 1728 4057 ha·

927 4094 1002 4159 bere,
1020 4094 1136 4150 sormam
1152 4095 1224 4149 illam
1239 4111 1303 4165 qnae
1320 4094 1431 4149 ditanda
1445 4101 1504 4149 erat
1528 4101 1608 4147 tantae
1622 4089 1728 4163 glorifi-

928 4184 1043 4239 cationis
1058 4189 1215 4255 augmento,
1231 4199 1264 4239 eo
1275 4183 1302 4238 iu
1317 4184 1465 4252 sematIpso
1480 4183 1605 4253 prorexit
1623 4189 1661 4245 ut,
1678 4179 1728 4235 sic-

929 4281 957 4328 ιιι
984 4272 1049 4327 dicit
1071 4272 1225 4342 Apostolus,
1239 4273 1373 4327 exaltaret
1394 4271 1479 4337 illam,
1495 4279 1523 4326 et
1545 4270 1660 4325 donaret
1683 4269 1730 4325 illi

927 4377 1043 4423 nornen,
1068 4362 1139 4433 good
1153 4365 1195 4418 est
1210 4377 1294 4433 saper
1310 4377 1393 4418 omne
1408 4361 1538 4417 nomen?
1552 4358 1668 4430 (rutttp.
1681 4358 1729 4426 ιι.)

68 4443 246 4499 mansitatem
280 4443 352 4499 iutra
390 4442 518 4498 terminos
559 4450 659 4499 nostrae
687 4420 912 4512 possibilitatisc
963 4449 1037 4505 Etsi
1063 4458 1159 4505 natura
1177 4449 1330 4514 carnis,ex
1352 4466 1407 4520 quo
1427 4449 1465 4503 illi
1490 4457 1592 4503 naturae
1614 4461 1730 4501 sumina)

71 4540 225 4606 angustare
239 4549 246 4585 :
262 4532 440 4603 eamdemque
459 4540 581 4587 naturam
597 4531 798 4603 quodamnodo
813 4531 873 4585 dis·
927 4538 1000 4593 unia
1016 4541 1067 4602 est,
1083 4538 1111 4591 tn
1125 4542 1201 4592 tanta
1222 4538 1325 4593 unitate
1338 4539 1365 4592 ei
1381 4537 1415 4592 ah
1435 4538 1495 4606 ipen
1517 4542 1651 4605 conceptu
1666 4532 1729 4588 vir-

70 4623 196 4692 pntando
216 4620 285 4676 velle
298 4620 443 4676 informare
466 4621 499 4676 ad
515 4622 670 4691 exemplum
696 4629 801 4677 araturae
817 4638 875 4676 mu·
927 4626 1002 4698 ginis
1014 4633 1056 4681 est
1069 4633 1205 4690 conserta,
1221 4634 1250 4680 ut
1273 4641 1323 4682 nec
1347 4627 1408 4680 sine
1430 4624 1539 4680 homine
1562 4623 1662 4685 divina,
1679 4635 1731 4676 nec

71 4709 188 4766 unitis:
213 4710 240 4764 in
266 4726 319 4782 qua
342 4717 417 4765 stant
438 4710 603 4765 aeternaliter
623 4724 716 4764 omnes
745 4709 875 4765 causales
927 4715 986 4771 sinc
1000 4716 1059 4770 Deo
1079 4722 1223 4786 agerentur
1247 4716 1374 4778 humana,
1390 4721 1417 4770 et
1440 4728 1489 4784 per
1507 4714 1576 4767 hanc
1595 4711 1728 4765 unitutem

71 4797 169 4854 tonnae
183 4814 270 4853 rerum
285 4798 432 4854 labentium
448 4799 644 4868 temporaliter.
673 4799 705 4852 In
719 4798 875 4866 hujusmodi

72 4888 145 4942 enim
161 4886 197 4942 de
211 4902 332 4952 sursum,
344 4903 398 4942 non
412 4886 446 4942 de
461 4886 604 4951 deorsum,
618 4886 749 4942 trahenda
760 4892 823 4941 sunt
833 4903 874 4941 ra·

73 4975 180 5030 honum
194 4975 333 5045 exempla,
348 4976 391 5030 vel
407 4975 597 5046 probationum
617 4982 790 5045 argrimenta.
803 4976 876 5031 Alio-

73 5064 130 5134 qui,
147 5064 197 5133 qui
216 5063 269 5119 hoc
292 5079 347 5118 non
370 5064 442 5129 lacit,
458 5064 554 5118 similis
578 5071 604 5118 et
632 5065 809 5119 aestimandus
824 5072 874 5129 est,

71 5154 118 5225 qai
132 5153 237 5209 iontem
253 5153 326 5224 rivo,
343 5160 370 5207 et
385 5168 439 5207 non
452 5151 521 5208 sonti
538 5152 624 5207 rivum
639 5152 770 5208 attribuit.

336 5241 449 5297 CAPUT
477 5240 625 5297 PltlhlUbl.

74 5330 218 5400 Quomodo
227 5329 426 5387 estimandum
441 5329 481 5384 su
503 5330 537 5385 de
551 5345 665 5400 corpore
690 5329 827 5387 Dornini:
846 5335 875 5388 ct

108 5401 187 5474 quod
201 5404 233 5457 tn
246 5402 364 5459 dirersis
377 5401 443 5458 locis
457 5401 495 5456 sit
506 5416 564 5456 ano
578 5402 727 5474 eodemque
739 5405 870 5475 tempore,

108 5489 170 5529 non
186 5476 286 5529 minan
301 5472 416 5544 utiquc.

108 5563 170 5619 llac
199 5560 284 5635 igitur
312 5560 530 5618 consideratione
557 5559 587 5615 ln
613 5560 749 5634 mysteriis
777 5563 876 5618 Christi

928 4803 1013 4858 etiam
1035 4804 1061 4857 ia
1084 4803 1182 4857 dlebus
1197 4802 1288 4858 carnIs
1313 4818 1371 4857 suaa
1395 4803 1477 4856 horno
1501 4799 1624 4856 Christus
1644 4797 1732 4869 potuit

928 4892 1039 4959 divina,·
1062 4898 1163 4962 quanto
1188 4891 1277 4963 magis
1306 4908 1368 4947 carn
1390 4890 1554 4945 exaltatione
1580 4903 1633 4958 uua
1653 4887 1730 4943 illurn

929 4980 1057 5035 exaltarit
1073 4981 1154 5044 Deus,
1165 4980 1305 5036 humilitas
1318 4979 1377 5050 ejus
1391 4986 1492 5034 mutata
1506 4986 1545 5034 est
1560 4977 1587 5033 iu
1601 4977 1730 5051 gloriam,

929 5076 1069 5132 infirmitas
1091 5078 1118 5131 in
1133 5079 1274 5141 virtutem,
1291 5093 1368 5133 mors
1390 5080 1417 5132 in
1442 5077 1545 5132 ritaml
1568 5076 1640 5131 Nam
1656 5073 1730 5149 quod

928 5176 963 5231 de
987 5177 1155 5233 humanitate
1177 5177 1238 5248 ejus
1264 5193 1313 5248 per
1330 5175 1560 5232 resurrectionem
1584 5173 1732 5245 glorificata

929 5270 1069 5327 secularis
1092 5273 1273 5344 philosophiae
1292 5272 1545 5328 ratiocInationibus
1565 5271 1673 5328 ridetur
1686 5272 1731 5328 iu·

929 5366 1115 5440 susceptibile,
1132 5374 1161 5423 ut
1182 5369 1279 5424 clausis
1293 5369 1328 5425 cd
1343 5367 1493 5440 discipulos
1513 5368 1609 5440 januis
1632 5370 1730 5442 palpa-

929 5465 996 5521 bilis
1023 5466 1134 5522 intraret
1160 5467 1253 5537 (loon.
1270 5467 1310 5538 u),
1327 5472 1356 5523 et
1386 5465 1525 5538 passibilis
1554 5470 1582 5522 et
1608 5466 1732 5523 mortalis

930 5561 1051 5620 exercuit
1077 5563 1142 5618 durn
1166 5563 1201 5620 de
1224 5563 1344 5619 thalamo
1371 5579 1421 5621 suo
1447 5563 1515 5620 uteri
1539 5562 1681 5636 vlrgioalis
1696 5561 1732 5619 ad
