3728 6000
51 249 108 316 'lte
376 247 425 315 nit
441 247 583 317 tetulo
602 248 775 316 cottctte
794 250 839 315 d'l'
856 248 977 319 elliu
994 248 1087 318 libat
1104 246 1189 318 buc.
1209 280 1246 306 ι·
1264 250 1329 318 tlt.
1350 252 1385 318 lt.
1655 262 1708 325 lto

55 371 225 431 vividae-ix
234 379 326 431 autem
339 373 382 433 aul
395 375 519 446 eorporis
533 375 650 435 mirisel
662 375 854 434 inellabiilbua
870 376 991 453 Aiuxta
1005 376 1153 453 quamdam
1164 383 1269 434 nutura
1278 377 1539 435 administrationem
1553 377 1582 436 iu
1595 380 1712 455 singuiis

53 462 146 519 modia
159 461 335 534 intelligitur.
350 463 415 519 Tria
430 464 503 520 anim
517 464 722 537 cireacorporis
732 473 857 522 naturam
912 464 1019 539 singule
1035 473 1178 538 operatur.
1192 465 1239 523 Sic
1254 470 1281 521 et
1294 465 1330 522 de
1342 467 1433 536 corde,
1450 468 1529 538 cajus
1542 470 1617 527 calor
1630 481 1712 528 natu-

54 550 313 624 eaaeintalligimna‚
329 565 447 622 qnorum
462 567 544 609 causa
552 553 659 627 dngrda
672 553 859 628 qnaeinuobia
911 553 979 609 ralis
1002 554 1025 609 si
1049 554 1242 628 exstinguitur,
1263 555 1391 612 continuo
1415 555 1574 630 infrigidato
1597 574 1712 631 corpore

54 649 119 698 aunt
130 640 342 698 coordinantur.
362 642 433 698 Nam
457 642 582 713 quaedam
605 653 715 716 proptor
728 643 800 702 bene
813 644 858 699 vi·
912 658 987 698 mors
1001 643 1132 715 sequitur.
1153 645 1205 700 Per
1220 644 1295 717 qnod
1316 645 1460 702 evidenter
1480 654 1592 719 apparel
1614 666 1714 724 quem·
1768 666 1772 685 ¹

53 746 124 789 aare
150 737 264 798 mutum,
290 729 417 802 quaedam
437 745 504 787 uero
527 738 639 803 propter
662 733 732 789 bane
754 732 857 800 virere,
912 730 974 787 dam
1003 731 1114 788 vivendi
1143 731 1247 789 iontem
1277 740 1303 788 et
1330 749 1440 790 causam
1468 734 1495 790 in
1525 736 1608 793 corde
1631 740 1713 796 eliam
1824 792 1827 799 .

54 818 225 894 quaedamad
235 819 440 877 successionem
449 818 604 876 futurorum
615 820 749 879 bonorum
759 837 858 894 oppor-
913 820 1072 890 consistere,
1087 838 1123 877 ex
1137 836 1190 893 qno
1205 820 1339 878 iistnlares
1353 823 1414 895 pori
1429 833 1455 880 ct
1469 826 1628 883 arteriarum
1647 844 1714 900 pro-

55 909 199 967 tnnllalen
217 909 329 965 ltabent.
352 908 531 981 Quocunque
555 909 639 983 igitur
652 910 681 966 io
701 911 781 967 nobis
795 909 859 966 talia
913 907 1015 965 cedens
1029 909 1171 981 multiplex
1183 908 1332 980 diversitas,
1349 912 1410 967 aliis
1433 912 1470 968 ab
1494 912 1554 970 aliis
1573 917 1714 974 nascenti-

52 1005 129 1066 eunt,
151 998 214 1055 siue
240 998 342 1070 quibus
366 1012 421 1054 non
442 997 573 1069 recipitur
596 1001 744 1057 humanam
775 1000 858 1056 vitam
912 994 975 1067 bus,
991 998 1120 1055 universo
1143 998 1268 1070 corporis
1292 999 1384 1073 ignem
1408 1008 1433 1058 ei
1458 1001 1567 1059 vitalem
1588 1005 1714 1077 spiritum

53 1086 216 1154 eonaiatare,
231 1085 261 1143 in
275 1086 360 1143 tribue
379 1087 521 1157 particulis
534 1087 727 1160 intelligimus,
750 1087 819 1146 sicut
831 1088 860 1144 in
914 1086 1113 1143 administrant.
1130 1086 1264 1158 Quoniam
1283 1105 1348 1146 vero
1371 1090 1482 1148 omnino
1504 1092 1588 1150 etiam
1603 1104 1715 1168 oporte-

53 1177 140 1250 priori
166 1175 260 1233 iibeiio
282 1183 460 1248 praetaxatum
483 1184 535 1243 est,
559 1177 666 1234 scilicet
684 1177 712 1232 in
733 1177 858 1246 cerebro,
914 1172 961 1231 bat
974 1176 1065 1232 cibum
1080 1176 1226 1247 quemdam
1243 1177 1333 1234 cordis
1358 1179 1443 1235 calori
1470 1198 1487 1237 a
1509 1191 1603 1239 natura
1624 1185 1715 1243 admi·

52 1265 188 1331 incorde,
202 1265 514 1336 inepate.ilamceetera
536 1266 633 1322 omnia
653 1265 770 1336 adjectio
783 1282 860 1339 qnae-
914 1264 1038 1333 nislrari,
1054 1281 1109 1321 non
1125 1265 1197 1322 enirn
1221 1266 1318 1339 recipit
1340 1266 1411 1343 ignis
1435 1286 1451 1325 a
1474 1270 1566 1344 seipso
1589 1289 1713 1346 manere,

54 1353 120 1410 ᾶιτιι
135 1353 428 1426 continuarumque
442 1362 553 1425 propter
568 1354 638 1411 bene
652 1355 744 1411 virere
763 1364 861 1411 natura
914 1353 967 1410 nisi
994 1371 1029 1409 en
1056 1355 1229 1411 convenienti
1257 1355 1320 1412 cibo
1348 1358 1393 1413 vel
1419 1360 1535 1417 maieric
1565 1363 1712 1434 nutriatur,

55 1443 171 1501 contulit
185 1443 298 1510 bomini,
317 1443 386 1500 dont
400 1450 463 1498 anot
477 1459 611 1500 sensuum
625 1460 741 1516 organa,
758 1452 785 1500 et
800 1459 859 1501 coa·
913 1450 1062 1518 propterea
1075 1444 1216 1517 sanguinis
1228 1444 1318 1513 rivuli,
1335 1445 1420 1502 veluti
1441 1463 1475 1504 er
1499 1449 1573 1506 fonte
1593 1452 1715 1524 quodam

55 1541 119 1590 tera
134 1533 218 1591 muita
232 1548 294 1605 qnae
308 1532 391 1589 eitam
412 1532 525 1603 quidem
544 1533 572 1588 in
587 1533 668 1591 nobis
682 1533 859 1602 constituunt,
914 1547 947 1587 ex
962 1539 1040 1603 epate
1055 1542 1216 1604 surgentes,
1239 1549 1300 1589 cum
1318 1535 1406 1591 calido
1430 1536 1526 1610 spiritu
1552 1539 1653 1613 ubique
1666 1558 1717 1614 per

55 1623 188 1697 qnoniam
215 1620 339 1694 pinrinue
365 1637 402 1677 ex
429 1622 469 1677 eis
500 1638 671 1694 quocunqne
699 1639 764 1680 casu
788 1622 859 1678 deii-
914 1635 1015 1692 corpus
1029 1637 1162 1678 venarum
1178 1622 1330 1680 ministerio
1350 1624 1503 1693 decurrunt,
1519 1643 1554 1684 ne
1568 1630 1715 1700 separatim

55 1712 206 1777 omnbus,
221 1711 287 1766 nibil
301 1711 392 1767 minus
401 1709 468 1767 vivit
482 1712 574 1768 homo.
584 1712 861 1785 Snnlueroquoedam
873 1750 902 1812 B
916 1710 1001 1766 altera
1016 1727 1050 1767 ex
1064 1710 1148 1768 silere
1162 1711 1256 1782 passio
1279 1712 1351 1770 iacta
1373 1722 1497 1771 naturam
1518 1726 1714 1792 corrumperet.

56 1801 150 1858 exeis
177 1814 195 1856 a
218 1807 315 1857 natura
343 1800 408 1856 rita
432 1801 669 1857 constitutionibus
692 1802 810 1871 adjecta,
834 1809 863 1857 et
918 1797 1015 1856 Omnis
1029 1799 1101 1855 enim
1116 1801 1289 1872 superfluitas
1309 1803 1461 1876 corruptrix
1485 1805 1579 1878 passio
1600 1814 1652 1866 est.
1672 1808 1718 1868 Sic

55 1891 119 1948 aila
150 1887 265 1946 cilicinis
292 1888 502 1956 subservientia,
532 1891 591 1947 sine
628 1906 743 1963 quornm
770 1890 861 1946 admi·
919 1886 983 1945 vitae
997 1889 1150 1945 nutriendae
1173 1895 1201 1946 el
1222 1891 1410 1948 confortandis
1432 1894 1603 1953 naturalibus
1624 1897 1716 1957 incre·
1764 1910 1767 1917 '

54 1979 150 2037 nienlo
161 1994 241 2035 annm
255 1977 435 2035 bloomeiom
450 1979 565 2051 impiere
580 1996 634 2036 non
649 1987 773 2052 possunt,
790 1979 862 2037 sicut

56 2075 223 2126 mmveoter
236 2075 263 2124 et
275 2068 378 2141 pulmo,
394 2075 423 2125 et
436 2082 535 2124 caetera
554 2070 698 2126 nonnulla.
717 2070 812 2126 Puimo
826 2069 863 2125 si·

57 2158 170 2230 quidem
185 2156 278 2230 inem
292 2156 376 2228 quiin
385 2158 470 2214 corde
479 2165 522 2213 est
532 2173 581 2230 per
590 2160 778 2215 attractionem
789 2159 861 2215 aeris

57 2247 197 2304 uuldaodo
211 2246 369 2319 infrigidat;
385 2247 432 2317 qni
442 2247 496 2302 nisi
510 2248 561 2304 boc
570 2248 678 2316 iaceret,
690 2248 762 2321 ignis
772 2247 862 2305 cordis

58 2344 86 2393 et
97 2336 191 2408 ipaum
205 2343 231 2392 et
244 2335 340 2391 omnia
360 2335 450 2392 vicina
472 2337 657 2394 combureret.
683 2338 781 2395 Venter
794 2351 860 2394 vero

57 2440 151 2482 mam
173 2424 325 2482 modom
352 2424 508 2494 introducit,
529 2425 589 2482 sine
610 2442 664 2499 qna
684 2433 781 2482 natura
799 2433 859 2482 sta-

56 2514 106 2571 tim
120 2514 259 2571 dedoarst.
276 2513 340 2570 istis
355 2529 422 2571 vero
444 2515 559 2586 piurima
578 2525 642 2572 sunt
663 2515 861 2573 subservientia

55 2610 85 2661 el
95 2604 288 2674 coadjuvantia
297 2602 352 2659 suis
364 2604 455 2660 modis
468 2604 586 2677 singula.
595 2606 657 2662 Non
665 2604 738 2661 enirn
751 2605 861 2662 unitor-

55 2694 140 2751 miter
152 2693 234 2751 nobie
248 2709 283 2751 ex
297 2709 352 2750 noo
366 2693 457 2766 aliqtm
473 2694 507 2750 ad
519 2694 668 2751 vivendum
679 2695 768 2752 virtus
777 2694 862 2751 dedn-

53 2783 135 2850 altar,
151 2782 200 2839 sed
213 2782 334 2840 aumrice
348 2782 440 2839 enimc
453 2799 470 2838 a
483 2784 540 2840 Deo
558 2784 632 2852 data,
647 2785 771 2856 piurimis
793 2800 861 2857 par·

55 2872 151 2930 tieniis
163 2876 262 2928 natura
276 2871 310 2927 ad
323 2872 388 2929 vitm
402 2872 621 2929 constitutionem
632 2889 695 2930 suns
705 2874 862 2930 occasiones

54 2969 85 3018 al
101 2959 268 3018 affluentias
288 2960 435 3034 inspirans,
460 2961 642 3018 necessariam
663 2964 810 3036 quemdam
835 2969 862 3020 et

917 1977 1027 2047 mentis,
1053 1979 1194 2051 perhanc
1217 1978 1384 2037 artificialem
1408 1989 1435 2039 et
1457 1982 1651 2056 disciplinalem
1665 1986 1719 2045 ior·

919 2067 1068 2122 mationem
1091 2067 1181 2123 statim
1205 2068 1349 2139 conjuncta
1372 2070 1457 2126 virtus
1481 2073 1571 2129 anima
1590 2075 1718 2133 rationali

918 2155 1081 2224 ostenditur,
1091 2155 1235 2212 obscurius
1248 2157 1357 2229 quidem
1369 2175 1421 2231 per
1429 2159 1546 2232 primam
1562 2164 1707 2222 manifesta

918 2243 1031 2314 donem,
1043 2244 1141 2301 deinde
1155 2260 1221 2303 vcro
1235 2262 1269 2302 ex
1284 2263 1411 2319 processu
1425 2257 1528 2307 naturae
1541 2256 1569 2307 et
1582 2251 1717 2311 bonorum

919 2333 1068 2389 studiorum
1083 2351 1135 2390 usn
1148 2334 1327 2393 manifestius.
1354 2337 1429 2394 Sicut
1452 2339 1523 2396 enim
1539 2340 1584 2414 qui
1598 2340 1717 2417 iigmor·

921 2429 977 2477 lum
1011 2422 1129 2479 hominis
1153 2423 1253 2480 excidii
1275 2425 1303 2480 in
1326 2424 1437 2498 lapide,
1462 2428 1580 2501 primum
1609 2431 1718 2503 quidem

919 2511 1019 2583 sculpit
1032 2510 1155 2587 figmenti
1174 2511 1299 2582 formam,
1314 2514 1413 2571 deinde
1435 2532 1501 2573 vero
1525 2518 1620 2576 iormae
1641 2520 1718 2580 iliius

920 2601 1071 2657 secundnm
1086 2618 1136 2657 sue
1150 2600 1314 2660 lineamenta
1326 2603 1529 2663 distinctionem
1544 2609 1718 2680 etdecoram,

920 2688 961 2746 sic
975 2697 1068 2746 auctor
1093 2698 1197 2747 naturae
1222 2699 1247 2747 el
1276 2693 1398 2763 corporis
1426 2701 1453 2750 ei
1479 2696 1577 2754 animm
1596 2698 1721 2758 conditor

919 2779 1003 2849 Dens,
1021 2778 1158 2835 hominem
1180 2780 1279 2838 format
1293 2782 1328 2836 ad
1342 2781 1490 2856 imaginem
1514 2794 1540 2842 et
1562 2786 1720 2845 similitudi·

919 2883 982 2923 nem
1006 2884 1093 2937 suam,
1109 2868 1294 2926 obscuriorem
1311 2871 1419 2945 quidem
1432 2872 1462 2928 in
1484 2875 1585 2947 primo,
1604 2876 1721 2936 euiden-

919 2956 1016 3014 tiorem
1032 2972 1099 3014 vero
1114 2965 1141 3013 et
1153 2957 1348 3030 perfectiorem
1363 2969 1426 3033 post
1440 2964 1532 3035 operis
1547 2980 1719 3025 consumma-

55 3064 131 3124 peae
154 3049 357 3107 inscrutabilem
382 3066 416 3107 ex
439 3050 566 3108 omnibns
588 3051 616 3107 in
641 3068 726 3109 unum
752 3051 862 3111 uiuendi

56 3138 127 3198 neit
137 3137 321 3196 collationem.

919 3044 1034 3103 tionem.
1052 3046 1098 3104 Sic
1112 3063 1182 3122 ergo
1196 3047 1225 3103 in
1239 3047 1381 3121 sculptura
1392 3051 1491 3126 organi
1502 3053 1600 3112 animm
1610 3056 1719 3127 species

876 3119 1067 3191 Caecundum
1090 3135 1205 3205 subjecti
1229 3138 1383 3210 analogiam
1404 3151 1640 3217 praemonstratur,
1663 3145 1720 3201 im-

92 3228 271 3302 anqiig
284 3243 352 3303 ρῳ
365 3228 403 3284 iii
416 3230 558 3287 munimen
573 3229 671 3289 iiim
684 3230 862 3305 pulchritudi·
917 3222 1039 3299 perfecta
1054 3224 1082 3279 in
1097 3224 1269 3297 imperfecto,
1286 3226 1313 3280 in
1338 3227 1460 3298 perlecto
1473 3230 1597 3303 perfecta
1610 3233 1715 3291 latura.

57 3332 123 3376 m
136 3326 237 3375 namn
254 3318 408 3376 machinata
436 3327 486 3387 eei,
512 3321 679 3389 omittentes,
702 3338 766 3394 quoe
785 3321 864 3394 plum
919 3310 990 3382 Quae
1004 3320 1031 3368 et
1045 3311 1178 3385 principio
1189 3314 1312 3387 perlecta
1326 3323 1407 3387 esset,
1424 3317 1446 3373 si
1457 3319 1487 3374 in
1515 3336 1566 3377 suo
1581 3321 1719 3397 principio

57 3414 134 3476 eunt,
150 3416 179 3465 et
193 3408 230 3465 ed
255 3409 418 3466 seinvicem
440 3424 504 3465 suae
527 3410 657 3467 habentia
684 3410 863 3478 differentias,
919 3408 1049 3473 corrupta
1064 3409 1161 3458 natura
1175 3419 1223 3475 per
1241 3403 1373 3460 maiitiam
1386 3421 1441 3461 nnn
1451 3406 1557 3465 inisset.
1573 3411 1720 3484 Propterea

57 3498 153 3571 prima
169 3512 206 3554 ex
220 3498 260 3554 eis
271 3512 451 3572 segregemus
473 3498 617 3571 principia,
638 3500 666 3554 in
687 3499 789 3571 quibus
803 3499 866 3557 vitm
919 3489 1057 3547 nascimur
1081 3498 1111 3547 nt
1138 3491 1260 3563 pecudes
1277 3510 1284 3558 ;
1300 3508 1351 3551 nec
1367 3496 1505 3563 continuo,
1522 3514 1575 3557 nec
1588 3498 1641 3555 nisi
1658 3515 1721 3559 corn

58 3584 216 3645 mimano
244 3586 405 3643 maiatum
435 3586 539 3644 scilieet
572 3589 725 3658 cerebrum,
760 3603 807 3646 coi
839 3594 867 3644 ei
920 3577 1028 3654 magnis
1056 3586 1082 3635 et
1101 3579 1238 3636 diuturnis
1265 3580 1404 3640 laboribus
1430 3585 1550 3644 relucere
1577 3596 1666 3663 potest
1692 3588 1723 3646 in

60 3690 141 3748 qm,
161 3675 336 3746 Primumque
356 3675 501 3732 videmus
516 3675 551 3733 iii
571 3678 697 3744 cerepi-0,
722 3679 866 3749 cujuspo.
920 3666 1002 3723 nobis
1017 3667 1138 3725 Factoris
1162 3669 1257 3743 imago
1272 3683 1280 3741 ;
1297 3669 1345 3725 sed
1359 3669 1440 3746 longa
1469 3673 1585 3745 quadarn
1599 3675 1646 3734 ria
1671 3693 1722 3753 per

58 3773 122 3823 im
136 3764 257 3823 effingis
280 3765 309 3819 in
333 3764 598 3822 administrationem
619 3768 692 3831 viiii,
714 3783 763 3841 pei·
785 3766 867 3823 ioci
920 3755 1076 3811 materiales
1091 3763 1118 3813 et
1132 3757 1263 3831 pecuales
1281 3758 1382 3814 animm
1397 3761 1580 3834 proprietates
1605 3764 1641 3821 ad
1654 3780 1721 3841 per·

62 3853 198 3912 contrario
230 3852 396 3922 declaratur,
425 3855 497 3927 quud
524 3870 575 3911 nec
596 3855 738 3911 minimam
769 3855 868 3927 recipit
921 3843 1066 3902 lectionem
1075 3861 1156 3901 suem
1165 3847 1246 3905 homo
1256 3847 1373 3906 ducitur.
1382 3848 1489 3908 Gratias
1498 3860 1587 3910 umen
1597 3855 1721 3913 Creatori

61 3940 354 4012 mimiigiaesioneQ
371 3943 435 4015 quin
455 3958 529 3999 mois
548 3945 638 4000 statim
658 3953 867 4017 sequgiuipig.
923 3949 972 3990 sno
988 3949 1041 3990 non
1056 3943 1170 4007 quantas
1184 3934 1277 4002 debet,
1300 3937 1349 3994 sed
1375 3944 1493 4014 quantu
1520 3947 1620 4017 polest,
1650 3951 1722 4003 iolns

64 4032 179 4090 donem.
205 4032 358 4090 Nervosnm
386 4033 478 4104 itaque
506 4032 572 4088 iilud
588 4034 797 4104 operimentum,
823 4034 867 4091 uei
924 4023 1006 4079 ¹¹⁰m⁰
1032 4023 1141 4088 “felib
1157 4026 1205 4097 qui
1229 4026 1256 4081 5¹¹
1270 4025 1338 4097 ῙΡδίε
1365 4029 1422 4084 ὓῦἰῦ
1445 4030 1604 4104 lilim⁰rdii⁸
1631 4034 1723 4091 Omnis

63 4121 287 4186 membraneum,
303 4121 332 4177 in
351 4136 405 4195 quo
426 4122 515 4193 ipsum
538 4121 694 4180 continetur
714 4124 867 4194 cerebrum,
923 4119 1057 4169 creaturae
1072 4112 1097 4169 ei
1112 4112 1216 4171 confert
1243 4114 1447 4189 perlectionem,
1469 4121 1649 4194 omnipotenti
1662 4122 1724 4182 vir-

66 4211 138 4285 quod
157 4209 248 4267 (imi
264 4209 361 4268 iimo„
380 4217 489 4277 vocant,
509 4210 628 4266 omnium
654 4211 870 4269 voiuniiiioium
924 4207 981 4257 lule
996 4199 1063 4257 dans
1077 4200 1103 4258 ei
1115 4218 1178 4258 esse
1189 4219 1253 4261 cum
1272 4203 1411 4279 lapidibus
1427 4226 1434 4274 ;
1450 4207 1556 4266 dansoi
1583 4210 1666 4268 ailam
1676 4229 1725 4270 se·

64 4307 188 4355 motuum
210 4298 316 4355 fontem
343 4314 403 4355 esse
429 4305 537 4355 consini
555 4306 582 4355 gi
604 4314 719 4357 gguggm
745 4317 752 4356 ς
776 4316 793 4357 g
816 4314 871 4372 φη
924 4288 1053 4345 mindlem
1067 4305 1128 4346 cllln
1144 4290 1238 4347 herbis
1253 4299 1280 4348 Θῑ
1293 4293 1438 4352 arboribus
1453 4315 1460 4364 i
1476 4297 1544 4353 dans
1559 4300 1644 4355 vilain
1659 4316 1725 4358 sen·

64 4382 217 4441 voluntario
232 4383 350 4456 quodam
372 4382 472 4456 spiritu
494 4400 542 4456 per
562 4398 663 4441 nervos
688 4384 787 4457 quiex
809 4385 871 4458 ipso
925 4380 1030 4435 sutilem
1052 4378 1111 4437 sive
1138 4380 1281 4437 animalem
1314 4398 1378 4440 cum
1403 4386 1562 4458 pecudibus,
1583 4388 1725 4447 additurus

66 4473 217 4548 procedunt
238 4470 429 4543 descendente,
451 4480 477 4529 et
500 4472 528 4528 in
546 4487 628 4529 omne
645 4488 674 4529 se
698 4488 798 4547 corpus
821 4484 910 4547 peri)
927 4466 1008 4523 etiarn
1036 4467 1119 4525 vitam
1147 4469 1304 4527 rationalem
1329 4488 1392 4528 curn
1407 4475 1520 4548 angelis.
1551 4474 1609 4535 Sed
1628 4476 1725 4553 quovit

69 4562 146 4635 ipsos
170 4575 271 4618 nervos
300 4559 478 4628 diffundente,
507 4561 582 4619 varia
613 4568 638 4618 et
661 4562 814 4636 multiplex,
842 4561 872 4620 iit
925 4556 1008 4614 modo
1024 4555 1118 4614 herbae
1142 4565 1168 4613 et
1182 4562 1293 4617 arbores
1319 4561 1413 4618 uivere
1441 4562 1595 4632 videantur,
1625 4564 1727 4626 bebere

68 4659 205 4709 mortuum
220 4650 429 4717 administratio,
448 4650 562 4706 multum
578 4649 702 4707 retexet
724 4649 870 4722 versibilis,
926 4646 1048 4701 enimam
1062 4645 1142 4703 brute
1159 4653 1186 4702 cl
1206 4649 1310 4718 quaeris
1336 4648 1466 4709 animalia
1480 4669 1489 4717 ς
1504 4662 1610 4710 constat
1632 4659 1726 4715 minen

69 4748 96 4799 et
109 4739 144 4797 ad
158 4755 268 4797 omnem
282 4739 458 4814 agitationem
483 4747 647 4812 opportune.
669 4740 738 4798 iiiuc
756 4739 873 4798 cervicis
926 4734 986 4791 baec
1000 4732 1105 4804 omnia,
1114 4734 1242 4809 quamvis
1253 4736 1352 4809 liss⁰li⁸
1366 4740 1448 4797 ΝΜΟ
1460 4740 1589 4810 Vitellii&
1605 4742 1725 4803 inimum

71 4837 338 4906 circumvolutiones,
349 4836 446 4911 capitis
454 4835 644 4895 inclinationes
659 4845 684 4894 et
692 4837 871 4909 elevationes,
927 4838 983 4881 ¹¹⁰⁰
998 4822 1113 4891 bihel&
1127 4837 1179 4881 ¹¹00
1198 4838 1346 4899 liwrssele
1369 4829 1398 4885 in
1426 4831 1478 4889 hoc
1501 4830 1537 4887 nd
1562 4831 1726 4909 dignitatem

72 4936 145 4996 circa
169 4935 295 4993 maxillas
315 4932 435 5009 agilitas,
465 4932 658 5009 palpebramm
684 4942 710 4991 et
733 4935 874 4995 oculorum
927 4909 1096 4970 ⁰⁰¹¹diti⁰¹¹5⁸
1111 4913 1245 4971 humm-
1261 4915 1332 4971 Niffl
1353 4916 1381 4985 5¹¹.
1408 4919 1577 4993 terminibus
1600 4924 1727 4999 tiuaedlm

73 5043 162 5095 mogus
173 5033 317 5104 gelmimi'
331 5048 459 5092 manuum
480 5031 681 5092 administram
695 5034 781 5093 wia·
804 5034 875 5093 ffim
929 4999 1040 5073 quidem
1054 5003 1170 5073 apparel
1185 5001 1312 5059 animalis
1321 5005 1445 5077 operatio
1462 5025 1541 5085 ;qure
1555 5016 1647 5069 tamen
1673 5029 1730 5071 non

928 5088 1051 5163 procedit
1074 5106 1163 5164 usqne
1190 5090 1225 5147 ed
1254 5101 1353 5164 motus,
1369 5094 1414 5166 qui
1437 5112 1486 5171 per
1509 5114 1622 5157 sensum
1644 5101 1725 5160 nuni,

73 5131 102 5189 ³¹³
114 5130 270 5207 ssfflffi⁰⁰d⁰
285 5145 391 5240 ΨΜ
415 5137 441 5186 ⁰¹
464 5127 565 5203 pedum
578 5130 737 5240 ‚⁸⁰⁰⁰⁰⁸⁸i⁰’
759 5136 874 5242 fae‘esff
929 5178 978 5235 Est
991 5177 1063 5234 enim
1078 5178 1116 5235 ibi
1131 5179 1195 5250 vite,
1211 5181 1336 5252 quambis
1355 5198 1411 5240 non
1426 5184 1461 5240 sit
1475 5187 1576 5245 anima.
1592 5190 1634 5246 rid
1647 5204 1729 5262 onam

74 5245 191 5340 mque
215 5245 347 5340 ‘mmmm
379 5235 485 5338 {smum
509 5234 665 5339 ‚¹⁰me
690 5245 785 5289 news
815 5244 876 5290 w
928 5266 1125 5325 confluentiam
1139 5269 1245 5327 intuere
1264 5277 1293 5327 el
1308 5271 1369 5328 vide
1387 5274 1509 5331 omnium
1528 5276 1729 5338 elementorum

75 5325 185 5401 imus,
200 5344 259 5389 sire
280 5335 416 5438 retractio,
438 5341 518 5399 qmsr
535 5326 652 5387 naturali
675 5328 791 5407 qudam
813 5344 875 5391 ma·
930 5357 1115 5431 primii„
1140 5359 1247 5419 „ming
1272 5362 1448 5422 mmm,
1482 5366 1532 5423 gig
1556 5368 1660 5442 wip„
1687 5369 1732 5432 pu

78 5426 157 5489 thina
182 5426 337 5489 volutum
364 5425 482 5503 quodam
502 5434 598 5500 ‘imm
621 5435 683 5488 ⁹¹¹⁰
702 5443 733 5489 ω
750 5435 875 5508 ΨΜ·
930 5452 1004 5506 terra
1016 5446 1249 5520 lamuaitudina,
1263 5465 1335 5524 aqna
1353 5450 1384 5508 in
1406 5453 1534 5526 bnmnre,
1549 5472 1599 5515 aar
1619 5456 1649 5515 in
1662 5474 1731 5533 ρτο·

75 5520 222 5601 maenam
236 5521 362 5587 abusio
375 5520 714 5603 sedscuebnproprinm
729 5525 878 5605 quemdam
928 5534 1364 5613 grutemtgaataga-ntm.
1383 5540 1421 5603 iit
1434 5558 1499 5605 nara
1525 5544 1732 5611 iahrioraraeo

78 5618 184 5705 aemi
201 5617 396 5704 impendium
419 5627 550 5690 mmnni
569 5621 616 5698 qui
635 5629 763 5703 prompto
779 5621 879 5701 spirito
931 5620 1444 5705 remmordineaemparanperioribns
1457 5629 1617 5711 adaman,
1638 5640 1735 5697 traua*
