3728 6000
104 244 157 302 653
552 244 742 303 EXPOSITIO
760 242 798 299 lN
816 245 926 302 urtsr.
950 247 1002 303 Ab
1021 247 1106 303 ιιΟιι.
1131 274 1159 290 ·
1180 248 1243 304 Lttt.
1264 248 1311 307 vt.
1699 260 1753 315 obl

101 373 156 441 ιι);
174 393 186 419 ι
204 370 314 426 veniens
327 368 585 443 Dominnserguerc
609 369 690 440 erepit
716 368 774 423 vics
800 384 896 425 eornm
910 370 938 430 Α
952 371 1024 427 ειιιιιι
1040 372 1108 427 tides
1123 388 1184 442 quae
1197 389 1246 443 per
1262 373 1437 431 dilectionem
1452 385 1589 449 operatur.
1601 381 1660 439 Nec
1672 383 1749 455 dixit,

99 475 201 532 proras
215 459 329 517 dicens:
348 482 359 509 ι
377 459 424 515 Vae
439 459 516 516 vobis
527 458 772 528 Pharisaeillluttb.
783 458 894 529 ιιιιι),ι
951 457 1004 515 huc
1018 468 1058 515 εει
1073 475 1141 531 ορεε
1161 468 1289 528 restrum,
1309 461 1369 530 sed,
1394 486 1405 511 ι
1424 465 1476 522 hoc
1504 474 1544 522 εει
1565 484 1632 540 opus
1647 470 1707 537 Dei,
1723 482 1752 529 ut

99 557 127 605 et
141 548 185 603 his
193 548 303 613 similia,
319 556 346 604 et
360 548 448 605 lactus
463 556 504 604 εει
524 547 563 604 ειε
588 548 658 620 ιεριε
684 545 844 603 offensionis
871 555 897 603 et
949 548 1066 603 credatis
1080 549 1107 603 in
1131 565 1193 605 eum
1211 566 1292 619 quem
1315 550 1361 606 ille
1384 553 1456 608 misit
1471 556 1566 623 (luen.
1579 559 1653 625 vri.»
1672 559 1752 616 Fides

97 644 179 709 petra
193 635 323 703 scandali,
338 637 403 692 dum
417 652 467 692 sus
484 637 524 692 eis
538 637 612 692 mals
634 651 689 691 uon
714 644 816 702 tacens,
838 636 897 692 vias
951 651 1017 709 ergo
1032 637 1160 701 hominis,
1178 638 1274 693 Christi
1283 646 1332 706 εει,
1348 641 1412 711 quia
1427 643 1462 698 ab
1485 643 1546 715 ipso
1562 654 1622 715 est;
1638 654 1665 703 ει
1685 663 1753 720 εριιε

98 725 260 798 perditionis
274 740 367 781 eornm
383 725 574 796 redarguendo
585 726 669 796 coepit
683 724 824 796 impedire.
835 726 897 781 Non
952 736 1032 776 omne
1054 720 1117 776 fidei
1134 721 1273 793 adipsum
1304 723 1474 782 referendum
1496 736 1545 796 est,
1562 730 1627 802 qnia
1642 731 1675 786 ab
1691 733 1752 804 ipso

98 814 187 871 solum
201 822 303 880 cutem,
319 814 368 870 sed
383 823 410 868 et
423 814 550 869 omuibus
563 814 643 869 malis
658 813 728 885 lapis
738 813 898 869 offensionis
952 815 1001 874 εει,
1017 808 1150 881 quicliois
1160 810 1229 883 legis
1243 818 1269 866 ει
1283 813 1372 868 omnis
1383 814 1498 883 justitiae
1515 818 1574 888 ipse
1589 824 1639 875 εει.
1656 819 1753 876 Omnis

98 912 142 960 εει
157 903 293 959 Christus.
310 901 449 974 Quidquid
464 904 536 958 onim
552 903 617 957 dicit
633 902 764 970 Christus,
775 918 897 957 amarum
951 897 1023 952 enim
1039 898 1171 969 perfectio
1187 902 1214 953 in
1229 899 1289 971 ipso
1304 909 1354 968 εει,
1364 902 1438 959 ultra
1453 922 1534 976 quem
1562 923 1616 963 non
1636 917 1678 966 εει
1699 924 1754 981 quo

99 992 218 1061 estillis;
233 991 282 1047 sed
296 992 449 1063 quicunque
463 990 610 1047 crediderit
623 991 650 1045 in
665 991 751 1057 illum,
765 1007 819 1046 non
834 1006 898 1046 con·
951 1002 980 1042 se
995 1002 1058 1058 spes
1072 987 1213 1043 charitalis
1228 995 1254 1044 et
1268 986 1333 1045 fidel
1348 992 1489 1048 extendat.

98 1080 247 1144 ιιιιιιιειιιις
262 1078 443 1136 contundetur
463 1088 554 1135 autem
578 1080 624 1150 qui
645 1080 673 1134 ιιι
699 1095 729 1135 εε
753 1079 897 1151 gloriatur,
990 1076 1080 1131 Vnus.
1094 1076 1120 1131 5.
1136 1098 1191 1126 -ι
1207 1077 1317 1149 Moyses
1327 1079 1400 1134 enim
1410 1082 1532 1153 scripsit,
1542 1085 1754 1157 quoniamjusti·

98 1170 165 1241 quia
179 1185 235 1226 uon
248 1169 307 1225 sine
323 1168 442 1240 peccatis
457 1168 627 1232 intemetum
640 1184 689 1223 nec
702 1168 736 1222 ad
749 1167 831 1235 diem,
847 1183 898 1225 ncc
953 1163 1015 1218 llam
1031 1181 1091 1235 quae
1106 1165 1215 1237 exlege
1230 1167 1332 1238 estqui
1348 1167 1443 1225 lecerit
1456 1171 1538 1227 humo
1554 1172 1626 1230 viret
1640 1174 1667 1229 in
1687 1192 1750 1233 ea.»

97 1259 135 1315 sd
149 1260 255 1325 horam,
266 1259 314 1313 scd
331 1258 360 1312 in
373 1265 502 1314 aeternum
518 1257 708 1312 contundetur.
735 1256 897 1330 Quicunque
951 1253 1012 1307 Non
1027 1253 1074 1319 ait,
1085 1253 1130 1323 qni
1146 1254 1240 1310 lecerit
1254 1271 1325 1321 eam,
1340 1257 1415 1313 viret
1429 1258 1456 1313 in
1479 1259 1535 1329 ills,
1560 1270 1589 1317 ut
1611 1263 1751 1337 intelligas

98 1363 230 1421 ergonon
245 1347 285 1402 nis
294 1346 441 1412 offendere,
458 1346 522 1402 tolle
537 1355 573 1413 te,
589 1347 705 1416 impedis
721 1350 758 1412 ιε,
772 1345 836 1401 tolle
849 1344 897 1414 ju·
951 1341 1040 1413 legem
1057 1343 1108 1398 hoc
1123 1342 1183 1398 loco
1194 1358 1242 1414 pro
1252 1343 1319 1413 ipsis
1329 1347 1455 1414 operibus
1470 1350 1597 1418 positam,
1614 1368 1674 1423 quae
1687 1370 1751 1426 ope·

98 1438 203 1491 stiriam
212 1434 608 1507 tuam,opprehendeeomquae
619 1450 653 1490 ex
661 1435 718 1489 Deo
727 1441 777 1489 est.
787 1433 896 1502 Quem·
951 1431 1185 1486 rantesvirebant
1199 1430 1302 1497 inillis,
1319 1433 1438 1504 alioquin
1459 1448 1605 1506 pascerem
1627 1440 1655 1494 in
1670 1458 1752 1500 cruce

97 1526 319 1581 visChristiauus
332 1523 446 1591 vocaris,
462 1522 484 1577 si
503 1523 618 1595 gratiam
644 1523 700 1591 ejus
720 1522 849 1594 denegas,
870 1522 897 1577 iu
951 1534 1059 1575 corvos.
1076 1519 1128 1589 Qui
1143 1536 1222 1593 ergo,
1240 1520 1336 1591 iuquit,
1352 1522 1447 1578 fecerit
1461 1540 1534 1594 eum,
1549 1543 1604 1583 uon
1620 1529 1752 1600 lapidabi-

98 1630 161 1670 eum
176 1611 301 1669 offendis.
318 1611 408 1667 Minus
427 1620 514 1666 autern
527 1619 566 1664 est
575 1610 714 1665 offendere
724 1609 751 1664 in
763 1611 897 1665 Christum
951 1613 1002 1670 tur,
1019 1623 1074 1661 non
1089 1608 1229 1663 occidetur
1245 1624 1252 1677 ;
1270 1611 1409 1681 premium
1425 1612 1449 1668 ei
1465 1615 1515 1669 erit
1530 1631 1584 1669 non
1599 1618 1679 1672 mori.

99 1702 264 1775 pendentem
279 1716 360 1774 quum
375 1700 403 1755 in
419 1716 480 1755 eum
496 1699 523 1754 in
534 1699 604 1754 coelo
619 1698 772 1754 sedentem.
791 1699 897 1753 lustitia
912 1727 939 1787 B
988 1695 1075 1751 Vnus.
1093 1700 1120 1759 o,
1130 1699 1159 1751 7.
1170 1721 1224 1747 -ι
1235 1697 1301 1766 Quae
1316 1706 1407 1756 autem
1422 1718 1455 1757 ex
1471 1701 1524 1758 tide
1538 1705 1701 1773 estjustitia,
1713 1708 1754 1767 sic

97 1792 149 1854 sit;
165 1790 216 1846 sed
231 1806 265 1845 ex
279 1791 367 1861 gratia
381 1789 426 1843 sit.
438 1792 461 1842 Α
474 1786 642 1853 θεοιιιιιειις
655 1795 757 1841 tuanon
768 1787 810 1842 sit.
822 1810 832 1834 ι
844 1787 897 1842 Se·
953 1783 1019 1839 dicit
1035 1804 1040 1839 :
1057 1786 1099 1840 Ne
1114 1785 1219 1841 dixeris
1245 1787 1272 1840 in
1296 1788 1439 1845 cordetuo
1457 1805 1464 1845 :
1480 1791 1547 1860 Quis
1575 1795 1705 1852 ascendet
1725 1797 1754 1853 in

98 1878 224 1937 cerdotes
239 1877 286 1942 tui,
305 1900 316 1926 n
333 1877 427 1949 inquit,
447 1899 458 1927 ι
486 1877 633 1931 induantur
649 1876 780 1944 justitium
805 1876 895 1945 (Pral.
954 1872 1065 1939 coelum,
1082 1874 1108 1927 id
1124 1882 1164 1929 est
1179 1874 1319 1931 Christum
1333 1877 1491 1935 deducere?
1505 1889 1551 1936 aut
1565 1883 1753 1951 quisdesccu-

98 1968 207 2036 cxxxi).
227 1989 238 2014 ι
256 1967 343 2021 Vestis
357 1965 496 2037 accipitur,
510 1981 637 2021 noncum
648 1965 755 2033 capillis
770 1964 899 2020 nascitur·
953 1959 1000 2017 det
1015 1962 1041 2015 in
1051 1961 1189 2033 abyssum,
1204 1964 1256 2019 hoc
1272 1973 1311 2019 εει
1332 1966 1469 2022 Christum
1493 1984 1510 2023 u
1539 1972 1651 2027 mortuis
1672 1990 1753 2030 revo-

98 2058 174 2112 Hauc
188 2056 236 2111 tibi
252 2056 382 2127 praedicat
405 2055 563 2125 Apostolus,
586 2055 656 2109 hanc
674 2053 722 2108 tibi
743 2052 790 2109 dat
810 2054 895 2109 Deus.
953 2051 1039 2105 care?
1052 2073 1062 2099 ι
1075 2052 1181 2106 ιιιειιιιι
1196 2069 1257 2123 quae
1271 2067 1308 2108 ex
1323 2054 1384 2127 lege
1400 2055 1529 2112 lectorum
1543 2067 1595 2127 est,
1612 2058 1673 2131 ipsa
1691 2069 1755 2118 sunt

98 2146 200 2215 Cerne,
216 2147 302 2217 ploro,
318 2144 408 2211 crede,
419 2151 447 2198 ut
461 2144 603 2213 impetres.
953 2138 1178 2210 tactapraemtunr
1186 2142 1245 2211 ejus
1254 2143 1295 2197 vel
1306 2159 1417 2212 merces,
1428 2161 1480 2199 non
1492 2147 1573 2216 mori,
1584 2164 1637 2202 non
1645 2150 1750 2221 puniri.

412 2231 525 2288 CAPUT
544 2233 580 2287 X.
953 2227 1106 2296 Dejustitis
1120 2245 1184 2287 vero
1199 2246 1260 2300 quae
1275 2248 1307 2285 ει
1322 2230 1376 2288 lide
1390 2242 1442 2299 est,
1453 2235 1536 2307 longe
1547 2237 1681 2293 aliterest.
1693 2239 1755 2311 lpsa

133 2323 220 2379 Vnus.
235 2325 297 2377 l.-
308 2344 318 2369 ·
328 2321 448 2385 Fratres,
466 2319 592 2376 voluntas
605 2319 715 2392 quidem
729 2318 819 2376 cordis
833 2317 896 2386 mei,
952 2316 1023 2371 enim
1039 2326 1142 2373 tautum
1158 2335 1252 2374 veram
1262 2320 1353 2375 cordis
1367 2322 1454 2395 exigit
1482 2321 1562 2378 fidem
1587 2334 1613 2380 et
1637 2326 1755 2383 liberam

98 2420 126 2470 et
134 2411 287 2467 obsecratio
301 2411 336 2465 ad
349 2411 432 2464 Deum
442 2408 470 2464 lit
482 2425 531 2479 pro
547 2410 599 2464 illis
610 2409 637 2463 in
660 2409 784 2463 salutem.
803 2431 814 2456 ι
842 2410 898 2463 l'o-
952 2405 1006 2460 oris
1019 2406 1231 2474 contessionem,
1245 2424 1299 2463 non
1314 2410 1419 2466 ratione
1434 2412 1554 2468 humana
1574 2416 1750 2487 exquisitam,

98 2501 187 2556 luutes
197 2508 225 2555 ut
237 2500 272 2554 ad
283 2515 346 2554 vera
363 2499 499 2554 credenda
513 2506 661 2561 moveatur,
679 2512 733 2552 ιιοιι
748 2499 800 2551 sibi
822 2495 898 2551 suffi-
953 2494 1001 2546 sed
1016 2494 1133 2564 simplici
1148 2502 1175 2550 et
1190 2497 1343 2552 voluntario
1359 2501 1576 2555 rneutisnssensu
1586 2513 1755 2574 susceptam.
1831 2570 1834 2575 Ι

98 2590 145 2653 cit,
161 2591 213 2643 uisi
226 2603 243 2643 ε
257 2588 344 2659 gretia
363 2586 410 2641 Dei
425 2587 580 2655 adjuvetur.
606 2586 750 2655 Propterea
778 2588 900 2656 Aposto-
953 2581 1031 2638 Fides
1045 2584 1116 2637 enirn
1132 2590 1174 2638 εει
1184 2584 1212 2638 in
1228 2586 1269 2639 his
1283 2603 1343 2657 quae
1354 2587 1379 2640 in
1392 2588 1669 2660 religionecredenda
1680 2602 1753 2661 sunt,

98 2678 152 2745 lus,
172 2677 235 2733 licet
248 2678 380 2731 instanter
394 2676 434 2731 eis
456 2675 635 2745 livarrgelium
659 2675 830 2745 praedicaret,
845 2691 898 2730 non
952 2670 1120 2726 voluntarius
1136 2675 1233 2727 mentis
1247 2688 1390 2740 assensus,
1407 2677 1432 2729 in
1449 2693 1502 2746 qna
1518 2680 1561 2748 qui
1591 2679 1703 2735 tidelem
1727 2690 1757 2737 ει

98 2768 124 2823 ei
140 2764 247 2829 sufficit,
268 2766 318 2819 nisi
329 2765 408 2819 etiam
438 2765 545 2835 procis
566 2773 667 2828 ureret,
694 2773 720 2816 ut
741 2763 897 2818 crederent.
952 2759 1304 2827 sobriumhabetsensurn,
1323 2764 1423 2818 nullius
1451 2765 1594 2835 sapientiae
1622 2770 1752 2825 sensibus

97 2856 239 2911 Nauenim
254 2854 333 2908 aliter
342 2861 574 2923 consequerentur
595 2853 718 2906 salntem.
743 2850 808 2906 Orat
829 2867 898 2925 ergo
952 2847 1059 2912 divinae,
1086 2850 1166 2903 nullis
1181 2852 1306 2907 humanae
1330 2852 1450 2908 scientiae
1464 2856 1625 2921 rationibus,
1650 2874 1712 2928 quae
1727 2858 1755 2914 iu

98 2960 148 3017 pru
163 2944 316 2999 nolentibus
330 2944 453 3011 credere,
470 2950 500 2995 ut
515 2943 586 2997 Deus
606 2950 733 3010 operetur
749 2941 778 2994 iu
801 2940 840 2995 ειε
872 2948 899 2996 ει
952 2936 1057 2991 Christo
1085 2939 1201 2991 humans
1228 2951 1298 3004 ειιιιι,
1320 2949 1468 3007 serutatur,
1499 2943 1590 3014 utique
1618 2945 1653 3000 de
1682 2947 1754 3002 coelo
1828 2926 1837 2935 ”

97 3033 179 3089 velle,
952 3024 1009 3091 illo,
1026 3042 1086 3096 quae
1097 3026 1242 3080 diriuiurtis
1258 3037 1319 3081 sunt
1335 3029 1447 3091 Christi,
1465 3031 1517 3084 sibi
1532 3034 1688 3103 expostulet
1702 3035 1755 3091 de-

136 3124 224 3177 ιίιιιε.
240 3124 310 3175 ι.-
326 3143 337 3169 ι
355 3118 548 3175 Testimonium
573 3118 645 3172 enim
677 3118 806 3188 perhibeo
833 3117 896 3185 illis,
913 3084 938 3147 C
953 3114 1018 3169 duci
1032 3114 1066 3167 ud
1082 3115 1308 3187 intelligendum
1326 3118 1416 3173 uelde
1432 3119 1531 3190 abysso
1547 3121 1602 3183 illa,
1618 3123 1755 3179 Christum

98 3212 227 3282 quoniam
245 3208 442 3265 aemulationem
459 3208 511 3263 Dei
527 3206 638 3273 habent,
650 3208 698 3260 sed
724 3222 778 3261 non
799 3222 899 3262 secun·
953 3203 1006 3257 sibi
1030 3205 1151 3258 revocari
1175 3205 1210 3259 de
1234 3208 1374 3261 cummuni
1400 3216 1475 3262 sorte
1496 3210 1680 3275 morientium,
1705 3212 1755 3268 sed

97 3300 164 3354 dum
182 3298 334 3354 scientiam.
354 3320 364 3343 a
382 3296 464 3362 Noni,
485 3294 659 3366 inquit,scio,
677 3296 748 3364 apud
769 3293 832 3348 illos
848 3293 898 3349 lui.
954 3291 1113 3363 simpliciter
1128 3293 1242 3347 credens
1257 3296 1329 3365 quod
1345 3296 1513 3351 credendum
1538 3297 1631 3353 indicit
1656 3299 1751 3357 divina

99 3389 160 3443 talis
175 3395 202 3443 et
217 3387 275 3457 ipse
288 3385 333 3441 lui.
345 3382 416 3452 Quid
428 3395 516 3438 autem
542 3384 576 3436 sit
599 3384 683 3449 zelus,
705 3383 763 3436 sive
786 3382 899 3437 aemula·
952 3381 1109 3445 auctoritas,
1120 3389 1146 3435 et
1156 3380 1240 3437 libere
1255 3382 1391 3437 confitens
1403 3383 1475 3454 quod
1489 3385 1671 3442 contitendurn
1682 3406 1754 3461 sug-

98 3478 146 3541 lin,
171 3490 226 3531 non
244 3485 398 3529 secundum
428 3472 578 3535 scientium,
608 3487 746 3541 exponens
778 3471 896 3524 subdit:

134 3566 224 3621 Vens.
237 3567 264 3618 3.
280 3593 314 3602 -
331 3584 342 3609 ι
365 3562 525 3633 ignorantes
541 3561 613 3614 enim
633 3560 770 3629 justitiam
796 3559 854 3621 Dei,
871 3567 898 3613 et

97 3670 176 3710 suam
191 3658 346 3724 qnaerenles
360 3659 483 3716 statuere,
495 3648 607 3717 justitia>
622 3649 670 3703 Dei
691 3664 743 3703 rron
759 3656 819 3702 sunt
834 3647 898 3701 sub·

94 3744 172 3816 jecti.
191 3764 203 3794 ι
220 3743 259 3797 De
274 3741 374 3795 Jndaeis
389 3739 460 3793 euim
472 3740 529 3793 haec
545 3738 619 3803 dicit,
636 3736 730 3809 quide
752 3753 781 3791 se
797 3753 897 3807 prensu-

96 3840 211 3900 mentes,
227 3829 342 3903 gratiam
358 3828 536 3898 repellebant,
560 3835 586 3881 et
608 3837 748 3896 propterca
766 3825 792 3879 in
815 3825 895 3880 Chri-

94 3930 166 3977 stum
181 3936 234 3975 non
249 3918 407 3974 credebant.
424 3918 505 3971 Suom
527 3931 593 3970 vero
606 3916 737 3982 justitium
759 3914 824 3970 dicit
847 3929 895 3970 eos
948 3913 1092 3968 exalutnrn
1108 3929 1124 3967 ιι
1139 3923 1175 3979 ιε,
1192 3929 1280 3985 neque
1295 3914 1405 3988 lougea
1421 3925 1456 3971 ιε.
1469 3918 1531 3972 Nun
1554 3927 1596 3974 est
1616 3920 1645 3974 iu
1667 3923 1745 3992 coelu,

94 4011 166 4067 velte
179 4009 355 4074 constituere,
371 4022 431 4077 quse
441 4005 544 4074 justitia
560 4014 599 4057 est
616 4020 649 4057 ex
674 4004 744 4075 lege,
761 4020 814 4058 non
832 4003 894 4075 quia
947 4009 976 4057 ut
991 4002 1066 4057 dicas
1083 4021 1089 4056 :
1105 4001 1171 4070 Quis
1186 4003 1314 4059 ascendet
1325 4004 1406 4058 nobis
1421 4005 1448 4058 in
1462 4007 1570 4069 caelum,
1588 4019 1614 4063 et
1629 4011 1747 4082 accipiet

93 4100 139 4155 lex
154 4098 189 4154 ab
204 4097 270 4169 ipsis
285 4105 325 4151 est
340 4095 496 4159 constitute,
513 4093 561 4148 sed
577 4095 604 4145 in
620 4092 682 4164 lege
706 4108 766 4163 qnae
780 4109 812 4146 ex
837 4095 894 4148 Deo
947 4091 1013 4146 illud
1028 4092 1118 4159 nobis,
1134 4100 1163 4145 ut
1173 4092 1314 4146 audientes
1326 4092 1457 4148 iaciamus
1472 4094 1554 4161 illud;
1571 4114 1661 4170 neque
1672 4107 1746 4156 trans

92 4197 146 4251 est,
163 4202 240 4242 suurn
254 4184 385 4255 justitiam
400 4183 606 4247 constituerant,
636 4182 743 4252 qnando
765 4183 892 4237 eamdem
945 4196 1032 4247 mure,
1062 4188 1090 4234 ut
1118 4179 1193 4234 dicas
1212 4179 1303 4249 :Quis
1331 4182 1466 4251 transibit,
1497 4192 1524 4240 ει
1547 4189 1745 4258 accipietillnd

92 4276 185 4349 legem
200 4276 258 4330 suis
273 4290 302 4329 se
317 4270 539 4341 viribusimplere
549 4286 631 4341 posse
643 4270 802 4338 eredebant,
812 4270 893 4341 igno·
944 4269 1024 4323 nobis
1038 4270 1134 4335 (licut.
1151 4270 1228 4340 xxx).
1251 4293 1261 4318 ι

91 4376 185 4423 rantes
197 4362 405 4433 Deijustitiam,
422 4375 475 4414 nou
500 4375 551 4430 qua
579 4360 651 4413 Deus
671 4360 758 4428 justus
776 4368 827 4419 εει.
842 4359 892 4415 sed
980 4358 1065 4412 Vnus.
1082 4359 1108 4421 8,
1126 4359 1563 4430 9.-‹Se‹lpr0peescverbum
1584 4363 1610 4418 jn
1636 4374 1743 4423 omno

91 4473 153 4529 quae
167 4452 270 4510 homini
284 4459 326 4506 est
341 4466 372 4505 ει
387 4451 457 4504 lieo.
477 4448 637 4502 llaecautem
653 4456 693 4502 εει
708 4456 764 4502 ιοιε
778 4448 888 4503 scientia
902 4437 928 4498 h
944 4453 969 4501 ει
985 4446 1012 4500 in
1024 4445 1105 4501 eorde
1121 4454 1179 4501 tuo.
1200 4448 1255 4503 Huc
1265 4454 1306 4502 εει
1320 4449 1511 4504 euirnverbnm
1525 4453 1742 4521 quodpraedioa·

950 3557 1049 3613 lectum
1066 3567 1197 3628 susceptae
1218 3558 1280 3613 lidei
1295 3567 1322 3615 et
1337 3560 1372 3614 ud
1386 3576 1470 3630 opero
1486 3578 1546 3629 cquae
1560 3580 1609 3632 per
1623 3564 1751 3623 dilectio-

950 3663 1013 3701 nem
1029 3645 1103 3702 srunt.
1120 3649 1165 3704 Sic
1181 3648 1252 3701 enim
1268 3648 1295 3703 in
1315 3649 1525 3705 Deuteronomio
1550 3654 1751 3725 scriptumest,

950 3736 1021 3791 unde
1036 3737 1193 3807 exemplum
1204 3737 1254 3793 huc
1269 3746 1440 3807 assumptum
1470 3748 1510 3793 est
1526 3756 1532 3792 :
1559 3762 1569 3790 ι
1596 3742 1750 3801 blandratum

949 3825 1010 3889 huc,
1027 3825 1099 3894 quod
1114 3840 1166 3896 ego
1180 3825 1227 3879 tibi
1239 3827 1367 3897 praecipio
1394 3827 1486 3897 hodie,
1503 3845 1557 3884 non
1583 3838 1624 3885 est
1651 3848 1750 3903 super-

950 3469 1019 3541 gerit
1036 3469 1151 3531 veritss;
1176 3470 1303 3525 credendi
1319 3471 1469 3527 humilitate
1489 3472 1593 3544 prolicit
1611 3477 1645 3530 ad
1666 3477 1750 3532 intel·
1839 3468 1841 3473 ¹

90 4560 192 4618 magna
207 4540 334 4607 hominis,
346 4539 414 4593 scire
428 4539 491 4609 quia
507 4552 554 4607 per
568 4536 688 4607 seipsum
714 4537 779 4591 nihil
800 4547 850 4605 est,
863 4545 890 4593 et

90 4634 220 4708 quonium
246 4627 376 4704 quidquid
400 4633 451 4695 εει,
481 4642 514 4681 ex
536 4626 593 4681 Deo
621 4633 672 4694 est,
688 4633 715 4681 ει
730 4641 780 4697 per
803 4626 889 4681 Deum

88 4731 214 4868 eStlines.
229 4811 255 4864 l.
271 4836 306 4849 -·
319 4830 329 4856 ι
341 4804 491 4862 Finiseuim
501 4803 571 4874 legis
582 4805 704 4860 Christus
712 4804 886 4875 adjustitiam

89 4901 166 4961 omni
189 4897 324 4957 credenti.
344 4920 355 4943 ι
379 4895 546 4950 Discemitur
566 4896 671 4966 quippe
696 4895 733 4950 ab
756 4897 888 4965 operibns

87 4990 166 5056 tides,
182 4989 253 5044 siout
266 4986 331 5042 alibi
345 4983 537 5054 diciturtsupra
552 4999 612 5053 cap.
624 4999 664 5049 ιιι,
680 4999 755 5039 rens.
772 4987 827 5047 ιιι,
840 4983 889 5053 ju·

87 5085 199 5147 stillcsri
213 5081 438 5157 pussehomiuem
448 5079 585 5152 perfidem
595 5080 654 5136 sine
665 5080 794 5150 operibus
805 5080 887 5155 legis,

87 5186 197 5243 Etsunt
216 5197 298 5253 opera
315 5195 376 5251 qnae
390 5177 515 5232 videntur
537 5178 607 5232 buna
621 5177 680 5233 sine
696 5176 749 5234 tide
778 5178 887 5240 curisti,

86 5291 114 5340 ει
126 5297 180 5337 nou
193 5287 256 5336 suut
271 5278 352 5342 bons,
364 5274 491 5349 quianon
505 5273 657 5331 referuntur
672 5276 707 5329 ad
722 5291 784 5330 eum
805 5274 888 5330 tinem

86 5397 123 5440 cx
145 5395 200 5454 quo
227 5377 281 5433 sint
307 5375 391 5431 boue.
419 5373 522 5428 «Finis
537 5373 608 5429 enim
629 5372 699 5445 legis
719 5373 852 5430 Christus.
872 5396 884 5425 ι

85 5480 152 5537 ldeo
167 5476 300 5535 Dominus
310 5473 337 5529 in
345 5471 495 5544 Evangelio
503 5471 588 5526 noluit
597 5471 886 5545 discemereabopero

83 5574 187 5646 fidem
211 5571 263 5630 sed
284 5571 372 5644 ipsam
392 5567 475 5626 lidum
499 5566 567 5623 dixit
585 5583 646 5624 osse
666 5582 754 5642 opus;
771 5567 831 5641 ipsa
845 5573 887 5627 εει

943 4552 1015 4601 mus,
1030 4534 1130 4604 quiesi
1145 4533 1299 4591 confitearis
1313 4537 1339 4590 in
1351 4553 1396 4592 ore
1410 4546 1455 4593 tuo
1475 4540 1620 4595 Dominum
1637 4543 1739 4611 lesum,

943 4633 969 4678 et
984 4624 1012 4677 in
1026 4621 1109 4677 corde
1124 4629 1168 4676 tuo
1182 4622 1331 4677 credideris
1355 4624 1427 4694 quod
1454 4625 1525 4680 Deus
1552 4629 1690 4683 suscitarit
1705 4631 1741 4685 il-

943 4713 998 4767 lum
1013 4709 1161 4777 amortuis,
1178 4710 1270 4765 sulvus
1285 4711 1349 4765 eris.
1369 4732 1380 4761 ι
1397 4713 1472 4767 Licet
1490 4715 1562 4769 enim
1584 4715 1655 4772 inre
1676 4718 1740 4774 inu-

942 4802 1032 4869 sitata,
1047 4808 1073 4855 ει
1088 4800 1209 4855 miraculi
1222 4799 1333 4863 insoliti,
1350 4800 1474 4872 quaedam
1490 4818 1621 4874 aqqrarere
1643 4806 1741 4864 videa·

944 4897 988 4943 tur
1005 4886 1149 4944 difficultas
1174 4889 1313 4953 credendi,
1329 4888 1443 4944 lideliter
1470 4902 1561 4946 tamen
1595 4894 1739 4952 confitenti

942 4977 1088 5034 Dominum
1102 4993 1165 5033 esse
1178 4979 1281 5044 lesum,
1295 4987 1320 5033 et
1336 4978 1454 5035 credenti
1479 4996 1534 5036 nou
1550 4998 1611 5037 eum
1632 5000 1692 5040 esse
1705 4986 1740 5043 de

941 5075 1083 5133 communi
1096 5085 1168 5131 sorte
1180 5075 1362 5145 morientium,
1379 5078 1452 5134 Deus
1467 5080 1511 5149 qui
1527 5080 1652 5151 superbis
1668 5083 1738 5139 resi-

942 5178 999 5245 stit,
1016 5176 1160 5232 humilibus
1174 5184 1264 5232 uutem
1280 5176 1326 5231 dat
1340 5177 1469 5248 gratiam,
1484 5194 1535 5250 per
1549 5195 1673 5236 amorem
1684 5182 1740 5254 spi·

940 5276 1016 5342 ritus,
1028 5275 1091 5331 fidei
1102 5275 1216 5330 illustrat
1230 5273 1369 5344 affectum,
1382 5284 1410 5333 et
1422 5278 1548 5350 suggerit
1561 5278 1737 5352 intellectum,

941 5381 969 5430 ut
983 5373 1096 5429 etdulce
1113 5372 1138 5430 ei
1153 5371 1283 5429 efficietur
1299 5373 1326 5427 in
1340 5373 1422 5429 corde
1437 5376 1509 5445 quod
1524 5376 1608 5432 credit
1630 5386 1658 5434 et
1674 5378 1739 5451 glo-

939 5471 1042 5528 riosum
1057 5468 1177 5527 confiteri
1192 5469 1265 5543 quod
1279 5469 1460 5528 saluberrime
1474 5473 1586 5531 credere
1611 5491 1643 5531 se
1658 5475 1739 5535 intel·

939 5569 1012 5644 tigit.
1032 5566 1175 5627 credendo
1188 5577 1277 5627 sutem
1291 5568 1384 5627 saluus
1398 5567 1524 5641 efficitur,
1540 5587 1595 5631 nou
1609 5580 1637 5628 ιιι
1665 5574 1736 5637 viru
