3728 6000
55 265 112 327 ihi

602 258 791 323 axsostrto
810 258 952 322 altana
971 259 1009 321 IN
1029 261 1165 325 CANTIG.

1654 272 1706 333 ido

55 385 270 460 promissionum
289 387 397 456 harum,
418 393 652 445 sacramentorum
671 387 854 443 involutorum
867 385 896 452 A
909 385 1069 442 aternitatis
1084 384 1176 442 esculo
1191 400 1241 457 pro
1265 386 1429 443 infirmitatis
1452 389 1585 446 humanae
1606 393 1706 451 cundi·

60 477 172 544 borum,
188 476 380 548 parabolarum
394 491 427 532 ac
446 476 654 547 proverbiorum
670 477 777 544 horum,
793 491 858 546 spe-

58 566 114 622 culi
131 573 158 621 at
181 565 345 636 anigmatis.
371 565 527 636 llystcrium
550 565 629 635 regni
645 565 694 620 Dei
717 564 856 629 desidero,

58 656 150 725 palam
166 655 232 708 mihi
251 655 402 710 annuntiari
418 655 451 709 dc
468 655 546 710 Patre
566 655 701 725 deposco;
714 653 808 708 luciam
826 651 860 706 ad

59 743 171 810 faciem,
189 743 298 799 oculum
318 744 352 798 ad
368 743 486 811 oculum,
516 744 639 799 osculum
662 743 695 797 ad
714 743 858 798 osculum:

61 856 73 882 s
91 832 241 889 Osculetur
251 849 295 886 mc
308 832 465 889 usculooris
479 832 530 886 sui.
550 855 561 879 ι
574 832 664 900 Quare
675 840 764 886 autem
783 850 794 879 ι
812 845 860 885 us-

58 921 179 986 culetur,
195 945 206 969 n
224 929 352 994 tanquam
368 921 401 975 de
413 921 534 986 absente,
546 928 572 975 et
584 937 636 975 uon
651 921 741 991 potius
756 935 861 975 «oscu-

59 1011 135 1067 lare‘?
159 1010 305 1065 »Vitiatur
328 1011 356 1064 iu
378 1010 495 1065 cellariis
520 1011 630 1064 multum
654 1024 713 1064 eam
737 1009 861 1064 adnisam

59 1098 131 1156 lucie
145 1099 181 1154 ad
196 1100 301 1164 lactem,
323 1108 350 1154 et
364 1099 440 1154 sicuti
455 1106 496 1154 est
513 1116 572 1153 eum
590 1099 682 1153 videre
710 1113 743 1154 ac
754 1112 861 1168 cogno·

60 1204 151 1254 scere,
167 1188 234 1244 sicut
250 1190 308 1258 ipsa
323 1196 364 1243 est
379 1188 486 1258 cognita
510 1188 544 1241 ab
560 1204 613 1242 eo:
636 1187 708 1259 quod
724 1195 765 1242 est
779 1202 861 1241 oscu-

59 1278 121 1333 lum
136 1277 326 1349 perfectionis.
350 1276 486 1348 Sponsum
507 1292 572 1331 reru
586 1292 636 1347 per
659 1277 861 1347 prophetarum,

60 1366 122 1422 sira
140 1367 339 1438 apostolorum,
364 1372 561 1420 caeterorumve
581 1365 724 1421 doctorum
744 1365 863 1419 ministe-

61 1455 112 1522 ria,
128 1472 180 1526 per
200 1455 340 1511 seientiam
355 1455 564 1524 Scripturarum,
587 1455 661 1509 saria
680 1455 705 1509 ei
722 1454 798 1523 quasi
814 1469 862 1508 os-

60 1545 123 1601 cula
138 1546 235 1616 gratias
256 1560 311 1600 suae
333 1544 496 1615 porrexisse,
522 1545 616 1615 sicque
630 1542 707 1614 quasi
727 1542 863 1597 satisfacto

60 1634 85 1691 ei
103 1635 182 1705 (las)
197 1634 357 1698 recessisse,
374 1642 401 1688 et
416 1633 517 1688 abiisse
530 1651 536 1696 ;
549 1634 621 1686 illam
641 1648 705 1688 sere
713 1632 770 1702 jum
786 1631 862 1701 quasi

913 476 984 531 tione
1003 490 1105 546 spensa
1125 475 1223 537 alehela.
1244 476 1319 532 cirea
1339 478 1397 533 haec
1419 495 1448 533 se
1467 479 1556 548 afficit,
1579 489 1606 537 et
1626 483 1661 538 ad
1678 501 1708 541 os

913 563 978 618 illud
995 574 1069 618 tuum
1081 580 1134 619 non
1143 565 1312 637 pertingens,
1322 581 1352 620 os
1365 584 1442 621 suum
1452 568 1566 624 reileetit
1573 571 1606 625 ad
1623 571 1708 629 ubera

914 659 967 717 tua,
984 660 1011 708 ct
1025 653 1051 707 in
1068 654 1107 708 eis
1121 653 1266 725 requiescit
1281 653 1384 722 dicens,
1404 677 1413 706 ι
1433 658 1496 729 quia
1511 659 1625 716 meliora
1646 668 1708 718 sunt

913 741 1000 797 ubera
1014 750 1060 796 tua
1075 743 1147 796 sino.
1167 763 1177 791 ι
1191 742 1276 798 Simul
1292 745 1371 798 etiam
1388 754 1459 809 nota,
1476 747 1501 800 iu
1515 749 1643 816 petitione
1657 767 1707 807 os-

914 831 978 899 culi,
1001 847 1155 901 supremum
1175 831 1201 885 in
1223 834 1347 888 oratione
1375 834 1501 891 humanas
1524 839 1711 906 possibilitatis

914 920 1040 975 affectum
1060 920 1088 974 in
1102 920 1193 976 lumen
1212 920 1276 975 illud
1299 921 1388 977 vultus
1411 924 1458 977 Dei
1478 943 1554 980 suum
1580 928 1711 988 direxisse

915 1019 1064 1080 aspectum,
1081 1010 1140 1073 sad,
1163 1012 1356 1067 reverberante
1379 1015 1515 1069 charitatis
1536 1016 1607 1072 illius
1630 1020 1713 1075 elari-

915 1105 979 1169 tate,
1001 1116 1066 1154 mox
1081 1101 1114 1153 ad
1126 1116 1157 1154 ea
1174 1117 1234 1171 quae
1253 1102 1436 1157 communiora
1458 1112 1521 1158 sunt
1541 1106 1670 1164 reflexum
1685 1118 1714 1165 et

916 1189 943 1243 in
965 1189 1005 1244 eis
1027 1189 1202 1258 semetipsum
1225 1196 1408 1256 exercentem,
1435 1208 1498 1247 cum
1518 1194 1590 1264 elicit,
1614 1220 1621 1246 i
1651 1197 1712 1268 quia

915 1277 1028 1333 meliora
1050 1285 1113 1332 sunt
1127 1278 1209 1332 ubera
1229 1285 1273 1332 tua
1302 1279 1375 1347 vine,
1399 1280 1548 1353 fragrantia
1567 1287 1713 1358 unguentis

916 1367 1039 1438 optimis.
1053 1365 1154 1421 Oleum
1164 1365 1279 1422 effusum
1292 1384 1388 1424 nomeu
1400 1378 1487 1425 tuum.
1503 1394 1513 1418 υ
1527 1374 1598 1439 llos,
1611 1374 1710 1446 iuquit,

916 1465 946 1512 ut
969 1457 1030 1511 veni
1045 1456 1080 1511 ad
1101 1464 1136 1521 te,
1161 1456 1267 1512 nudasti
1283 1457 1348 1512 mihi
1370 1459 1453 1515 ubera
1473 1460 1624 1517 dulcedinis
1646 1472 1707 1532 tuae,

915 1546 1006 1618 prima
1022 1546 1185 1600 nutrimenta
1204 1548 1299 1617 gratiae
1313 1554 1377 1612 tuae,
1394 1556 1465 1604 etex
1481 1549 1622 1606 dulcedine
1646 1569 1712 1608 sua·

916 1635 1004 1691 sitatis
1020 1642 1072 1689 tuae
1087 1641 1113 1689 et
1127 1634 1298 1690 conscientia
1312 1635 1395 1704 bono,
1412 1637 1525 1693 meliora
1539 1655 1622 1711 super
1632 1656 1713 1698 omna

59 1721 95 1778 de
110 1722 225 1777 absente
240 1722 381 1794 conqueri,
404 1721 630 1792 impatienterque
652 1728 713 1791 pest
728 1737 788 1776 cum
803 1720 859 1775 cla·
876 1741 902 1801 Β
917 1724 1008 1779 sinum
1024 1724 1165 1791 sapientiae
1180 1725 1332 1790 saecularis,
1350 1727 1391 1780 sel
1407 1725 1527 1783 laetitiam
1542 1729 1657 1784 earnalis
1668 1746 1713 1787 so·

57 1827 136 1866 mare
146 1827 179 1868 ac
189 1811 281 1866 dicere
298 1826 305 1866 ε
324 1810 548 1866 «Osculeturme
558 1809 718 1866 osculeoris
731 1809 784 1863 sui.
797 1833 808 1857 a
821 1812 859 1864 Ac
914 1813 1033 1883 luptatis,
1058 1812 1208 1883 fragrantia
1226 1814 1372 1884 unguentis
1387 1816 1506 1886 optimis,
1529 1817 1610 1873 donis
1625 1819 1713 1891 septi·

58 1901 81 1955 si
110 1899 381 1970 dicat:Quousquc,
411 1900 478 1953 mitri
504 1901 592 1954 aliena
613 1899 705 1954 oscula
729 1898 858 1965 scientiae,
915 1901 1151 1972 larmisSpiritus.
1177 1902 1338 1956 Danaenim
1356 1903 1426 1974 ipsa,
1448 1922 1509 1959 cum
1530 1914 1553 1961 te
1571 1917 1713 1980 operante,

58 1989 207 2061 apponetis
219 1989 343 2044 dolorem
357 1989 439 2043 ‘llltsi
454 2005 508 2043 non
524 2003 633 2043 mereor
648 1989 776 2043 osculum
792 1986 859 2040 illud
915 1991 1011 2045 ordine
1027 2006 1076 2045 suo
1091 1991 1212 2044 venirent
1228 1992 1254 2044 in
1271 2007 1323 2052 ine.
1340 1993 1427 2062 prime
1442 1997 1523 2048 timor
1537 2004 1597 2049 tuus
1611 2011 1713 2068 appre-

57 2077 249 2151 perlectionis,
266 2077 310 2132 vel
324 2077 434 2148 aliquod
452 2078 526 2142 mibi,
544 2077 699 2147 priusquam
715 2093 730 2130 a
745 2092 788 2130 me
814 2091 861 2129 re·
915 2081 1009 2134 liendit
1025 2095 1076 2143 me,
1103 2080 1226 2133 severius
1240 2096 1344 2152 urgens
1365 2081 1398 2135 ud
1419 2090 1444 2137 te
1460 2083 1518 2152 (lah
1538 2086 1714 2155 xrs·111).Se·

59 2169 151 2232 cedat,
169 2166 309 2237 indulgeat
336 2166 456 2221 osculum
481 2167 537 2221 oris
552 2166 604 2220 sui.
629 2168 732 2220 llouum
753 2164 861 2234 quidem
916 2167 1005 2225 cundo
1021 2169 1079 2222 loco
1100 2169 1215 2222 occurrit
1232 2170 1328 2237 pictas,
1344 2171 1462 2225 suaviter
1477 2175 1614 2244 excipiens
1628 2192 1672 2230 me
1686 2176 1715 2232 in

60 2254 240 2313 estosculum
262 2256 460 2321 transmissum,
476 2255 523 2310 sed
541 2256 634 2327 gratiae
649 2271 705 2310 susc
723 2269 776 2309 nou
800 2253 861 2324 ple·
917 2266 955 2312 tc.
979 2257 1045 2324 Qriae
1067 2273 1139 2321 curu,
1165 2256 1234 2312 sicut
1252 2259 1383 2328 scriptum
1407 2269 1457 2328 est,
1477 2262 1563 2317 cultus
1579 2268 1641 2318 tuus
1661 2266 1713 2330 slt;

61 2362 127 2403 uam
140 2345 260 2402 retinere
276 2345 528 2409 videtureirtutem,
545 2345 579 2399 de
592 2361 653 2399 vase
669 2345 697 2397 in
714 2359 762 2397 vas
776 2351 862 2397 trans·
916 2346 1003 2417 pietas
1018 2346 1101 2412 enim,
1113 2346 1150 2399 ait
1164 2346 1224 2410 Jub,
1241 2346 1332 2401 cultus
1343 2349 1392 2402 bei
1409 2357 1459 2416 est,
1476 2366 1538 2406 cum
1554 2352 1715 2409 doceretma

60 2437 163 2491 fusum.
192 2435 341 2490 Innotescit
370 2433 442 2505 quod
465 2433 543 2488 insert
570 2435 691 2487 minister
718 2431 862 2500 ejuszsed
916 2435 1005 2490 colere
1021 2444 1057 2499 te,
1075 2434 1166 2488 decuit
1182 2451 1224 2489 me
1239 2434 1329 2491 dicare
1341 2437 1367 2490 in
1379 2437 1478 2507 Spiritu
1495 2450 1629 2510 saneim«
1654 2443 1713 2496 llo·

59 2524 131 2595 sapit
154 2523 228 2596 quod
252 2523 366 2593 inspirat
389 2523 497 2593 spiritus
522 2523 578 2576 oris
604 2522 647 2578 vel
674 2521 756 2576 osculi
779 2521 859 2589 ejus:
916 2523 1094 2578 minuslesus
1110 2523 1359 2593 tider.x11).»Et
1376 2543 1437 2582 mox
1454 2530 1482 2582 in
1497 2531 1606 2586 odorem
1623 2532 1714 2586 suavi·

59 2615 134 2686 quod
151 2622 216 2668 tune
231 2613 319 2682 sapiet
334 2612 365 2665 ad
383 2612 503 2683 plenum,
523 2628 584 2666 cum
605 2612 631 2665 in
654 2612 713 2681 ipsu
728 2610 777 2665 erit
790 2626 862 2680 gau·
917 2612 979 2666 tatis
994 2620 1019 2665 et
1043 2612 1172 2667 virtutem
1195 2614 1327 2677 sanitatis,
1349 2614 1460 2671 effusum
1476 2627 1517 2672 est
1538 2629 1605 2683 ate,
1631 2630 1656 2677 et
1670 2622 1715 2676 in-

58 2703 137 2758 dium
160 2704 289 2771 plenum:
305 2701 402 2755 deinde
413 2701 508 2754 intuitu
524 2716 577 2770 quo
592 2709 682 2772 potest
694 2714 863 2771 prosequens
918 2700 1005 2754 lusum
1017 2709 1057 2755 est
1072 2700 1100 2753 in
1116 2717 1170 2767 me,
1183 2701 1273 2757 oleum
1285 2702 1369 2773 ipsius
1385 2707 1502 2762 nominis
1517 2709 1554 2764 tui
1570 2713 1712 2772 emolliens

58 2793 219 2854 abeuntem,
236 2799 261 2845 et
278 2789 357 2845 dulce
378 2790 481 2843 habeas
495 2790 605 2858 alloqui,
629 2789 709 2843 etiam
730 2789 786 2857 jam
809 2802 864 2841 non
917 2789 1006 2844 emnia
1028 2788 1095 2843 dura
1115 2806 1185 2855 meu,
1211 2790 1313 2846 leniens
1337 2808 1444 2862 aspera,
1470 2812 1573 2855 sanans
1598 2801 1712 2864 infirma.

60 2880 265 2946 exaudientem,
284 2901 295 2926 a
314 2878 385 2949 quia,
403 2901 411 2918 ν
430 2877 525 2946 inquit,
541 2901 550 2923 ·
565 2878 679 2932 meliora
699 2883 760 2931 sunt
780 2876 864 2930 ubera
917 2877 1086 2948 computruit
1098 2878 1198 2949 jugum
1220 2880 1338 2951 antiquae
1355 2884 1632 2956 captivitatismcae,a
1647 2893 1715 2952 lucie

61 2977 108 3025 tna
124 2970 201 3024 vino.
220 2966 329 3037 »Quasi
338 2967 409 3022 enim
424 2967 604 3035 interrogata,
618 2967 690 3022 unda
705 2974 759 3021 tam
769 2965 864 3020 lustina
917 2967 969 3020 ulei
990 2967 1108 3021 nominis
1132 2966 1211 3036 hujus
1228 2968 1342 3041 ;jugum
1364 2980 1453 3027 autem
1479 2981 1563 3043 tuum,
1589 2979 1712 3052 Domine,

61 3055 512 3128 praesumpti0,1amhdensoseuli
528 3056 632 3110 exactio
650 3075 656 3121 ;
672 3056 707 3109 ab
722 3055 861 3121 uberibus,
918 3055 1077 3110 factumest
1098 3056 1164 3109 mihi
1179 3072 1269 3125 suave,
1295 3066 1321 3114 et
1340 3076 1408 3115 uuus
1426 3062 1495 3118 leve.
1519 3067 1620 3124 Audito
1639 3072 1713 3128 enim

61 3144 503 3218 inquit,Domine,c0nsolati0nis
518 3152 569 3199 ture
583 3144 653 3209 (lau,
667 3144 753 3215 axvi),
771 3167 781 3191 ιι
799 3143 863 3214 quia
879 3100 904 3163 C
919 3143 1028 3198 numine
1054 3151 1108 3209 tue,
1131 3146 1189 3200 sire
1213 3146 1331 3211 Domini,
1353 3148 1409 3204 sire
1429 3150 1500 3218 iesu,
1525 3154 1583 3211 sive
1604 3157 1712 3226 Christi,

62 3236 179 3291 meliora
189 3235 343 3288 suntubera
354 3241 397 3287 tua
406 3233 481 3288 vino.
501 3231 863 3301 »Dulcieraadsugemlum,
918 3232 1045 3288 contiuuo
1060 3233 1160 3287 auditui
1182 3249 1242 3289 meu
1264 3235 1356 3289 datum
1379 3242 1418 3291 cst
1433 3241 1561 3309 gaudium
1583 3252 1607 3299 et
1622 3246 1715 3303 laetitia

63 3321 865 3395 potentioraadlaetificandum,facilioraarlinehriaudum;
920 3322 1008 3389 (Paul.
1032 3328 1068 3377 al.
1086 3320 1155 3389 Quia
1176 3338 1241 3377 mon
1256 3331 1285 3377 ut
1303 3340 1403 3379 nomen
1422 3329 1542 3384 senuerit
1557 3331 1584 3385 in
1609 3336 1715 3406 auditu,

63 3414 98 3468 iis
111 3411 235 3468 enutrita
250 3427 308 3465 sum
319 3411 353 3465 ad
368 3410 488 3466 osculum
501 3411 720 3477 desiderandum,
734 3409 865 3464 inebriata
919 3411 1080 3481 mysterium
1096 3410 1175 3464 etiam
1192 3411 1309 3466 nominis
1325 3412 1436 3484 effulget
1452 3417 1478 3470 in
1493 3421 1584 3485 corde,
1597 3437 1674 3480 amer
1688 3425 1716 3480 in

65 3501 101 3556 ad
128 3499 362 3573 praesumendum.
379 3500 507 3568 Quandiu
523 3502 593 3554 enim
604 3500 648 3554 hic
661 3499 770 3565 vivitur,
783 3513 866 3568 qum·
919 3499 1027 3564 affectu,
1039 3515 1191 3570 suggerens
1203 3500 1235 3553 ad
1248 3502 1391 3556 llensinum
1408 3504 1535 3561 devotam
1547 3513 1714 3583 servitutem,

64 3590 113 3646 diu
131 3589 176 3645 nic
207 3587 355 3657 laboratur,
377 3603 545 3658 quaecunque
564 3587 757 3642 charismatum
779 3587 863 3652 doira,
920 3588 953 3643 ad
969 3587 1148 3655 Salvaturem,
1165 3590 1237 3660 qued
1252 3599 1326 3645 senat
1342 3592 1431 3659 lesus,
1448 3595 1573 3664 pietatem
1589 3608 1615 3655 at
1637 3616 1716 3659 amu-

66 3694 237 3753 quaecuuque
251 3677 469 3733 consolationum
490 3691 593 3747 genera
611 3676 673 3729 liliis
694 3675 786 3747 gralia
814 3674 866 3728 de·
920 3693 988 3740 rem,
1001 3675 1037 3730 ad
1052 3676 1186 3731 Christum
1202 3694 1306 3750 regem,
1321 3680 1507 3739 obedientiam
1532 3702 1563 3742 ac
1577 3689 1712 3749 timorem.

64 3764 390 3836 nantur,ingratia1um
418 3764 619 3829 distributione,
643 3765 670 3817 in
698 3763 866 3834 profectuum
920 3765 1105 3828 lleritoenim‚
1119 3766 1315 3836 Dumiuelesu,
1327 3769 1437 3826 inomni
1452 3774 1562 3831 nomine
1577 3785 1621 3833 tuo
1634 3796 1714 3839 uinus

67 3864 203 3928 Pi0l0¹¹¹⁰
224 3854 266 3909 iel
286 3854 416 3908 Vilfflium
426 3868 569 3919 succe-⁸⁸1¹,
585 3854 613 3906 1¹¹
622 3852 813 3923 splessdfflibsss
827 3851 866 3905 di·
920 3879 994 3933 genu
1008 3862 1135 3927 llectitur,
1152 3862 1311 3931 caelestium,
1327 3869 1493 3924 terrestrium
1510 3880 1536 3927 et
1551 3873 1715 3934 internorum

65 3947 138 4001 sinae
153 3943 373 4008 illuminationis,
390 3943 419 3995 in
433 3940 571 3996 affectibus
581 3940 865 4012 pimeompuuctionis,
922 3962 1056 4033 (ppgppp.
1078 3965 1108 4027 n)
1121 3979 1127 4021 ;
1142 3961 1205 4032 quja
1219 3962 1293 4017 nullo
1303 3964 1412 4019 nomine
1428 3968 1587 4040 nominaris,
1600 3973 1650 4028 nisi
1664 3976 1713 4031 ali·

67 4035 97 4090 in
112 4032 273 4090 excessibus
287 4031 388 4085 divina>
401 4030 646 4099 contemplationis,
664 4034 796 4085 osterna
811 4029 866 4083 Sa·

66 4133 182 4205 pientia,
204 4129 290 4185 ubera
302 4137 347 4184 tua
370 4135 442 4193 sunt,
458 4126 602 4182 nutrientia
623 4135 743 4183 sanctam
765 4142 867 4198 parvu-

67 4228 158 4285 lorum
173 4234 280 4281 tuorum
293 4224 445 4288 infantium,
466 4231 491 4278 et
510 4222 636 4278 testantia
649 4240 734 4294 usque
749 4222 782 4276 ud
798 4238 866 4277 cen-

67 4315 278 4374 summationem
300 4312 392 4368 saeculi
412 4320 482 4367 tuam
499 4312 536 4366 eis
552 4327 604 4366 non
624 4313 721 4367 deesse
746 4328 869 4383 praesen-

68 4418 145 4472 tiam,
164 4414 244 4469 ausit
264 4420 354 4467 autam
370 4410 442 4466 utin
465 4413 588 4481 tempore
614 4426 672 4476 suo,
690 4411 718 4464 in
746 4415 866 4482 tempore

67 4501 238 4577 beneplaciti
260 4501 308 4567 tui,
327 4514 375 4555 ora
400 4515 493 4554 eorum
519 4498 632 4571 indigna
655 4507 812 4569 reputentur
832 4501 867 4555 ad

67 4601 246 4660 osculandum
266 4613 298 4654 os
319 4601 396 4652 tuum
411 4597 437 4651 in
459 4598 655 4667 plenitudinem
679 4598 808 4666 perlectae
823 4614 869 4653 co·

68 4699 201 4777 gnitionis
220 4707 282 4764 tuae,
299 4697 396 4768 quibus
411 4698 438 4751 in
454 4704 574 4768 tempore
588 4697 729 4769 patientie
743 4713 776 4753 ac
790 4698 871 4753 susti·

68 4798 170 4855 nentiae
184 4812 242 4851 suae
253 4811 301 4866 per
322 4795 414 4849 media
429 4793 513 4849 ubera
527 4796 585 4850 haec
595 4795 747 4851 lactandum
764 4796 872 4865 praebes

68 4903 164 4968 pectus
178 4900 255 4947 tuum
269 4891 295 4945 in
314 4891 510 4946 nutrimentum
531 4891 684 4961 spiritualis
698 4892 820 4948 scientim
845 4900 872 4948 et

68 4984 228 5057 proiectum
243 4979 420 5052 perfectiouis
444 4988 497 5036 tuae
509 4988 515 5035 t
527 4981 597 5034 Nam
618 4987 645 5035 et
665 4979 689 5035 si
708 4980 871 5036 virulentum

69 5080 179 5153 aliquid
193 5077 340 5149 aliquando
356 5075 465 5131 aliunde
485 5084 625 5142 sirrcrunt,
643 5093 755 5132 necesse
768 5086 810 5133 est
824 5094 871 5133 sa·

69 5179 133 5235 uari
145 5193 178 5234 ea
191 5191 224 5232 ac
237 5174 363 5230 mundari
378 5174 412 5229 ad
426 5182 579 5230 contactum
600 5191 738 5230 sacrarum
756 5177 872 5232 uberum

68 5277 180 5340 horum,
197 5280 225 5329 et
238 5272 364 5329 uirtutem
375 5278 403 5329 at
417 5273 529 5330 odorem
549 5274 699 5330 salubrium
714 5283 871 5347 unguento·

69 5381 131 5421 rum
153 5367 270 5419 tuorum.

106 5462 176 5521 Cum
197 5476 265 5537 ergo
279 5478 294 5517 a
308 5461 423 5535 perenni
432 5461 480 5518 illa
487 5476 520 5518 ae
533 5460 615 5519 beata
629 5459 823 5534 conjunctione
843 5466 872 5523 el

107 5586 185 5663 (lto)
198 5584 232 5646 ld
245 5592 298 5661 sat,
312 5586 390 5661 quast
401 5586 573 5646 ntishstum
581 5590 653 5645 sust
665 5582 704 5645 al·

921 4074 977 4130 qua
994 4058 1026 4112 ad
1043 4074 1091 4112 nus
1105 4059 1235 4115 relatione
1252 4077 1320 4117 :nce
1340 4063 1394 4118 ulla
1414 4073 1454 4120 cst
1465 4066 1579 4138 alicujus
1601 4073 1719 4130 nominis

922 4156 961 4210 tui
976 4155 1080 4223 relatio,
1102 4173 1162 4226 qum
1179 4173 1234 4212 non
1253 4160 1288 4213 sit
1307 4159 1396 4230 aliqua
1412 4162 1529 4233 alicujus
1546 4167 1609 4223 boni
1631 4172 1668 4226 tui
1683 4173 1719 4228 ad

922 4268 972 4306 uos
990 4252 1098 4319 delatio,
1116 4255 1180 4324 quia
1193 4256 1325 4312 Dominus
1340 4258 1487 4315 dominaris
1509 4262 1715 4337 benefaciendo,

922 4353 1002 4408 lesus
1026 4351 1123 4417 salvas,
1139 4352 1268 4418 Christus,
1280 4353 1306 4408 id
1322 4362 1363 4409 est
1384 4365 1480 4412 unctus
1497 4374 1546 4413 rex
1562 4360 1604 4415 vel
1625 4378 1719 4418 sacer-

881 4458 907 4519 Β
924 4449 982 4513 dos,
997 4449 1123 4521 regissel
1140 4451 1304 4519 propitiaris.
1326 4452 1394 4506 Nam
1411 4462 1436 4508 et
1446 4455 1491 4508 illa
1500 4455 1595 4511 relatio
1611 4458 1669 4513 Filii
1682 4462 1717 4515 ad

924 4549 1107 4618 Patremque
1134 4547 1338 4617 praedestinatus
1354 4558 1381 4605 et
1405 4551 1492 4606 laetus
1514 4569 1543 4607 es
1563 4554 1646 4610 Filius
1670 4557 1719 4614 llei

923 4645 951 4701 ia
967 4645 1073 4712 virtute,
1089 4654 1220 4701 neverunt
1237 4647 1282 4718 qui
1306 4647 1333 4701 in
1359 4649 1458 4720 Spiritu
1483 4662 1575 4708 saneto
1601 4653 1721 4713 clamare

925 4743 1099 4798 didicerunt:
1119 4768 1129 4793 a
1147 4743 1235 4810 Abba,
1252 4745 1345 4813 Pater;
1363 4770 1374 4795 r
1392 4747 1493 4819 quique
1508 4767 1557 4820 per
1569 4752 1720 4826 hoeipsum

925 4831 994 4887 lilios
1010 4832 1058 4886 Dei
1076 4832 1223 4902 fratresque
1240 4839 1301 4889 tuos
1316 4852 1346 4890 sc
1362 4835 1449 4891 lactes
1463 4837 1625 4912 intelligunt,
1643 4844 1720 4913 cujus

926 4927 953 4975 et
976 4928 1075 4992 quanta
1096 4921 1174 4975 nobis
1199 4920 1268 4977 laeta
1287 4924 1321 4977 sit
1343 4924 1394 4979 olei
1420 4925 1532 4982 eliusiu:
1549 4929 1593 5000 qui
1618 4931 1647 4988 in
1669 4934 1721 4991 boc

926 5009 1014 5080 ipsum
1028 5023 1077 5063 nos
1097 5009 1244 5077 rartamtsri,
1263 5028 1278 5067 o
1294 5011 1388 5067 Frater
1405 5014 1484 5082 bone,
1508 5018 1553 5089 qui
1574 5019 1626 5074 nisi
1646 5021 1721 5077 redi·

925 5115 1024 5162 meres,
1040 5114 1094 5152 nan
1108 5099 1253 5154 redimeret
1264 5101 1354 5170 herne,
1371 5119 1424 5158 uon
1434 5105 1559 5178 angelus,
1571 5123 1624 5164 uun
1640 5126 1721 5166 erea-

926 5195 985 5243 tura
999 5187 1099 5258 aliqua.
1126 5188 1245 5243 Veniens
1260 5191 1360 5261 quippe
1385 5192 1468 5249 Filius
1490 5196 1583 5251 unicus
1607 5199 1720 5256 noluisti

926 5302 985 5340 esse
1000 5303 1070 5341 unus
1085 5301 1091 5356 ;
1108 5287 1157 5342 sed
1172 5288 1272 5343 multus
1297 5289 1368 5345 lilios
1391 5291 1527 5347 adduxisti
1543 5294 1569 5349 in
1594 5295 1721 5369 gloriam,

927 5400 995 5455 quos
1007 5401 1062 5439 nen
1077 5384 1253 5441 contunderis
1263 5382 1360 5442 iratres
1372 5404 1479 5460 vocare,
1490 5391 1586 5449 dicens
1599 5408 1629 5449 :i
1646 5394 1721 5452 Nun·

925 5481 1000 5541 tiabo
1015 5498 1114 5541 noman
1128 5490 1204 5540 tuum
1219 5485 1348 5544 liatn‘bus
1363 5488 1431 5546 mais
1447 5487 1544 5560 (Hchr.
1556 5491 1613 5563 ul..
