3728 6000
99 159 172 221 {0⁷⁹
796 144 941 223 EUGENII
961 142 999 204 111
1017 142 1122 203 PAPAE
1738 140 1808 201 {mo

99 275 926 352 sumus‚easapravorumhominumnequitiatueamur,
942 273 967 331 a
1016 269 1264 340 subscripserunt
1277 268 1415 329 undecim
1430 270 1613 329 comitales.

98 365 928 446 etapostolicaesedispatrociniomuniamusllapropter,
1017 363 1126 418 Datum
1138 359 1273 417 Laterani
1293 375 1346 433 per
1359 374 1485 417 manum
1496 358 1614 417 liuberti
1629 361 1744 417 sancire
1759 360 1812 415 llo·

99 461 200 521 dilecti
212 460 243 517 in
252 458 377 517 domino
385 457 564 525 lilii,vestris
575 455 663 528 justis
675 453 929 529 postulationibus
983 465 1081 507 manse
1101 449 1237 507 Ecclesiae
1256 448 1422 522 presbyteri
1445 447 1607 507 cardinalis
1622 452 1651 506 et
1676 446 1810 513 cancell,

100 552 260 611 elementer
279 547 454 616 annuimus,
468 550 497 602 el
513 544 669 618 prrelatam
690 545 770 602 Beati
791 543 864 600 Petri
883 557 930 600 aa·
982 555 1012 596 ur
1039 537 1104 596 llal.
1129 538 1273 605 ianuarii,
1299 538 1463 597 indictione
1491 554 1563 606 vrru,
1596 536 1810 595 incarnationis

101 641 233 708 alesiam,
254 639 285 696 in
300 652 362 712 qua
379 636 483 693 divino
503 635 666 708 mancipati
684 635 756 692 estis
770 632 929 706 obsequio,
984 628 1146 686 Dominicae
1159 643 1239 685 anno
1256 627 1336 694 tlte,
1350 627 1542 700 pontificatus
1553 643 1625 685 vero
1639 625 1748 685 domni
1761 628 1810 684 Bu·

102 729 161 787 sub
173 727 309 802 ejusdem
322 724 530 798 apostolorum
546 722 691 796 principis
706 727 735 780 et
745 727 849 780 nostra
859 735 930 795 pro·
985 717 1062 790 genii
1080 719 1132 774 PP.
1151 717 1186 773 tlt
1199 731 1280 774 anno
1295 717 1404 790 primo.

102 819 229 877 lectione
243 813 440 886 suscipimus,
454 811 650 885 etprsesentis
662 811 762 885 scripti
774 809 932 884 privilegio
1021 807 1182 865 Plantam
1193 806 1357 879 adpendet:
1373 809 1507 865 Eucaerus
1516 807 1572 864 BP.
1589 808 1638 865 ill.

102 899 933 974 communimus,statuentesutquascunquepossessio·
1354 915 1443 972 qum,

103 1010 170 1062 nes,
189 1004 378 1066 quaecunque
399 988 482 1046 bona
504 989 535 1046 in
560 989 789 1062 presentiarum
807 988 887 1060 iuste
905 992 933 1043 et
986 1003 1180 1077 privglgqium
1204 1019 1260 1075 pro
1277 1004 1456 1062 mommio
1474 1003 1505 1061 g,
1525 1003 1633 1062 Marc,
1644 1000 1810 1074 Smin.

34 1094 44 1107 ‘
104 1082 250 1142 canonice
277 1077 447 1154 possidetis,
461 1084 512 1135 aut
535 1078 566 1134 in
586 1076 719 1136 futurum
738 1077 933 1135 concessione
1337 1076 1465 1134 lucensi.

104 1170 293 1248 pontificum,
312 1166 490 1226 liberalitate
508 1182 625 1239 regum,
644 1166 805 1241 largitione
823 1165 935 1239 princi·
1218 1165 1316 1238 (Anno
1338 1165 1416 1232 tren,
1436 1167 1504 1222 Bac.
1525 1164 1584 1237 at.)
1856 1228 1859 1237 1

104 1277 191 1338 pum,
210 1258 362 1318 oblatione
379 1256 523 1322 fidelium,
547 1271 600 1314 seu
620 1256 688 1314 aliis
707 1256 796 1330 justis
823 1253 934 1320 modis,
1043 1254 1198 1330 [Gaurana.
1215 1254 1286 1312 dod.
1303 1253 1761 1326 otpt.ntes.ltesett.,t.2ot.1
1857 1262 1860 1297 ῑ

104 1354 269 1426 prestante
288 1346 426 1412 Domino,
441 1345 574 1419 poteritis
594 1345 730 1419 adipisci,
746 1345 833 1403 firma
848 1340 934 1402 vobis
1023 1342 1811 1417 Buesumsspiscopus‚servusservorumBei,dilectis
1858 1406 1861 1411 ,

104 1438 274 1512 vestrisque
282 1435 509 1494 successorihus
518 1441 547 1493 et
556 1434 670 1493 illibata
682 1438 889 1509 permaneant.
904 1435 935 1490 tn
989 1433 1813 1506 dliistlrcarnoo'abbatiecclesiseSanctmllarireSprene·
1860 1462 1863 1503 3

106 1529 220 1605 quibus
240 1529 304 1585 hsec
319 1525 450 1600 propriis
465 1524 609 1582 duximus
629 1524 828 1599 exprimenda
847 1537 936 1581 voca·
989 1524 1220 1582 lrersbachensis
1239 1524 1365 1598 ejusque
1384 1523 1524 1582 iratribus
1541 1528 1603 1580 tam
1618 1519 1812 1597 praesentibus

106 1618 201 1679 bulis:
224 1615 387 1675 Ecclesiam
414 1614 515 1689 ipsam
537 1614 615 1672 Beati
640 1615 713 1672 Petri
742 1615 935 1688 Batisponen.
951 1633 977 1694 Β
991 1630 1085 1688 qnam
1097 1613 1213 1682 tuturis,
1223 1614 1391 1686 regularem
1403 1614 1494 1671 vitam
1505 1612 1660 1686 protessis,
1670 1612 1705 1669 in
1715 1625 1813 1685 perpe·

108 1725 178 1769 cum
190 1706 334 1767 omnibus
348 1703 596 1778 possessionibus
611 1709 640 1762 et
658 1703 848 1778 appendiciis
863 1703 936 1772 suis,
992 1708 1089 1763 tunm.

107 1803 222 1856 curtem
233 1795 270 1852 de
283 1794 438 1865 (iislingan
453 1809 523 1851 oum
533 1794 677 1852 omnibns
692 1792 938 1866 possessionibus
1028 1792 1176 1862 Quoniam
1187 1793 1251 1851 sine
1260 1807 1337 1850 verae
1346 1791 1427 1849 cultu
1434 1790 1585 1864 religionis
1597 1806 1654 1849 nec
1668 1789 1816 1849 charitatis

107 1881 939 1960 elappendiciissuis,domosvestrasclaustrales,areas
992 1885 1091 1942 unitas
1104 1888 1200 1956 potest
1215 1881 1379 1939 subsistere
1398 1897 1453 1938 nec
1474 1884 1533 1938 Beo
1552 1886 1671 1954 gratum
1688 1879 1817 1939 exhiberi

108 1976 270 2037 domorum
288 1973 320 2030 in
345 1971 464 2029 civitate
483 1971 648 2045 itatispona
673 1971 759 2041 sitas,
779 1971 939 2030 ecclesiam
993 1971 1471 2047 servitium,cxpeditapostolicae
1483 1971 1653 2028 auctoritati
1667 1969 1819 2043 religiosas

109 2064 301 2132 illinchoven,
330 2061 487 2120 ecclesiam
518 2061 753 2128 hovechirchen,
780 2060 939 2118 ecclesiam
993 2078 1138 2138 personas
1152 2062 1273 2133 diligere
1288 2066 1317 2119 et
1330 2077 1434 2119 earum
1450 2059 1553 2134 quieti,
1572 2059 1740 2120 auxiliante
1755 2062 1820 2129 Bes,

110 2153 341 2223 wacheringer,
369 2149 527 2209 ecclesiam
564 2150 751 2221 Pialenberg,
782 2150 940 2208 ecclesiam
992 2151 1160 2227 providere.
1171 2154 1345 2225 Bapropter,
1354 2150 1453 2208 dilecti
1462 2152 1493 2208 in
1505 2150 1633 2209 homino
1644 2150 1711 2221 tilii,
1721 2147 1822 2207 vestris

110 2243 317 2308 ilitinchoven,
344 2240 499 2297 ecclesiam
528 2239 757 2310 pfolenchoven,
781 2238 939 2296 ecclesiam
991 2243 1081 2318 justis
1096 2240 1348 2315 postulationibus
1362 2240 1524 2298 clementer
1533 2240 1700 2298 annuimus
1715 2242 1745 2297 et
1758 2238 1822 2296 bea·

111 2331 273 2399 hirendnri,
290 2330 448 2389 ecclesiam
470 2329 669 2402 leuchingen,
683 2330 841 2387 ecclesiam
855 2331 940 2387 Pun-
994 2336 1056 2390 lam
1071 2331 1166 2389 beatas
1187 2329 1236 2386 Bel
1253 2330 1401 2402 genitricis
1416 2335 1507 2404 atque
1526 2329 1651 2403 virginis
1666 2328 1769 2387 llario
1781 2342 1824 2385 ec·

110 2422 277 2489 nechoven,
296 2418 456 2477 ecclesiam
480 2417 649 2487 otelthaim,
670 2419 828 2476 ecclesiam
857 2419 943 2476 Chir·
995 2416 1825 2494 alesiam,inquadivinomancipatiestisobsequio,sub

111 2507 447 2587 phinholze,ecclesiam
458 2507 682 2577 Bazenhcovcn,
691 2508 840 2567 decimam
852 2509 942 2567 Wim·
994 2510 1074 2570 beati
1085 2510 1161 2567 Petri
1175 2514 1204 2568 ct
1214 2515 1317 2569 nostra
1329 2511 1511 2584 protectione
1521 2509 1703 2584 suscipimus
1711 2512 1742 2567 et
1752 2522 1826 2582 pro·

112 2601 224 2674 lingon,
234 2598 384 2657 decimam
397 2598 580 2669 samtingen,
590 2596 939 2668 decimasinToenkova
996 2601 1087 2658 sentis
1103 2599 1203 2672 scripti
1222 2598 1377 2672 privilegio
1404 2600 1637 2657 communimus.
1666 2601 1700 2656 ln
1723 2597 1827 2672 primis

111 2688 246 2749 decimas
269 2687 301 2744 in
324 2686 493 2754 Norlrouue,
510 2688 657 2758 praedium
672 2689 755 2762 quod
774 2689 892 2747 habetis
911 2691 941 2748 in
996 2688 1145 2765 siquidem
1161 2693 1323 2747 statuentes
1344 2696 1375 2746 ut
1389 2689 1463 2746 ordo
1478 2688 1642 2747 canonicus
1657 2686 1827 2745 secundum

111 2778 182 2839 silla
192 2793 261 2853 quse
271 2776 379 2834 dicitur
393 2776 509 2842 holzen.
520 2776 668 2850 praedium
681 2777 765 2850 quod
776 2777 897 2836 habetis
910 2780 942 2836 in
995 2780 1076 2840 beati
1088 2777 1244 2850 Augustini
1260 2777 1403 2850 lingulam
1416 2776 1568 2851 perpetuis
1581 2777 1623 2834 ibi
1638 2776 1828 2851 temporibus

113 2868 184 2927 villa
192 2883 261 2943 quae
270 2865 381 2924 dicitnr
392 2865 631 2934 heitemchoven,
644 2866 792 2940 praedium
802 2868 943 2940 quodha·
996 2868 1206 2927 inviolabiliter
1226 2872 1429 2925 conservetur.
1455 2869 1657 2940 Quaecunque
1680 2870 1829 2941 praeterea

112 2958 191 3018 belis
206 2957 237 3014 in
258 2955 324 3013 villa
341 2970 409 3028 qum
424 2952 531 3011 dicitur
544 2955 671 3020 suasae,
687 2970 830 3014 mansum
849 2972 942 3030 quem
960 2983 980 3042 ο
997 2954 1831 3034 possessiones,quaecunqueboneinpraesentiarumjne-

113 3045 233 3108 habetis
244 3044 276 3103 in
289 3043 360 3101 vitta
372 3059 440 3118 quae
450 3042 557 3100 dicitur
571 3043 806 3117 Talmezzingeu.
822 3045 867 3103 Ad
878 3046 944 3104 haeo
997 3051 1027 3105 te
1039 3045 1218 3105 elcanonice
1229 3045 1390 3119 possidetis
1397 3042 1830 3105 autiniuturumconcessione

114 3134 288 3209 adjicientes
307 3132 466 3191 statuimus
481 3137 513 3189 ut
527 3133 601 3190 nulli
616 3134 675 3191 nisi
689 3133 822 3192 ecelesiae
838 3139 943 3193 vestrm
998 3134 1648 3211 pontificum,liberalitnteregum,largitione
1655 3133 1830 3208 principum

115 3220 945 3296 canonicisejusdemecclesiaarchidiaconatuumadmi·
998 3225 1149 3284 oblatione
1158 3223 1291 3281 fidetium
1304 3240 1357 3282 seu
1372 3225 1438 3282 aliis
1448 3225 1535 3297 iustis
1545 3223 1657 3292 modis,
1669 3227 1830 3297 praestante

114 3314 250 3373 nistratio
269 3312 481 3372 committatur.
503 3312 695 3370 Decernimns
719 3313 808 3386 igitur
827 3318 859 3372 ul
871 3315 945 3373 nulli
999 3314 1137 3381 Domino,
1156 3313 1290 3387 poteritis
1309 3313 1446 3387 adipisci,
1456 3314 1545 3371 firma
1559 3312 1646 3371 vobis
1660 3311 1831 3387 vestrisque

9 3448 11 3453 .
113 3403 239 3463 omnino
253 3402 412 3463 hominum
431 3400 519 3460 liceat
537 3401 698 3475 prelatum
713 3402 814 3461 locum
834 3408 945 3463 temere
998 3401 1831 3477 successoribusetillibatapermaneanttnquibushssc

114 3493 360 3569 perturbare‚aut
369 3491 650 3564 ejuspossessiones
662 3491 788 3558 auterre,
802 3492 848 3551 vel
859 3493 944 3552 abla-
999 3492 1268 3567 proprisduximus
1282 3489 1831 3567 exprimendavocabuliszttcctesiem

114 3583 305 3653 tasretinerc,
315 3581 459 3648 minuere,
473 3595 527 3637 seu
542 3579 727 3655 quibuslibet
738 3581 946 3642 vexationibus
998 3582 1097 3655 ipsam
1113 3584 1210 3639 Beatae
1225 3581 1322 3640 llarim
1345 3582 1470 3655 Virginis
1486 3579 1831 3656 sprenckersbachensis

114 3672 251 3745 latigare,
267 3670 320 3727 sed
343 3670 448 3727 omnia
466 3669 583 3740 integra
597 3683 810 3728 conserventur
828 3687 944 3740 eorum,
999 3687 1069 3728 cum
1084 3671 1328 3745 possessionibus
1343 3678 1372 3729 et
1386 3671 1529 3730 omnihus
1545 3669 1733 3744 pertinentiis
1748 3668 1829 3737 suis;

114 3758 565 3836 proquorumgubernationaet
575 3759 790 3816 sustentatione
800 3775 946 3821 concessa
999 3760 1156 3819 ecclesiam
1172 3763 1267 3819 neate
1280 3762 1377 3819 tlarire
1393 3778 1462 3836 quta
1477 3762 1534 3819 sita
1552 3766 1597 3818 est
1613 3759 1703 3832 juxta
1715 3759 1832 3817 ander·

115 3852 196 3920 sunt,
208 3846 502 3906 usibusomnimodis
513 3847 681 3921 protutura,
689 3851 773 3906 salva
785 3849 866 3907 sedis
874 3867 946 3924 apo·
999 3866 1126 3918 nacum;
1142 3851 1300 3909 ecclesiam
1312 3852 1390 3908 Beati
1402 3850 1513 3909 Nicolai
1522 3850 1560 3907 de
1572 3849 1677 3908 Insula
1684 3848 1739 3922 qui
1747 3848 1830 3909 locas

116 3937 425 4002 stolicreauctoritate,
436 3936 640 3995 etdioecesani
651 3937 785 4014 episcopi
799 3943 946 4001 canonica
999 3941 1073 3998 situs
1090 3955 1181 4014 super
1195 3940 1295 4016 ripam
1313 3941 1457 4009 tlosellae3
1473 3941 1631 4000 ecclesiam
1645 3939 1685 3998 de
1704 3941 1832 4012 lleyme·

114 4026 230 4101 justitia
245 4032 274 4084 et
288 4026 465 4085 reverentia.
999 4034 1062 4086 tam
1073 4030 1197 4087 sitamin
1211 4034 1312 4087 monte
1322 4031 1374 4104 qui
1385 4031 1630 4088 diciturcsstrum
1645 4026 1833 4097 iterimsicut

152 4115 184 4174 si
202 4131 264 4190 qua
286 4114 377 4186 igitur
390 4115 421 4173 in
447 4114 581 4173 futurum
600 4116 803 4176 ecclesiastica
821 4119 946 4179 secula·
999 4118 1139 4177 eamdem
1151 4117 1754 4190 vohisvenernbilislraternosterhlbero
1767 4119 1833 4176 'l're-

115 4204 194 4264 risve
204 4203 553 4278 personahnjusnostres
567 4204 789 4265 constitutionis
801 4209 945 4281 paginam
998 4209 1132 4266 virorum
1151 4207 1397 4282 archiepiscopus
1411 4207 1627 4266 rationabiliter
1641 4205 1794 4265 concessit
1804 4209 1834 4264 et

117 4293 226 4363 solens,
241 4297 346 4351 contra
359 4308 427 4352 eam
442 4293 544 4351 venire
557 4298 724 4364 tentaverit,
741 4298 876 4355 secundo
891 4303 946 4356 ter·
999 4297 1082 4357 dedit
1095 4302 1126 4356 et
1139 4297 1239 4371 scripti
1256 4298 1300 4354 sui
1315 4299 1426 4372 pagina
1444 4296 1655 4366 confirmavit;
1669 4295 1833 4354 ecclesiam

117 4381 194 4441 tiore
204 4380 398 4450 commonita,
411 4383 436 4440 si
450 4399 511 4441 non
524 4387 640 4441 reatum
650 4400 741 4442 snum
751 4401 886 4458 congrua
900 4403 946 4446 sa·
999 4403 1068 4461 qum
1080 4387 1138 4445 sita
1150 4387 1234 4444 estin
1247 4387 1324 4445 valle
1334 4390 1494 4462 hlartyrum
1504 4402 1574 4444 cum
1585 4384 1833 4459 possessionibus

116 4469 283 4529 tisiactione
308 4472 477 4537 correxerit,
503 4473 660 4545 potestatis
686 4473 870 4549 honorisque
899 4475 946 4534 sui
999 4476 1374 4550 etomnibuspertinentiis
1389 4477 1460 4534 suis.
1476 4475 1834 4535 Saneleborumveetro·

116 4557 260 4631 dignitate
274 4563 383 4625 careat,
391 4575 534 4634 reamque
541 4576 572 4618 se
582 4560 685 4620 divino
697 4561 811 4635 jndicio
821 4564 946 4622 existere
999 4580 1068 4623 rum
1077 4581 1155 4639 quos
1168 4567 1296 4638 propriis
1316 4565 1456 4623 manibus
1471 4570 1523 4624 aut
1536 4565 1710 4640 sumptibus
1724 4563 1832 4630 colitis,

116 4648 155 4707 de
168 4653 339 4722 perpetrata
357 4648 513 4722 iniquitate
527 4655 704 4723 cognoscat,
724 4656 753 4710 et
771 4667 791 4710 a
807 4654 945 4711 sacratis·
1000 4655 1062 4712 sive
1081 4654 1118 4711 de
1138 4655 1327 4713 nutrimentis
1351 4655 1528 4714 animalium
1543 4659 1712 4713 vestrorum
1731 4652 1833 4711 nullus

116 4738 193 4796 simo
207 4752 333 4812 corpore
351 4742 380 4794 et
399 4739 546 4812 sanguine
566 4741 615 4797 Bai
639 4745 668 4798 et
681 4741 801 4799 Bomini
823 4741 946 4801 iisdem·
999 4745 1125 4802 omnino
1139 4743 1263 4802 clericus
1274 4745 1318 4802 vel
1329 4745 1425 4804 laicus
1437 4760 1456 4802 a
1469 4745 1555 4803 vobis
1566 4744 1701 4802 decimas
1713 4743 1833 4816 exigere

116 4826 668 4901 ptorisnostrilesuChristialienadat,
678 4830 946 4904 atqueincxtremo
999 4837 1173 4907 praesumat.
1184 4834 1376 4908 sepulturam
1389 4850 1512 4910 quoque
1524 4834 1619 4908 ipsius
1634 4833 1692 4892 laci
1704 4833 1832 4891 liberem

116 4914 254 4975 examine
265 4915 405 4974 districtae
421 4915 523 4974 ultioni
537 4918 700 4990 subjaceat.
712 4920 831 4977 cunctis
846 4926 946 4979 autem
1000 4937 1066 4980 esse
1080 4920 1281 4991 decernimus,
1298 4927 1330 4980 ut
1344 4938 1449 4981 eorum
1462 4922 1516 4997 qui
1530 4937 1563 4979 se
1576 4920 1636 4979 illic
1649 4920 1770 4994 sepeliri
1785 4920 1834 4979 de-

117 5003 216 5064 cidam
235 5004 302 5063 loco
324 5019 380 5061 sua
397 5004 467 5077 iura
481 5007 674 5066 servantibus
694 5008 731 5065 sit
752 5022 812 5081 pax
830 5010 947 5068 Bomini
1001 5010 1190 5068 liberaverint
1208 5011 1361 5069 devotioni
1389 5018 1417 5069 et
1440 5018 1579 5069 extremae
1607 5010 1753 5069 voluntati
1775 5005 1835 5067 nisi

116 5093 211 5152 nostri
225 5091 295 5150 lesu
308 5092 424 5159 Christi,
445 5097 594 5166 quatenus
606 5102 634 5152 et
648 5095 696 5152 hic
708 5095 839 5153 iruotum
859 5097 947 5156 bones
1000 5098 1075 5157 torte
1098 5100 1352 5159 excommunicati
1371 5101 1431 5159 sint
1457 5100 1559 5159 nullus
1579 5099 1719 5168 obsistat,
1747 5097 1834 5158 salva

118 5181 227 5243 actioni
258 5181 434 5256 percipiant,
463 5188 493 5241 et
516 5183 599 5260 apud
624 5183 792 5241 districtum
815 5184 946 5256 jndicem
999 5187 1115 5260 iustitia
1129 5189 1232 5246 matris
1248 5189 1398 5249 Ecclesia.
1425 5189 1621 5248 Prohibemns
1648 5191 1778 5265 insuper
1804 5194 1835 5250 ut

116 5271 243 5344 praemla
269 5277 388 5330 earne
410 5272 494 5346 pacis
521 5273 686 5331 inveniant.
715 5279 817 5342 amen,
846 5291 946 5345 amen,
1000 5277 1102 5335 nudus
1116 5277 1229 5352 absque
1242 5279 1397 5337 communi
1408 5279 1533 5336 iratrum
1543 5294 1697 5338 consensu
1707 5281 1834 5357 aliquod

119 5373 221 5418 amen.
1001 5366 1125 5425 ieodum
1136 5367 1174 5425 de
1186 5369 1293 5426 eadem
1303 5368 1429 5426 ecclesia
1444 5366 1492 5425 vel
1503 5368 1601 5441 ipsius
1622 5368 1682 5426 toci
1700 5371 1835 5431 advoca-

154 5449 215 5520 Bgc
227 5450 378 5522 Eugenius
387 5450 685 5511 catholioeecclesie
697 5451 859 5528 episcopus
868 5472 909 5512 ss.
1001 5457 1074 5515 tiam
1086 5457 1233 5531 suscipiat
1242 5473 1297 5516 neo
1305 5464 1476 5533 susceptam
1484 5472 1538 5533 per
1547 5459 1771 5521 successionem
1780 5461 1835 5522 sti·
