3728 6000
95 187 126 243 dl
539 187 724 243 beniamin
743 187 774 244 S.
796 187 941 244 uitandi
959 187 1109 244 Touunc.
1130 189 1276 245 AllssleS
1708 190 1743 245 92

99 311 224 383 quaesibi
239 312 412 368 deferebatur
425 313 565 386 pecuniam
577 313 718 384 egentibus
743 321 768 368 et
783 328 895 384 oppres·
910 311 938 374 A
987 317 1036 373 ott.
1046 315 1114 369 Nam
1127 331 1187 371 cnm
1199 330 1294 369 omnes
1308 328 1402 369 secum
1419 312 1478 368 vult
1491 312 1523 367 ad
1540 313 1626 368 Deum
1642 318 1747 384 pertra-

98 402 139 455 sis
168 402 311 474 erogabat.
342 403 444 458 Omnes
460 411 548 458 tamen
565 402 598 457 ad
621 403 826 458 couversionem
845 417 893 457 re-

98 491 206 546 nientes
228 492 370 557 retinebat,
396 492 557 546 sententiam
582 491 689 547 Domini
718 491 815 545 imitari
835 499 893 545 stu-

99 578 167 634 dens
182 579 297 635 dicentis
310 599 315 634 :
326 585 354 636 ct
370 598 433 637 euru
445 583 492 654 qui
508 582 583 637 uenit
598 582 634 636 nd
649 597 692 637 me
710 598 765 636 riou
782 581 894 652 ejiciam

98 672 176 739 sores
189 671 279 738 (loen.
296 687 333 736 vr,
345 672 402 738 at).
421 672 529 725 Nullum
545 687 610 725 vero
630 678 775 741 ariteqnam
791 670 893 742 proba-

99 766 173 812 retur
191 759 310 828 recipere
328 759 445 828 volebat,
462 765 489 814 et
504 761 531 813 in
557 759 575 829 iq
587 776 616 813 sa
640 759 802 830 probatione
822 767 894 813 tanta

100 845 140 902 cis
154 861 240 902 onera
250 848 414 918 imponebat,
425 856 453 902 ιιι
467 864 562 903 omnes
590 848 761 919 antiquorum
790 848 893 919 proba·

99 933 189 990 tiones
199 937 331 992 excedere
346 937 490 992 videretur.
503 938 573 993 Nam
588 937 695 993 cuidam
711 937 833 992 converti
847 952 893 992 vo·

98 1021 163 1077 lenti
177 1026 308 1095 praecepit
323 1033 350 1080 nt
363 1042 459 1081 saxum
472 1042 594 1090 enorme,
604 1026 679 1096 qnod
696 1025 893 1097 rixapluribus

100 1113 658 1184 moveriposset,ultrnurbem'lornacum
677 1115 751 1171 solus
770 1115 891 1170 duceret.

102 1199 216 1256 Videres
231 1203 379 1268 leontinum,
395 1220 467 1260 nuric
485 1205 609 1260 brachiis
624 1220 656 1259 ac
671 1204 807 1267 menibus,
823 1218 894 1258 nunc

98 1294 157 1345 toto
173 1306 288 1362 corpore
303 1310 360 1347 sese
376 1309 443 1349 saxo
468 1294 531 1349 totis
548 1294 655 1348 viribus
683 1300 891 1363 supponentem,

99 1377 242 1449 rivumque
266 1381 374 1437 sudoris
401 1383 475 1437 omni
497 1399 529 1437 ex
557 1392 631 1453 parte
660 1382 837 1447 emittentem,
868 1390 894 1437 et

98 1483 150 1538 pro
166 1486 249 1540 posse
264 1470 446 1526 obedientiam
463 1470 709 1543 magistriimplere
734 1480 888 1527 conantem.

133 1557 205 1613 Aliis
219 1560 301 1615 etiam
314 1561 499 1631 praecipiebat,
528 1569 556 1614 ut
570 1561 661 1632 plnres
675 1561 734 1615 dies
753 1576 786 1615 ac
801 1570 894 1616 noctes

948 405 1023 470 bere,
1050 412 1151 459 tantam
1177 403 1378 458 multitudinem
1401 402 1546 458 mulierum
1575 417 1628 458 non
1658 401 1749 456 solnm

949 510 1109 564 pauperum,
1125 494 1173 548 sed
1188 502 1215 548 et
1229 493 1343 547 divitum
1359 492 1493 564 suscepit,
1507 499 1537 546 ut
1564 491 1603 546 eis
1619 505 1748 545 seorsum

949 583 1288 647 monasteriumnecesset,
1302 598 1352 637 nec
1366 582 1504 636 rideretur
1517 595 1594 651 posse
1609 578 1744 635 construi.

948 672 1132 742 Quamobrem
1153 671 1331 727 considerans
1358 671 1443 725 abbas
1471 670 1580 725 domum
1598 667 1744 738 lapideam,

949 779 1010 832 qum
1039 761 1176 832 quondam
1203 761 1292 815 litarat
1315 759 1436 831 praedicti
1466 757 1571 814 lladulli
1586 756 1691 821 militis,
1717 762 1746 810 et

949 867 1027 923 quam
1047 850 1071 905 ei
1086 849 1197 905 veniens
1212 849 1247 904 ad
1257 848 1464 905 conversionem
1476 849 1575 916 conjux
1585 847 1644 914 eius
1657 843 1745 900 dede-

949 948 999 1008 rat,
1029 955 1082 993 non
1108 955 1200 1008 parrae
1215 954 1274 994 esse
1289 937 1485 1008 amplitudinis,
1506 935 1639 991 distinctis
1654 933 1683 988 in
1709 947 1745 988 ea

948 1028 1109 1101 parietibus,
1147 1027 1304 1094 oratorium,
1336 1026 1518 1088 relectorium,
1554 1021 1746 1078 dormitorium

948 1117 1113 1188 conrposuit‚
1129 1125 1156 1171 et
1168 1131 1204 1171 ιι
1220 1117 1277 1171 lere
1291 1115 1420 1170 mulieres
1438 1128 1587 1170 conversas
1600 1111 1703 1166 ibidem
1711 1110 1749 1165 in·

949 1206 1074 1274 lromisit,
1089 1221 1265 1276 sororemque
1281 1219 1358 1259 suam
1374 1202 1619 1267 sanctimonialem,
1635 1199 1746 1257 nomine

948 1294 1150 1366 Erembnrgim,
1167 1293 1207 1348 eis
1222 1293 1371 1364 praeposuit
1387 1293 1454 1362 (ιι).
1469 1292 1542 1347 Inter
1555 1299 1667 1346 ceteras
1681 1302 1745 1343 vero

949 1383 1092 1449 mulieres,
1124 1383 1206 1437 etiam
1234 1381 1423 1438 blainsendcm
1447 1380 1584 1452 quondam
1610 1376 1747 1444 Radulpbi

947 1473 1094 1545 conjugem
1115 1471 1152 1526 ibi
1180 1487 1290 1526 innuere
1307 1471 1443 1542 praecepit,
1456 1477 1483 1524 et
1496 1468 1524 1522 in
1552 1467 1605 1523 alia
1620 1465 1746 1535 ejusdem

946 1562 1020 1617 urbis
1034 1569 1111 1632 parte
1131 1561 1244 1615 totidem
1255 1558 1431 1614 nibilominus
1442 1572 1590 1614 conversas
1617 1555 1669 1610 sub
1690 1553 1746 1609 alia

97 1647 149 1702 sub
178 1649 321 1705 stillicidiis
336 1651 480 1704 domorum
498 1649 676 1704 immobiliter
690 1659 891 1719 permanentes,
907 1670 934 1734 B
950 1651 1080 1724 magistra
1104 1649 1251 1705 constituit.
1276 1647 1441 1703 blainsendis
1461 1662 1527 1719 orgo
1553 1654 1614 1716 post
1641 1643 1745 1716 aliquot

96 1735 247 1807 pluviarum
263 1738 365 1792 imbres
377 1747 486 1793 ruentes
502 1737 683 1801 sustinerent;
706 1740 753 1792 sed
769 1739 893 1808 quamvis

98 1824 205 1880 sistam
221 1827 288 1881 dura
312 1836 337 1882 et
352 1826 535 1896 importabilia
551 1843 633 1881 onera
647 1827 807 1898 imponeret,
823 1828 893 1883 miro

99 1920 188 1968 tamen
205 1916 285 1970 modo
297 1916 382 1970 multo
397 1915 490 1986 plnres
505 1923 568 1971 tnnc
584 1915 617 1969 ad
632 1915 837 1971 conversionem
845 1933 893 1988 pro

96 2003 213 2058 ecclesia
241 2012 342 2068 nostro,
372 2012 425 2058 tam
446 2004 546 2059 milites
568 2020 648 2073 quarn
678 2004 782 2070 elerici,
800 2005 888 2060 verric-

98 2090 172 2157 bant,
189 2109 268 2162 quam
283 2093 365 2148 hodie
385 2094 479 2148 venire
495 2094 637 2148 videamus
652 2108 713 2148 curn
727 2093 783 2162 jam
806 2094 894 2148 nullus

20 2186 23 2191 '
98 2180 239 2250 probetur,
257 2180 311 2237 imo
325 2190 353 2236 ut
368 2184 459 2237 veniat
470 2181 560 2238 multis
581 2182 718 2237 blanditiis
733 2191 761 2237 et
774 2182 894 2254 promis·

101 2266 223 2323 sionibus
236 2269 416 2326 demulcetur.

135 2356 174 2411 Eo
190 2357 324 2428 siquidem
340 2367 460 2430 tempore
480 2361 558 2416 etiam
574 2377 607 2417 ex
621 2361 759 2417 canonicis
787 2360 893 2417 Sanctae

99 2443 190 2500 ilariae
205 2446 288 2517 aliqui
302 2447 403 2503 ibidem
415 2450 540 2504 conversi
566 2459 636 2517 sunt,
653 2450 769 2506 domnus
793 2450 895 2505 scilicet

99 2532 307 2607 Amandusqui
323 2535 445 2606 pluribus
458 2538 690 2608 annisprioratum
704 2538 893 2610 Aquicinonsis

100 2621 232 2677 Ecclesiae
242 2623 341 2688 tenuit,
358 2624 456 2680 deiude
465 2626 550 2681 abbas
561 2626 891 2692 Marcianiensiseliectus,

103 2710 248 2766 ecclesiam
275 2712 348 2766 illam
360 2730 429 2784 pene
450 2715 627 2780 destructam,
657 2723 708 2770 tam
731 2716 841 2771 interius
864 2715 893 2771 in

98 2796 240 2869 religione,
258 2816 339 2870 quam
356 2803 473 2858 exterius
488 2803 514 2857 in
530 2804 630 2858 divitiis
647 2804 813 2869 renovando,
831 2819 893 2860 cor-

2 2912 13 2929 ·
98 2887 176 2941 rexit.
186 2887 307 2944 Domuus
317 2889 398 2945 etiam
414 2891 579 2957 ll'ulbertus,
590 2892 635 2964 qui
650 2892 677 2946 in
706 2892 826 2948 Ecclesia
841 2908 893 2947 no·

98 2982 154 3031 stra
186 2977 264 3047 prior
279 2979 396 3033 existens
406 2989 467 3050 post
481 2981 578 3037 multos
604 2996 693 3036 annos
708 2981 736 3035 in
763 2982 892 3037 Camera-

85 3059 175 3121 'ceusi
203 3065 361 3137 episcopatu
387 3067 414 3122 in
430 3069 555 3125 caenobio
570 3070 615 3139 qui
630 3070 728 3125 dicitur
755 3072 832 3124 Mons
860 3072 890 3124 S.

100 3153 208 3208 Martini
223 3154 308 3210 abbas
324 3164 364 3211 est
378 3158 477 3224 t'actus,
493 3157 585 3229 ibique
605 3159 757 3214 defunctus.
773 3159 894 3213 Domnns

98 3240 181 3297 etiam
192 3241 361 3299 Gonstardus
377 3246 422 3315 qui
437 3246 527 3300 multis
542 3247 620 3302 arinis
636 3247 783 3318 prioratum
799 3247 895 3302 Eccle-

98 3329 148 3385 siae
163 3341 262 3389 nostrae
279 3333 504 3403 tonuit;domnus
518 3351 626 3407 qnoque
648 3335 808 3390 Bernninus.
840 3336 895 3390 llos

98 3433 164 3491 ergo
193 3430 309 3492 quotuor
331 3423 430 3478 divites
459 3425 548 3496 primo
563 3425 684 3490 clericos,
710 3432 804 3494 postea
829 3439 894 3479 vero

99 3524 233 3579 pauperes
249 3514 405 3578 monachos,
426 3511 447 3566 si
464 3514 602 3584 quomodo
628 3514 663 3568 ab
675 3513 772 3567 abbate
798 3512 893 3567 Odone

99 3596 204 3665 probati
220 3598 332 3666 inerint,
349 3600 451 3655 referre
467 3602 603 3665 audisses,
619 3600 663 3655 rix
679 3618 737 3672 prae
752 3601 892 3656 immensi-

98 3690 153 3738 tate
169 3684 266 3740 laetitiae
276 3687 358 3740 risum
371 3694 462 3742 tenere
477 3688 622 3759 potuisses,
640 3688 735 3743 sidens
759 3689 893 3760 siquidem

98 3785 146 3827 eos
160 3773 240 3827 nimis
255 3790 315 3830 csse
329 3777 470 3846 superbos,
479 3793 527 3846 per
543 3777 647 3847 aliquot
657 3778 715 3831 dies
732 3793 779 3832 eos
796 3794 893 3834 vaccas

88 3856 230 3935 mulgere,
247 3873 272 3918 et
287 3878 397 3919 caseum
414 3865 504 3921 lucere
519 3865 657 3934 praecepit,
667 3866 893 3937 sicqueprobatis

99 3951 279 4006 monasticum
295 3952 418 4007 habitum
447 3953 569 4009 tradidit.
592 3955 627 4009 Et
654 3955 801 4025 siquidem
830 3964 893 4011 tnnc

98 4035 196 4093 altaria
205 4040 323 4111 quaeipsi
337 4048 477 4097 tenuerant
491 4043 612 4112 recipere
626 4042 816 4109 voluissemus,
834 4044 891 4097 lor-

98 4125 167 4181 sitan
184 4144 268 4197 usque
281 4129 362 4185 bodie
378 4131 593 4186 ecclesianostra
615 4131 715 4187 exinde
730 4130 810 4187 ditior
832 4149 892 4187 esse

948 1739 1007 1794 dies
1022 1736 1183 1811 gravissima
1193 1737 1354 1808 egritudine
1369 1736 1508 1806 depressa,
1522 1733 1746 1801 ineademquou·

947 1827 1009 1883 darn
1024 1827 1106 1882 domo
1121 1842 1171 1880 sua
1185 1824 1284 1881 lectulo
1299 1824 1463 1882 decumbere
1481 1823 1597 1895 cogitur,
1625 1820 1745 1875 sentiens

946 1924 1035 1971 autern
1047 1932 1075 1970 se
1090 1913 1177 1986 magis
1192 1930 1224 1970 ac
1240 1914 1331 1987 magis
1342 1912 1498 1968 infirmitate
1508 1909 1629 1984 gravari,
1646 1923 1746 1980 aprae·

947 2004 1003 2060 lata
1017 2005 1146 2077 magistra
1161 2020 1209 2059 sua
1224 2003 1317 2059 domni
1333 2001 1439 2058 abbatis
1453 2016 1582 2073 germana
1608 1996 1743 2070 poposcit,

947 2103 977 2149 ιιι
1004 2110 1034 2149 se
1049 2093 1150 2150 laceret
1165 2092 1376 2149 communicari.
1400 2090 1475 2145 Tunc
1496 2104 1549 2160 pro
1562 2087 1675 2143 instanti
1700 2100 1746 2140 ne·

947 2183 1084 2245 cessitate,
1101 2182 1165 2255 quia
1181 2182 1278 2237 donans
1293 2180 1340 2235 illa
1369 2187 1474 2236 remota
1488 2183 1548 2234 erat
1568 2177 1603 2232 ab
1631 2173 1745 2232 ecclesia

948 2271 1040 2328 Sancti
1064 2271 1181 2334 ttnittni.
1205 2270 1341 2327 concessit
1356 2268 1473 2323 domnus
1487 2267 1571 2322 abbas
1592 2274 1622 2320 ut
1647 2280 1663 2320 a
1690 2279 1747 2335 pre

947 2362 1058 2433 sbytoro
1078 2359 1169 2417 Sancti
1187 2359 1263 2425 Picti,
1280 2359 1325 2428 qui
1348 2373 1434 2428 prope
1450 2356 1587 2421 manebat,
1618 2353 1744 2409 viaticum

948 2459 973 2504 et
1001 2448 1197 2504 absolutionem
1223 2454 1388 2519 egrotantes
1412 2461 1551 2501 conversae
1578 2443 1743 2513 acciperent.

949 2539 1085 2593 Mandatus
1101 2554 1168 2610 ergo
1177 2537 1296 2593 domnus
1304 2534 1425 2591 Hellinns
1432 2531 1743 2605 pr·esbyteramsgistra‚

948 2625 1173 2682 utlllninsendem
1202 2641 1263 2680 curn
1293 2623 1390 2679 viatico
1418 2622 1550 2688 risitaret,
1569 2618 1744 2676 libentissime

948 2714 1066 2782 advenit,
1083 2714 1147 2787 qnia
1161 2715 1187 2768 in
1204 2712 1326 2769 saeculari
1337 2710 1562 2782 ritaparochiaua
1577 2708 1637 2781 ejus
1645 2709 1742 2774 luerat,

948 2813 973 2859 et
988 2803 1117 2858 nonnulla
1131 2800 1264 2875 obsequia
1280 2801 1315 2856 ab
1327 2816 1359 2855 ea
1370 2806 1534 2870 susceperat.
1551 2795 1742 2853 i'enienteila-

948 2909 1001 2965 que
1015 2892 1183 2963 presbytero,
1196 2890 1325 2961 praeccpit
1337 2889 1470 2962 magistra
1484 2885 1637 2943 llninsendi
1648 2892 1676 2940 ul
1690 2899 1744 2941 non

949 2981 973 3036 ei
988 2981 1142 3050 loqueretur
1151 2979 1201 3034 nisi
1216 2980 1250 3034 de
1266 2978 1384 3049 peccatis
1393 2977 1459 3032 suis.
1481 2977 1611 3032 consessa
1625 2981 1666 3030 est
1692 2972 1745 3044 igi·

948 3078 991 3125 tur
1004 3069 1173 3125 balneandis
1187 3068 1363 3139 presbytero,
1380 3074 1405 3121 et
1415 3082 1514 3136 corpus
1524 3063 1746 3120 Dominicumsu·

947 3158 1046 3229 scepit,
1076 3166 1180 3213 astante
1207 3157 1339 3228 magistra
1353 3163 1380 3210 et
1395 3153 1526 3227 quidquid
1539 3152 1679 3209 dicebatur
1693 3167 1745 3206 au-

948 3247 1050 3301 diente.
1071 3245 1254 3301 Recedentem
1271 3245 1361 3315 itaque
1376 3243 1565 3315 presbyterum
1580 3239 1744 3296 blainsendis

948 3342 1042 3392 exorat
1057 3344 1085 3388 ut
1099 3335 1141 3388 sui
1158 3341 1363 3402 memorasset,
1379 3339 1406 3387 et
1421 3348 1473 3402 pro
1487 3348 1515 3385 se
1531 3330 1617 3385 Deum
1627 3335 1745 3401 rogaret.

948 3424 1045 3479 Statim
1063 3439 1127 3478 uero
1148 3431 1211 3494 post
1229 3422 1378 3477 discessum
1395 3420 1546 3491 presbyteri
1565 3419 1693 3489 inagistra
1709 3415 1744 3472 ad

948 3529 1007 3569 eam
1019 3512 1153 3568 accedens
1164 3530 1169 3566 :
1181 3513 1261 3575 l'ere,
1272 3510 1369 3582 inquit,
1387 3507 1622 3566 excommunicata
1632 3522 1672 3572 es,
1680 3505 1744 3578 quia

947 3610 1040 3658 contra
1051 3600 1233 3656 obedientiam
1249 3615 1337 3653 meam
1354 3599 1387 3653 de
1402 3614 1431 3653 re
1459 3597 1511 3652 alin
1525 3612 1607 3667 quam
1621 3596 1656 3650 de
1682 3609 1743 3664 pec-

947 3691 1016 3748 catis
1044 3690 1097 3745 tuis
1122 3688 1283 3760 presbytero
1312 3688 1400 3742 locuta
1426 3702 1467 3741 es.
1492 3686 1541 3741 Cui
1557 3683 1739 3741 llainseudis:

949 3805 959 3828 u
980 3782 1056 3844 l'ere,
1074 3778 1169 3850 inquit,
1183 3777 1302 3842 domina,
1319 3791 1373 3831 non
1389 3775 1482 3847 putari
1508 3792 1551 3829 me
1570 3772 1742 3845 delinquere,

947 3870 1011 3943 qnia
1026 3868 1090 3922 dnm
1113 3866 1207 3939 rogavi
1222 3870 1250 3920 nt
1266 3881 1314 3936 pro
1329 3881 1371 3920 me
1384 3874 1480 3932 oraret,
1496 3879 1549 3919 non
1562 3860 1682 3917 intellexi
1709 3860 1744 3915 de

946 3959 1035 4014 salute
1057 3957 1192 4028 corpor-ia,
1223 3956 1271 4010 sed
1295 3954 1455 4010 remissione
1482 3960 1654 4024 peccatorum
1669 3964 1744 4004 ineo-

946 4064 1015 4103 rum.
1035 4047 1136 4100 »Tunc
1151 4045 1197 4098 illa
1212 4043 1390 4100 roconsalias
1411 4058 1531 4107 sorores,
1561 4037 1743 4096 excommnui-

946 4144 1033 4193 catnm
1048 4150 1106 4190 earn
1120 4149 1180 4188 esse
1193 4133 1272 4198 dixit,
1288 4137 1315 4186 et
1329 4139 1359 4186 ut
1374 4131 1448 4187 toras
1467 4129 1618 4201 expellatur
1636 4142 1742 4199 praece-

98 4215 240 4284 potuisset‚
256 4217 304 4272 sed
320 4218 381 4288 qnia
393 4227 570 4289 proposuerat
585 4236 635 4275 nec
659 4219 762 4289 altario,
780 4235 830 4276 nec
844 4237 892 4276 ec·
946 4224 996 4294 pit.
1018 4223 1226 4276 prosternuntur
1240 4235 1335 4275 omnes
1349 4217 1620 4290 pedibusmagistrae,
1637 4213 1744 4270 miseri·

97 4302 257 4369 clamasse}
271 4306 391 4361 decimas
406 4307 540 4378 accipere,
556 4307 604 4363 sed
618 4309 790 4363 solummodo
806 4309 840 4363 de
856 4309 891 4362 la·
947 4311 1066 4367 cordiam
1082 4317 1177 4381 petunt
1188 4326 1195 4371 ;
1206 4308 1254 4363 sed
1271 4309 1415 4378 impetrare
1436 4314 1577 4378 nequeunt
1588 4322 1594 4360 :
1607 4321 1668 4376 quae
1697 4312 1741 4358 ta-

98 4390 162 4447 bore
191 4409 318 4449 manuum
334 4411 453 4459 suarum,
469 4396 540 4451 etde
555 4397 723 4469 agricultura
742 4379 1010 4469 qiiuilrigu·1)men
1038 4399 1072 4455 de
1094 4397 1193 4454 lectulo
1218 4413 1330 4469 surgere
1352 4412 1406 4451 non
1420 4403 1537 4468 poterat,
1553 4394 1666 4465 jubente
1680 4408 1742 4448 ma-

97 4496 165 4548 rum,
179 4482 406 4553 nutrimentisque
422 4499 548 4554 pecorum
572 4501 684 4539 snorum
702 4485 804 4553 virere,
824 4486 891 4540 nibil

97 4568 131 4624 de
142 4570 332 4628 ecclesiasticis
347 4572 494 4627 redditibus
502 4589 570 4644 quos
586 4573 636 4644 ipsi
648 4582 791 4629 tenuerant
808 4575 892 4630 voluit

97 4656 206 4725 habere,
224 4660 320 4717 dicens
338 4659 401 4715 talia
429 4677 483 4716 non
504 4678 520 4716 a
541 4664 692 4730 monacbis,
722 4663 769 4717 sed
793 4665 891 4719 solum·

97 4746 178 4803 modo
210 4763 225 4802 a
241 4749 349 4805 clericis
363 4749 497 4820 possideri
521 4751 633 4806 debere.
649 4752 680 4806 Et
696 4754 754 4807 beec
781 4753 890 4824 quidem

99 4834 288 4904 ejusintentio
318 4838 380 4894 ritae
407 4846 434 4893 el
453 4838 584 4894 institutis
605 4840 776 4910 antiquorum
792 4857 890 4897 mona-

97 4924 209 4979 cborum
224 4925 424 4990 concordabat;
435 4935 527 4996 postea
543 4943 608 4982 vero
623 4929 754 5000 cognorit
767 4944 891 4984 amona-

88 5006 164 5090 phis,
182 5011 260 5081 juxta
275 5014 368 5069 urbem
383 5015 578 5081 habitantibus,
595 5031 664 5087 qnos
675 5017 819 5087 populares
834 5018 892 5073 sire

94 5102 238 5157 saeculares
252 5102 363 5174 qnidam
391 5104 541 5171 nominant,
559 5120 612 5160 non
632 5119 664 5161 ex
692 5109 749 5160 toto
764 5104 892 5176 antiqno-

93 5215 154 5256 rum
169 5200 288 5257 institute
300 5217 381 5274 posse
396 5203 508 5257 servari.

93 5572 95 5577 ,
130 5514 187 5588 (ὶῖ)
200 5516 241 5573 Ne
254 5515 364 5588 quidem
378 5516 460 5586 hujus
473 5517 635 5574 monasterii
650 5527 773 5590 superest
784 5518 938 5592 uestigium.

945 4488 1027 4558 gistra
1051 4487 1197 4543 cnnrlecto
1226 4496 1303 4542 extra
1332 4486 1442 4540 (lonium
1476 4484 1610 4549 defertur,
1635 4490 1662 4538 et
1690 4481 1741 4536 sub

945 4577 1030 4649 gradu
1061 4576 1151 4649 ligneo
1167 4592 1214 4646 per
1233 4591 1313 4646 quem
1331 4576 1359 4628 in
1388 4582 1490 4630 curtem
1506 4572 1658 4629 descensus
1673 4578 1740 4636 erat,

945 4667 1066 4737 ponitur,
1084 4665 1121 4719 ita
1132 4663 1322 4719 ntablaliones
1336 4662 1462 4737 coquinae
1473 4662 1596 4731 superius
1622 4660 1680 4715 sitae
1695 4676 1740 4715 su·

947 4770 995 4826 per
1008 4769 1070 4808 enm
1082 4752 1245 4809 defluerent.
1263 4752 1303 4806 lbi
1327 4767 1393 4824 ergo
1421 4750 1607 4821 pertriduum
1630 4749 1740 4818 jacens,

946 4841 1169 4897 licetindrmitate
1186 4836 1738 4914 gruraretur,animotamenexsultabat‚

936 4931 1010 5001 'quia
1022 4930 1048 4984 in
1064 4930 1144 4986 domn
1162 4931 1237 5000 cnjus
1256 4929 1320 4986 olim
1342 4930 1451 4985 domina
1476 4928 1572 4994 luerat,
1592 4940 1666 4983 nunc
1693 4940 1744 4999 pro

946 5019 1004 5075 Deo
1033 5019 1232 5074 tribulationem
1261 5018 1485 5087 sustinebat3sed
1513 5017 1578 5089 quia
1606 5015 1744 5088 benignus

946 5109 1020 5164 Dens
1029 5114 1090 5180 post
1104 5108 1305 5164 tribulationem
1314 5107 1397 5164 insert
1420 5106 1641 5172 consolationem,
1675 5119 1741 5162 ecce

946 5213 1007 5278 post
1020 5205 1139 5262 triduum
1154 5206 1280 5280 praelatus
1292 5205 1435 5273 lienricns,
1456 5203 1518 5278 jam
1533 5202 1681 5261 monachus
1703 5200 1741 5258 la·
