3728 6000
644 177 834 235 corruatur
854 174 996 231 santus
1015 174 1043 230 ε.
1065 175 1285 234 maononrcr
1662 164 1665 169 '
1738 187 1791 239 aas

142 186 194 239 335

25 314 50 384 ι’
141 307 209 372 Deo,
226 320 306 378 quam
321 301 470 374 assumpsit
485 317 576 374 peros
591 318 680 367 suum,
698 301 721 355 si
736 300 799 372 quid
815 298 1164 363 ineavelAsanctus;et
1192 310 1282 358 tamen
1307 319 1361 359 uon
1389 312 1445 360 tras
1472 303 1584 370 dii,sed
1613 307 1785 362 unusDeus.

139 396 251 451 omniuo
265 410 370 460 sanum,
386 393 428 449 vel
443 407 496 447 uon
517 390 628 447 omuino
642 390 677 445 sit
706 390 829 444 insanum
857 396 938 458 atquc
990 388 1089 443 Potens
1103 389 1162 445 sive
1179 391 1299 460 potentia
1314 392 1406 458 Pater,
1419 393 1540 464 potentia
1563 393 1656 464 Filius,
1667 397 1789 465 potentia

139 485 306 540 haereticum.
319 484 430 551 Insuper
450 490 508 537 orat
522 479 722 545 lectoressuos,
739 485 769 533 ut
782 478 805 532 si
822 476 886 548 quid
901 475 938 531 ibi
991 476 1109 548 Spiritus
1124 487 1235 535 sanctus
1251 494 1257 534 :
1274 488 1300 535 et
1316 489 1404 537 tamea
1420 498 1474 538 non
1502 491 1558 539 tres
1579 491 1712 555 potentes,
1731 485 1790 540 sire

139 573 275 628 invenitur
302 571 374 643 quod
401 569 465 625 alibi
494 558 626 640 scriptum
640 583 696 625 uon
718 569 762 633 sit,
778 582 833 622 non
848 565 936 622 couti·
990 567 1194 637 trespoleutise,
1210 567 1259 623 sed
1273 586 1327 625 una
1342 571 1473 640 potentia,
1487 579 1513 626 et
1528 588 1597 626 unus
1624 583 1728 643 potens.
1745 573 1790 630 Sic

139 677 193 716 nuo
207 661 321 716 haeresis
333 659 479 729 judicetur.
499 681 510 706 ι
525 659 586 714 Noa
598 657 681 726 enim,
694 653 937 727 inquit,quiaalibi

139 751 269 821 scripturn
298 765 352 804 non
381 747 505 815 est,ideo
528 746 641 802 haeresis
655 753 706 812 est,
722 745 772 800 scd
796 743 818 799 si
842 751 938 800 contra

139 837 220 893 iidem
235 846 283 894 est.
303 860 313 885 ι
333 836 431 891 Paulus
445 851 511 892 vero
541 835 630 891 dicit:
648 856 660 885 ι
678 835 731 890 Sed
747 834 879 902 licetuos,
892 841 938 887 aut

139 927 253 999 angelus
276 927 309 981 de
324 926 394 981 coelo
415 924 648 997 evangelizaverit
668 922 745 979 vobis
756 930 937 994 praeterquam

139 1010 934 1088 quodevangelizavimusvobis,anathemesit(Golot.r).·

137 1105 172 1159 Et
186 1104 293 1168 iterum,
307 1111 335 1158 ut
345 1104 451 1159 iteratio
461 1110 567 1158 essetet
577 1101 746 1158 confirmatio
758 1116 764 1154 :
778 1123 789 1149 a
804 1101 888 1166 Sicut,
898 1100 937 1153 in-

138 1193 204 1264 quit,
234 1192 410 1263 praediximus
444 1191 532 1257 vebis,
562 1198 588 1246 et
607 1207 679 1246 ntrnc
710 1188 844 1245 dico:Si
876 1187 937 1259 quis

138 1280 367 1354 evangelizaverit
391 1280 471 1336 vebis
499 1287 678 1351 praeterquam
694 1279 765 1348 qnod
779 1276 933 1348 accepistis,

139 1372 283 1425 anathema
297 1369 341 1424 sit.
361 1392 371 1418 a
389 1370 422 1424 Et
436 1369 511 1440 quid,
523 1369 649 1435 obsecro,
659 1367 748 1438 magis
762 1363 938 1420 anathemati·

138 1457 263 1523 randum,
295 1457 360 1528 quid
384 1459 482 1529 magis,
509 1471 561 1512 non
590 1456 679 1512 dicam
708 1454 872 1517 haereticum,
889 1452 937 1508 sed

137 1546 287 1611 ethnicum,
303 1560 381 1615 quam
409 1545 518 1615 publica
544 1543 714 1615 professione
729 1545 813 1598 verbo
839 1555 938 1613 negare

137 1641 164 1687 et
178 1634 289 1704 scripto.
303 1635 420 1699 Patrem,
430 1641 457 1688 et
477 1633 583 1699 Filium,
595 1640 623 1688 et
636 1631 763 1703 Spiritum
782 1639 907 1687 sanctum
923 1629 937 1684 i
952 1655 979 1716 B

991 654 1074 710 etiam
1086 655 1120 710 dc
1138 655 1281 726 sapientia,
1291 658 1326 712 de
1336 658 1468 726 bonitale,
1481 660 1516 715 de
1536 660 1661 728 veritate,
1678 662 1712 716 de
1725 663 1788 718 cha·

992 742 1083 811 ritate,
1096 743 1304 817 intelligendum
1320 754 1374 815 est,
1386 756 1412 802 et
1430 747 1464 803 de
1481 749 1621 816 omnibns,
1638 766 1708 819 quae,
1720 750 1789 806 siout

990 829 1092 886 dictum
1116 838 1169 897 est,
1187 833 1366 891 essentialiter
1380 836 1414 891 de
1442 837 1500 892 Deo
1514 838 1602 904 Patre,
1618 842 1645 894 cl
1667 838 1744 905 Filio,
1760 848 1789 895 ει

991 919 1091 990 Spiritu
1102 928 1196 977 sancto
1204 928 1231 978 et
1242 923 1277 978 ad
1287 939 1327 992 se,
1341 925 1531 995 predicantur.
1542 927 1667 982 Essentia
1685 928 1786 998 ergoin

990 1017 1087 1064 natura
1100 1009 1262 1074 divinitatis,
1278 1020 1305 1067 et
1320 1013 1430 1068 nomina
1445 1015 1615 1082 haecomnia,
1631 1032 1701 1087 quae,
1718 1017 1788 1072 sicut

990 1096 1155 1164 dictumest,
1171 1098 1206 1154 de
1229 1100 1304 1155 Patre
1329 1110 1356 1155 et
1379 1101 1446 1156 Filio
1461 1110 1488 1157 et
1517 1103 1618 1174 Spiritu
1633 1113 1726 1160 saneto
1740 1121 1787 1160 es-

990 1186 1140 1241 sentialiter
1166 1196 1193 1242 et
1221 1188 1256 1242 ad
1280 1204 1310 1243 se
1335 1189 1470 1255 dicuutur,
1488 1193 1599 1246 nonnisi
1621 1192 1792 1263 simplicissi-

991 1289 1063 1328 mam
1093 1273 1238 1344 praelerunt
1265 1277 1414 1340 unitatem;
1431 1279 1526 1335 relatio
1554 1295 1621 1336 vero
1649 1281 1738 1336 Patris
1758 1281 1792 1336 ad

993 1361 1167 1428 Filium,Filii
1181 1364 1218 1419 ad
1247 1365 1363 1436 Patrem,
1379 1366 1494 1436 Spiritus
1521 1369 1605 1424 sancti
1634 1369 1669 1423 ad
1691 1379 1794 1425 utrum-

992 1465 1054 1520 que,
1070 1458 1096 1505 et
1124 1451 1266 1522 utriusque
1281 1453 1315 1509 ad
1338 1454 1437 1525 ipsum,
1455 1455 1566 1526 ipsaque
1594 1458 1705 1513 nomina
1721 1460 1795 1513 rela-
1815 1508 1818 1512 .

992 1538 1218 1610 tirsipsasunt
1246 1558 1308 1614 quaa
1334 1543 1512 1614 multiplicant
1540 1545 1713 1603 Trinitatem.
1729 1548 1795 1602 Tru·

993 1638 1045 1681 stra
1060 1642 1127 1699 ergo
1157 1626 1195 1682 ibi
1223 1629 1351 1698 quaeritur
1378 1632 1505 1698 Trinitas,
1522 1633 1567 1687 ubi
1595 1649 1650 1690 nou
1678 1642 1730 1705 est,
1746 1634 1795 1690 sed

137 1722 414 1794 Nunquidenimboc
434 1730 538 1777 nonest
557 1718 936 1793 negarePatremetFilium,
993 1716 1109 1785 simplex
1140 1716 1178 1770 ibi
1203 1718 1293 1772 unitas
1329 1728 1383 1775 est.
1416 1718 1590 1792 Quapropter
1625 1738 1795 1795 nequaquam

137 1819 164 1865 et
175 1809 303 1881 Spiritum
327 1819 449 1865 sanctum
462 1810 530 1865 velle
551 1825 685 1878 asserere,
695 1823 743 1864 ecs
751 1823 805 1864 uon
824 1808 941 1863 veritate
993 1805 1069 1876 quasi
1093 1804 1127 1858 ad
1152 1803 1349 1861 conficiendam
1365 1808 1522 1864 Trinitatem
1538 1812 1567 1865 in
1583 1810 1652 1876 Deo,
1669 1812 1794 1883 potentia

137 1898 367 1953 naturaeessehoc
378 1898 451 1967 quod
474 1897 610 1964 dicuntur,
621 1898 669 1953 sed
692 1896 876 1966 nuncupative
890 1896 942 1952 boc
994 1893 1067 1961 ejus,
1083 1892 1216 1962 sapientia
1242 1903 1270 1949 et
1296 1896 1427 1951 voluntas
1442 1898 1620 1968 proponenda
1634 1908 1717 1955 suut:
1734 1916 1796 1971 quaa

136 1986 278 2042 diciilloc
287 1987 315 2040 in
325 1984 443 2057 antiquis
454 1985 669 2042 orthodoxorum
682 1987 794 2041 Petrum
807 1984 939 2054 conciliis,
995 1982 1144 2037 secuudum
1170 1983 1338 2052 praemissam
1368 1985 1492 2057 regulam
1508 1986 1581 2052 fidei,
1597 1996 1623 2043 et
1651 1989 1794 2058 rationem,

135 2075 163 2129 in
190 2075 346 2130 tractatibus
370 2090 475 2138 eorum,
493 2075 520 2129 in
544 2075 628 2146 gestis
656 2083 684 2131 et
712 2073 817 2145 scriptis
832 2089 939 2140 eorum,
992 2069 1056 2125 licet
1072 2069 1213 2142 pluraliter
1228 2071 1255 2126 in
1283 2073 1372 2127 tribus
1396 2075 1522 2144 personis
1541 2077 1711 2146 pronuntiari
1727 2093 1794 2148 pos-

32 2190 37 2195 ·
137 2172 237 2235 quanta
253 2163 421 2219 auctoritatis
435 2179 549 2219 censura
562 2164 620 2234 jam
652 2162 889 2218 olimdamnatum
907 2161 942 2216 sit
993 2157 1099 2226 sintin
1126 2175 1233 2214 summa
1263 2167 1351 2216 tamen
1380 2171 1406 2217 et
1434 2163 1462 2217 in
1491 2163 1538 2219 illa
1566 2164 1723 2220 naturaubi
1743 2166 1796 2221 boo

135 2260 162 2308 et
177 2252 443 2318 anathematizatum,
459 2252 596 2307 nemiuem
617 2260 707 2323 potest
717 2251 816 2319 latere,
831 2251 876 2322 qui
891 2268 939 2306 ec·
994 2254 1035 2302 est
1061 2262 1143 2318 posse
1169 2247 1243 2320 qnod
1272 2264 1378 2319 sapere,
1390 2266 1485 2321 sapere
1512 2251 1585 2323 quod
1613 2252 1694 2320 velle,
1710 2269 1793 2309 unum

135 2341 357 2397 clesiasticarum
387 2340 581 2411 scripturarum
623 2340 747 2396 notitiam
773 2339 942 2411 aliquatenus
994 2343 1065 2390 sunt.
1082 2333 1254 2403 Quaeautem
1270 2336 1450 2394 indivinitate
1466 2341 1812 2399 secundumcatholicam.

136 2437 278 2486 assecutus
292 2430 338 2483 sit.
358 2429 409 2484 Ubi
428 2429 521 2485 omitto
538 2427 645 2483 interim
665 2444 775 2501 gravem
792 2436 818 2483 et
841 2426 941 2483 Sabel-
993 2421 1075 2478 fidem
1090 2422 1210 2479 Trinitas
1225 2425 1399 2495 praedicanda
1425 2428 1469 2495 sit,
1487 2429 1582 2483 beatus
1610 2430 1794 2500 Hieronymus

136 2516 220 2573 liauae
252 2517 363 2573 haeresis
390 2525 589 2587 notam,quam
623 2517 681 2588 ipse
715 2516 766 2571 sibi
799 2516 827 2570 in
859 2522 941 2586 caput
993 2512 1107 2568 iubunc
1137 2512 1248 2567 modum
1277 2514 1370 2569 scribit
1387 2514 1421 2569 ad
1437 2516 1583 2571 Damasum
1600 2534 1698 2589 papam
1717 2519 1793 2589 (ts):

137 2623 215 2662 snum
226 2606 370 2673 contrahit,
386 2621 449 2661 cum
471 2605 505 2660 de
523 2606 580 2661 Deo
595 2605 717 2662 dicturus
732 2606 811 2660 Patre
826 2612 852 2659 et
873 2604 941 2660 Filio
995 2622 1007 2653 ι
1025 2600 1239 2668 confundentes,
1254 2602 1349 2674 iuquit,
1376 2605 1481 2671 Arium,
1509 2623 1589 2661 unam
1616 2607 1794 2680 eamdemque

138 2695 275 2766 etSpiritu
298 2702 391 2750 sancto
412 2695 558 2764 ileumpro
578 2693 940 2765 eispotentem,sapieutem
993 2690 1169 2746 substantiam
1214 2690 1350 2746 Trinitatis
1394 2693 1520 2749 dicimus.
1568 2695 1789 2766 impietatemque

140 2784 330 2853 volentemque
345 2784 505 2839 constituit:
523 2783 594 2853 quod
613 2784 697 2838 Deum
713 2782 759 2855 qui
782 2783 808 2836 in
829 2781 940 2837 semeti-
994 2778 1105 2835 Sabellii
1134 2779 1313 2847 declinantes,
1330 2789 1385 2835 tres
1413 2797 1544 2850 personas
1572 2799 1718 2854 expressas
1741 2784 1794 2838 sub

139 2887 191 2944 pso
206 2880 233 2927 et
247 2888 278 2926 ex
292 2871 438 2940 semetipso
449 2880 499 2936 est,
513 2871 585 2943 quod
596 2879 646 2941 est,
660 2872 694 2926 ad
704 2878 858 2926 creaturam
875 2870 941 2926 dicit
994 2869 1155 2938 proprietate
1169 2868 1444 2941 distinguimusb'on
1464 2871 1535 2925 enim
1559 2873 1791 2939 nominatantum,

139 2960 397 3030 essetotum,quod
420 2960 526 3027 est3ad
547 2975 581 3014 ea
605 2975 665 3029 quae
686 2959 827 3030 proposuit
846 2959 938 3014 venia·
993 2956 1139 3012 sedetiam
1163 2958 1301 3014 nominum
1331 2960 1521 3029 proprietates,
1535 2959 1562 3014 id
1591 2970 1634 3015 est
1648 2976 1792 3032 personas,

140 3066 209 3104 mus.
238 3049 371 3104 Doctores
396 3048 542 3103 humanum
583 3063 681 3120 genus,
706 3049 778 3120 quod
811 3007 1098 3114 hactenuscsiremc
1117 3046 1205 3102 Graeci
1233 3047 1397 3118 exprimunt,
1410 3049 1579 3118 hypostases,
1596 3050 1647 3106 boc
1661 3059 1701 3106 est
1724 3052 1793 3106 sub·

139 3138 263 3205 nescivit,
279 3144 306 3192 et
320 3136 396 3208 quasi
411 3146 428 3190 ε·
443 3135 494 3190 lide
509 3136 544 3191 ad
559 3135 724 3191 intellectum
740 3137 860 3192 omnium
878 3152 939 3206 per·
992 3133 1137 3199 sistentias,
1148 3132 1336 3190 confitemur.»
1355 3136 1388 3189 Et
1410 3136 1503 3191 beatus
1527 3138 1694 3207 Augustinus
1716 3139 1794 3210 ipsas

141 3227 279 3298 ducturus,
295 3227 457 3281 altissimum
472 3225 537 3280 illud
553 3226 579 3279 ia
597 3225 655 3280 Deo
669 3225 827 3296 mysterium
842 3223 937 3279 Trini-
991 3238 1123 3292 personas
1142 3223 1199 3278 suis
1220 3223 1366 3295 designans
1388 3225 1543 3280 nominibus
1566 3226 1622 3297 (lt)
1639 3245 1646 3282 :
1664 3251 1675 3276 ι
1695 3229 1793 3283 Certis·

140 3316 211 3383 tatis,
227 3317 355 3386 proponit
384 3314 411 3369 in
439 3314 577 3369 divinitate
606 3315 763 3385 potentiam,
778 3313 938 3385 sapientiam
993 3311 1178 3381 sime,inquit,
1207 3320 1234 3368 et
1260 3311 1294 3368 de
1322 3313 1469 3385 Scripturis
1497 3315 1681 3386 cognoscitur,
1704 3325 1730 3372 ει
1747 3317 1792 3387 pia

139 3413 166 3461 et
181 3406 357 3471 voluntatem,
368 3403 506 3474 exquibus
517 3403 676 3458 Trinitatem
696 3403 785 3458 Deum
802 3400 936 3458 conficiat.

139 3495 175 3550 Et
188 3495 247 3550 baec
269 3494 379 3567 quidem
401 3493 451 3548 tria
464 3491 492 3546 in
516 3491 657 3548 divinitate
676 3508 747 3560 esse,
763 3490 939 3546 manifestum

137 3594 189 3638 est.
206 3582 260 3637 Sed
274 3598 335 3637 cum
350 3589 377 3635 et
390 3580 443 3634 ulia
473 3580 679 3650 quamplurima
692 3579 736 3634 bis
757 3579 857 3634 similia
871 3593 940 3634 cou-

51 3711 52 3714 ,
138 3670 310 3725 stetesseiu
339 3670 405 3733 Deo,
435 3667 665 3738 quemadmodum
687 3668 739 3722 tria
759 3668 837 3722 baec:
855 3665 940 3722 tribus

140 3759 183 3814 his
200 3758 234 3813 ad
258 3755 466 3823 conficiendam,
477 3763 504 3810 ut
514 3755 615 3810 dictum
631 3762 681 3821 est,
700 3754 866 3822 Trinitatem,
879 3771 939 3826 quae

139 3849 213 3904 Deus
227 3854 278 3915 est,
294 3845 447 3916 assumptis,
460 3843 528 3900 miro
552 3843 722 3923 prejudicio,
736 3851 835 3900 catera
848 3844 940 3899 ornuia

140 3937 263 4008 ejusdem
288 3936 314 3990 in
340 3933 477 3989 divinitate
515 3931 678 3989 conditionis
707 3933 889 3989 excluduntur
922 3948 939 3988 a

139 4026 276 4082 consortio
291 4030 373 4079 tautae
387 4021 537 4094 dignitatis.
554 4020 608 4076 Sed
622 4036 737 4094 agamus
752 4021 822 4077 serio
850 4020 885 4076 de
908 4037 938 4077 re

140 4113 290 4171 temseria.

174 4203 334 4273 Quaeramus
358 4200 494 4270 quomodo
510 4199 605 4254 sintin
631 4201 687 4256 Deo
701 4215 756 4256 nou
784 4199 870 4256 solum
885 4214 938 4271 po·

139 4293 234 4359 tentia,
250 4291 384 4362 sapientia
397 4298 423 4344 et
439 4291 561 4344 voluutas
577 4305 585 4358 ;
601 4289 651 4344 sed
666 4297 695 4344 et
717 4290 803 4345 virtus
818 4289 877 4355 Dei,
895 4304 940 4344 ve·

992 3400 1160 3456 credendum
1183 3408 1231 3470 est,
1248 3409 1275 3457 et
1285 3411 1412 3471 aspectus
1436 3404 1535 3458 mentis
1563 3404 1590 3458 iu
1604 3405 1655 3460 hoc
1682 3404 1795 3460 indubi-

992 3497 1049 3544 tuta
1076 3490 1250 3561 perceptione
1278 3490 1481 3564 perstringitur,
1498 3500 1527 3547 et
1554 3494 1659 3549 Patrem
1677 3509 1747 3559 esse,
1765 3503 1793 3550 et

994 3577 1088 3633 Filium
1105 3595 1174 3648 esse,
1191 3586 1218 3633 et
1242 3578 1370 3650 Spiritum
1396 3588 1519 3636 sanctum
1545 3596 1684 3638 esse:nec
1713 3598 1794 3638 eum-

993 3666 1055 3722 dem
1086 3683 1144 3723 esse
1165 3666 1273 3732 Filium,
1286 3668 1331 3738 qui
1353 3670 1431 3724 Pater
1451 3679 1574 3738 est;nec
1593 3670 1732 3740 Spiritum,
1748 3671 1795 3743 qui

993 3756 1078 3812 Pater
1104 3762 1157 3822 est,
1174 3757 1217 3812 vel
1239 3757 1322 3812 Filius
1337 3775 1344 3824 ;
1358 3757 1437 3812 unius
1468 3765 1558 3813 tamen
1582 3759 1718 3826 essentias,
1736 3775 1796 3815 uon

992 3844 1088 3901 trium.
1109 3846 1227 3911 Patrem,
1243 3853 1269 3900 et
1294 3844 1401 3912 Filium,
1433 3854 1459 3901 et
1474 3847 1604 3919 Spiritum
1626 3856 1792 3904 sanctum.-

992 3935 1028 3990 Et
1040 3933 1165 3989 subtilius
1193 3933 1281 3989 adbuc
1309 3935 1342 3990 de
1358 3936 1478 3991 essentia
1504 3944 1532 3991 et
1560 3938 1691 3994 relatione
1701 3937 1794 3995 disse-

992 4039 1075 4079 reas:
1094 4046 1105 4072 a
1122 4024 1244 4090 Notium,
1260 4023 1357 4095 inquit,
1372 4022 1518 4081 essentiale
1548 4026 1576 4080 iu
1604 4027 1662 4082 Deo
1690 4042 1794 4083 nomeu

992 4120 1044 4180 est,
1061 4112 1133 4182 quod
1148 4116 1187 4168 sic
1213 4115 1293 4168 unius
1318 4129 1444 4182 persona
1459 4115 1503 4179 sit,
1514 4123 1543 4169 ut
1566 4131 1619 4170 nou
1649 4117 1796 4171 conveniat

992 4199 1207 4256 tribusNullum
1222 4201 1262 4256 sic
1287 4202 1370 4257 tribus
1384 4203 1520 4269 convenit,
1536 4208 1564 4256 ut
1591 4218 1645 4258 non
1661 4204 1688 4257 in
1716 4218 1794 4256 surn-

992 4289 1208 4344 mauuumsit.»
1225 4290 1256 4343 ln
1284 4291 1323 4344 eis
1346 4298 1437 4345 autem
1462 4307 1525 4361 quae
1540 4291 1650 4347 relativa
1671 4290 1705 4345 de
1731 4291 1791 4346 Deo

141 4384 218 4453 ritas,
244 4381 369 4446 ebaritas,
399 4378 515 4444 bouitas,
541 4378 658 4447 justitia,
674 4384 701 4433 et
727 4388 822 4433 caetera
838 4378 879 4432 his
902 4377 935 4432 si·
949 4363 976 4424 D
991 4378 1311 4450 dicuntur,uequaqnam
1338 4380 1377 4434 sic
1401 4394 1454 4433 uua
1465 4394 1583 4451 persona
1611 4379 1789 4452 singulariter

141 4473 224 4527 milia.
237 4471 342 4538 Nempe
352 4468 422 4523 sicut
439 4467 535 4521 beatus
545 4467 717 4538 Augustinus
735 4466 800 4522 dicit
813 4487 840 4522 :u
854 4465 936 4535 Quid-

38 4550 41 4555 ’
142 4561 217 4632 quid,
229 4559 326 4630 inquit,
338 4557 364 4611 in
376 4556 484 4610 Deccst
504 4555 578 4609 Deus
595 4563 648 4610 est.
661 4578 671 4603 ι
685 4555 717 4609 Ει
731 4556 937 4626 adbueexpres·

141 4649 234 4705 sinsin
251 4647 366 4701 libroDe
378 4644 509 4699 Trinitata
519 4643 575 4712 (ll)
589 4661 595 4698 ι
610 4666 620 4691 ι
635 4643 937 4715 Praecipue,iuquit,te·

140 4739 258 4795 nendum
274 4743 325 4804 est,
341 4733 402 4805 quia
431 4732 561 4805 quidquid
576 4731 611 4787 ad
626 4749 656 4787 se
684 4733 782 4789 dic-itur
804 4741 937 4805 praestan-

144 4829 251 4884 tissima
264 4825 311 4878 illo
326 4831 353 4877 et
377 4822 469 4876 diviua
498 4821 660 4888 sublimitas,
670 4820 881 4877 substantialiter
892 4822 937 4876 di·

989 4466 1097 4535 dicitur,
1109 4473 1137 4521 ut
1152 4482 1206 4522 uon
1234 4466 1269 4521 ad
1283 4467 1398 4522 alteram
1424 4467 1484 4537 ipso
1497 4483 1546 4522 suo
1562 4468 1674 4523 nornine
1686 4467 1787 4523 resera·

989 4563 1042 4611 tur.
1058 4555 1180 4610 llelativc
1202 4553 1274 4610 euim
1294 4555 1427 4611 vocabulo
1452 4556 1493 4610 sic
1521 4556 1648 4626 quaelibet
1668 4569 1788 4627 persona

990 4642 1127 4700 dicituriu
1152 4659 1192 4713 se,
1208 4651 1237 4699 ut
1263 4659 1319 4698 uon
1345 4644 1450 4699 dicatur
1465 4643 1500 4698 ad
1525 4660 1565 4699 se.
1581 4643 1686 4700 llelatio
1709 4660 1789 4715 ergo,

990 4732 1062 4789 sicut
1071 4731 1172 4788 dictum
1195 4740 1245 4800 est,
1256 4731 1320 4788 iacit
1332 4732 1625 4800 Trinitatem,essentia
1642 4734 1785 4788 unitatem.

1026 4819 1106 4889 Quod
1134 4820 1274 4876 antemio
1307 4819 1453 4892 Scripturis
1489 4821 1636 4893 aliquando
1663 4824 1790 4892 quaedam

141 4916 232 4972 citur:
250 4912 323 4982 quod
351 4919 442 4965 autem
465 4910 500 4964 ad
514 4909 626 4981 aliquid,
643 4909 939 4981 relative:tantamquo
991 4910 1132 4966 nominum
1160 4910 1255 4965 borum
1280 4908 1388 4980 proprie
1412 4908 1588 4981 assignantur
1613 4911 1693 4978 Patri,
1709 4927 1789 4980 quae·

141 5005 195 5060 vim
211 5017 271 5056 esse
299 4999 424 5070 ejusdem
450 4997 609 5054 substantiae
636 4998 664 5053 in
692 5000 769 5054 Putre
781 5007 810 5055 et
831 4999 897 5057 Filio
912 5007 939 5056 et
991 4998 1055 5054 darn
1071 4996 1147 5065 Filio,
1158 4996 1283 5070 quadam
1302 4996 1415 5068 Spiritui
1436 5005 1539 5068 saucio,
1555 4997 1624 5054 sicut
1652 4998 1724 5054 idem
1740 4999 1791 5056 do-

142 5099 243 5172 Spiritu
257 5104 360 5166 sancto,
375 5103 402 5149 ut
431 5095 564 5167 quidquid
578 5095 611 5150 ad
638 5096 746 5168 seipsos
759 5097 867 5164 dicitur,
884 5114 939 5154 non
991 5103 1050 5152 ctor
1063 5095 1293 5162 dicit,scieadam
1307 5100 1350 5152 est
1361 5095 1439 5168 quid,
1446 5096 1648 5169 propterquid.
1661 5097 1706 5153 Sic
1717 5098 1792 5154 enim

142 5195 292 5269 pluraliter,
308 5193 336 5246 in
363 5207 483 5257 summa,
500 5192 548 5247 sed
577 5191 754 5264 singulariter
779 5192 897 5249 dicatur.
923 5217 935 5246 ι
992 5199 1075 5249 totum
1094 5193 1168 5265 quod
1191 5201 1232 5249 est
1247 5194 1309 5263 ipsa
1322 5200 1430 5260 natura,
1441 5208 1586 5250 commuue
1607 5195 1694 5249 tribus
1716 5194 1791 5252 inve·

142 5295 250 5351 Scilicet
282 5292 357 5346 Deus
391 5291 480 5359 Pater,
500 5290 574 5346 Deus
607 5290 699 5360 Filius,
718 5292 792 5347 Deus
824 5289 939 5363 Spiritus
990 5289 1063 5346 nitur
1077 5289 1210 5361 personis,
1222 5299 1251 5346 ut
1276 5289 1379 5365 aliquid
1402 5298 1494 5348 tauma
1509 5291 1653 5365 aliquando
1675 5292 1720 5362 sit,
1737 5308 1790 5364 quo

175 5417 230 5488 (lt)
245 5415 302 5470 Lib.
318 5431 335 5470 v
349 5414 388 5469 Do
404 5413 489 5480 Trin,
503 5427 528 5469 c.
542 5413 568 5469 t.
990 5413 1130 5488 daTemp.

175 5489 233 5563 qli)
261 5487 340 5561 apud
368 5484 490 5558 Hieron,
520 5491 585 5543 tom
599 5486 646 5557 tv,
658 5493 685 5545 et
706 5488 795 5560 Aug,
811 5502 858 5546 ser
886 5488 935 5546 tat
1026 5487 1083 5563 (ld)
1098 5492 1180 5563 aug..
1196 5502 1233 5548 vu
1247 5487 1287 5546 Dc
1302 5485 1388 5560 rrin,
1403 5502 1426 5546 o.
1443 5488 1470 5545 t.
