3728 6000
111 248 163 303 llil
516 250 642 309 tentat
660 250 868 309 CHRONlCON
885 253 1182 313 utuamtucttttsa.
1196 286 1234 301 -
1253 257 1326 314 tua.
1343 255 1378 312 11.
1718 258 1770 313 lib

110 380 194 448 porte
201 377 541 444 contraclmm,ctetlam
546 377 687 449 parocbia
695 377 916 450 tpstmeccteatoe
930 381 957 440 Α
971 378 1066 437 tendit.
1084 388 1110 435 et
1130 395 1192 436 cum
1220 381 1335 436 rationis
1362 380 1526 450 ostensione,
1542 383 1600 435 turn
1626 380 1768 451 cujusdam

113 468 253 520 terminus
280 470 489 539 occupavimus.
520 468 669 524 Sensimus
687 468 774 522 etiam
794 472 922 539 potetate
975 469 1167 524 moderationis
1195 469 1396 541 dipensatione
1422 472 1497 544 regis
1527 471 1596 525 iram
1625 470 1769 541 mitigavit.

112 556 297 610 correctionis
309 556 401 615 cario.
412 573 473 628 que
492 557 697 627 iicetprncinrn
710 559 864 627 cinianum
880 556 922 613 uei
975 557 1077 612 lateres
1097 574 1186 613 rerum
1201 559 1359 628 dispositor,
1371 560 1415 629 qui
1430 559 1638 630 comprehendit
1657 559 1769 628 sapien·

112 658 201 699 causo
216 644 259 699 eci
268 659 390 714 persona
403 661 467 702 mea
477 646 688 717 prurnerttissct,
699 661 812 701 recusa
829 650 923 701 tumea
976 647 1016 696 tes
1031 642 1057 696 in
1072 643 1173 697 astutia
1188 659 1246 707 sua,
1263 644 1487 699 moresolitosuae
1503 645 1629 715 pauperis
1641 643 1771 700 Ecclesia

114 732 151 787 ad
165 747 220 793 mc.
236 736 362 805 capitose
378 738 487 801 studui,
503 736 574 807 qaod
587 736 767 808 poeuilcntita
787 736 878 791 loetum
892 738 924 790 t‘tt
976 731 1174 786 tribulationem
1191 733 1320 802 respexit,
1332 744 1360 788 et
1373 749 1468 805 regem
1492 733 1688 803 aliptantisper
1715 732 1770 787 htt·

114 821 243 876 Ecclesia
271 826 394 887 turcum,
421 825 545 895 capique
572 824 722 878 ruminare
745 824 816 893 quod
835 826 925 896 jueta
977 820 1119 887 militatum,
1135 822 1208 892 quod
1225 821 1341 890 qualiter
1355 823 1390 876 sit
1410 822 1519 889 lactum,
1536 822 1598 876 aliis
1626 822 1772 878 dicendum

113 908 334 978 asturconem„
351 912 619 984 Verbusapt'catium
630 916 700 967 suut
712 912 795 984 parret
805 913 879 968 clavi
896 914 926 967 iu
977 910 1145 980 reliquimus,
1162 910 1213 965 hoc
1226 910 1304 965 aliter
1318 918 1433 966 tractare
1447 912 1547 982 coegit.
1566 912 1646 967 Porro
1668 912 1774 969 tolose

113 999 925 1074 altumdeficiiliccimu,litatScriltturciinsruptttc
976 997 1114 1052 celebrato
1143 999 1269 1065 concilio,
1304 1000 1487 1067 Pictttvorum,
1521 1000 1772 1072 andegavensium,

113 1087 925 1159 adcoasiliumdoadum,uouadlocutieudumtarrorem,
978 1087 1145 1142 Turonorum
1174 1085 1273 1142 linibus
1296 1088 1456 1159 peragratis,
1473 1088 1500 1142 in
1529 1087 1628 1144 nostris
1652 1088 1774 1159 partibus

113 1192 211 1247 recem
218 1176 925 1252 Liuiacmmota'interfuissequifouetamuiruodo
976 1174 1079 1231 domini
1095 1191 1172 1246 papae
1183 1176 1242 1245 jam
1259 1177 1432 1232 nuntiabatur
1445 1177 1587 1233 adtentus.
1604 1178 1772 1234 Conoetiam

113 1266 664 1337 pnrtnmeteaceramatdetestaturet
675 1269 925 1340 improbatproues
979 1264 1169 1319 Praeneslimtts
1183 1265 1337 1335 episcopua,
1349 1265 1504 1335 apostolicae
1519 1265 1591 1321 sedis
1606 1266 1723 1338 legatus,
1739 1266 1775 1323 da

114 1354 349 1410 ctiutolereiiier
363 1356 487 1427 impetus
504 1357 718 1413 monaciscum.
732 1358 925 1428 docereturque
977 1368 1031 1425 quo
1045 1361 1071 1408 et
1085 1354 1210 1423 superius
1233 1354 1344 1409 lecimus
1365 1355 1539 1418 mentionem,
1563 1371 1645 1427 quern
1669 1354 1777 1413 Remini

115 1446 149 1497 ut
163 1443 260 1499 initae
272 1459 358 1500 cuasa
374 1445 418 1500 ita
432 1445 926 1517 nosdeinceps'itoiettmuc,uriorte
978 1443 1130 1498 necessaria
1155 1443 1346 1512 dispositurum
1374 1459 1447 1513 papa
1465 1444 1644 1514 promiserat,
1666 1443 1776 1499 obuiam

114 1533 927 1606 superbisqaaepuuiooutcletificans-episomamimpar·
977 1531 1002 1587 ei
1017 1531 1133 1597 rediens,
1149 1532 1185 1587 ob
1204 1532 1309 1587 solitam
1333 1532 1439 1588 abbatis
1467 1531 1687 1598 familiaritatem,
1703 1532 1776 1603 apud

116 1620 466 1678 intumescamus
482 1623 541 1679 laec
549 1626 649 1680 uestro
661 1628 702 1679 cst
711 1623 770 1680 ittae
780 1624 925 1696 responsio
978 1636 1029 1675 nos
1043 1621 1189 1691 hospitium
1209 1621 1333 1692 sumpsit.
1350 1621 1434 1693 Cujus
1459 1622 1580 1678 consiliis
1599 1622 1688 1677 abbas
1713 1621 1780 1677 ani·

116 1710 219 1765 irenis.
229 1710 488 1781 anttntuaidm,
498 1712 569 1783 quod
578 1713 719 1777 cononici,
731 1717 828 1782 spreto
838 1714 923 1769 Seno·
938 1744 963 1803 B
979 1718 1077 1777 matus,
1093 1720 1121 1765 ut
1132 1727 1148 1766 a
1161 1711 1272 1766 domino
1288 1726 1358 1782 papa
1375 1711 1519 1767 aeclesiam
1547 1719 1668 1767 nostram
1697 1711 1778 1767 detli-

115 1800 216 1854 aencis
231 1799 364 1855 Ecclesiae
376 1804 561 1857 eminatam.
577 1802 614 1856 eti
628 1803 795 1858 :acutiorem
810 1802 921 1857 carium
977 1799 1032 1854 cari
1046 1799 1164 1859 iecisset,
1180 1800 1231 1854 iter
1243 1814 1305 1856 dnm
1320 1816 1353 1856 eo
1372 1800 1521 1871 disposuit.
1541 1798 1621 1869 Quod
1645 1817 1681 1856 aa
1699 1798 1780 1857 alicui

117 1889 923 1960 [uoluntatempecauiucontrupriuilepiumilomnnoe
976 1888 1099 1943 vitientur
1131 1888 1276 1943 absurdum
1303 1889 1364 1959 quia
1380 1888 1448 1944 libro
1475 1890 1617 1959 supet-iore
1641 1898 1780 1946 narratum

117 1977 807 2048 ilcclest'oecaudacuat,contracunouesscctnnt.
818 1980 923 2035 lactatis
975 1984 1016 2031 est
1029 1976 1176 2031 oratorium
1192 1976 1276 2032 luisse
1290 1977 1454 2037 dedicatum.
1470 1977 1537 2032 sciat
1554 1978 1639 2033 altare
1654 1978 1690 2033 da
1716 1978 1778 2035 loco

113 2066 923 2139 mendaciteretimpicdicttutsepttiiarnmlociiliiusnos
976 2065 1003 2119 in
1018 2080 1072 2135 uuo
1087 2076 1151 2120 tuuc
1165 2073 1232 2131 erat,
1250 2073 1345 2136 postea
1359 2073 1459 2121 motum
1476 2065 1568 2131 inisse,
1591 2075 1617 2121 et
1645 2067 1780 2122 canonica

112 2170 152 2210 cc
162 2158 249 2227 poris
258 2157 447 2222 contraxisse,
457 2157 744 2228 purocltioeterminos
755 2171 917 2228 occupasse.
975 2153 1107 2209 sententia
1121 2161 1164 2209 est
1179 2171 1185 2207 :
1205 2176 1216 2203 α
1233 2153 1261 2210 Si
1272 2154 1357 2210 altare
1372 2162 1473 2210 molum
1489 2152 1579 2218 luerit,
1595 2154 1685 2211 demta
1709 2170 1779 2212 oon-

112 2244 193 2300 ll't'ln‘i
204 2244 396 2301 erttmltorum
406 2245 540 2313 pucimtn.
557 2245 675 2301 Scimus
697 2260 820 2316 namque
837 2262 922 2317 quum
975 2251 1107 2298 sacretur.
1125 2266 1136 2291 a
1153 2241 1279 2297 litterius
1300 2243 1380 2297 etiam
1406 2242 1620 2310 tabernaculum,
1637 2244 1709 2315 quod
1737 2260 1781 2301 ee·

108 2331 923 2406 detestabilemuittmsitaccipcr·esepttiturmn,eldiuina-
975 2331 1066 2387 clesiae
1099 2331 1176 2385 naris
1200 2347 1215 2386 a
1247 2332 1350 2402 populo
1379 2340 1503 2400 vocatur,
1537 2332 1778 2389 consummationis

108 2437 176 2476 rum
190 2422 588 2493 scripturarumerttditionc.
606 2426 634 2478 ei
646 2438 920 2493 pauperumoppres·
976 2419 1169 2490 perlectionem
1185 2429 1340 2489 acceparat.
1359 2419 1414 2476 Sed
1435 2437 1496 2477 oum
1518 2421 1672 2477 Aurelianis
1695 2423 1777 2479 adve-

108 2512 195 2573 aiottc,
211 2527 279 2579 quos
299 2512 448 2567 inciciuiu
465 2516 575 2578 nostra,
596 2518 624 2567 et
645 2512 739 2566 solam
762 2511 794 2565 iu
811 2510 923 2566 diecesi
976 2508 1090 2574 dissent,
1104 2517 1131 2563 et
1145 2509 1285 2564 dominum
1301 2524 1401 2580 papam
1416 2510 1621 2580 percarnotum
1643 2510 1695 2565 iter
1709 2510 1778 2566 diti·

107 2600 923 2671 ceatrnuidemusodsepalcrumortuorumplnruremucis
975 2613 1042 2670 gere
1058 2598 1257 2668 pet-cepissent,
1271 2598 1418 2668 imperanto
1438 2598 1548 2671 negotio
1576 2599 1735 2671 digrediens
1761 2615 1777 2655 a

106 2688 922 2762 amissionesdoaarumquamcorporadestcuctotumdnc·
975 2686 1057 2741 sociis
1071 2685 1157 2740 abbas
1171 2687 1325 2742 revertitur.
1339 2690 1375 2742 ut
1397 2702 1459 2743 cum
1489 2703 1582 2759 regem
1606 2686 1774 2744 ludovicum

106 2776 139 2826 ta
157 2774 382 2841 coronationem
392 2771 923 2841 aeclesiarumconsttetattnemanta
975 2778 1010 2831 de
1024 2774 1219 2831 Northmannia
1234 2790 1296 2831 cam
1316 2774 1436 2832 exercitu
1459 2784 1639 2832 revertentem
1668 2777 1773 2833 Carno-

105 2865 235 2916 uestram
252 2861 669 2934 iustitutioneminequeeut'm
681 2861 774 2917 adbuc
792 2864 923 2918 nomana
977 2874 1034 2920 tum
1053 2865 1225 2931 adventasse,
1242 2864 1369 2934 urbisque
1390 2874 1493 2933 partem
1513 2881 1583 2936 papa
1600 2864 1777 2937 cognovisset

107 2944 922 3016 dipnt'tatispriaiiepiumnominamusiaciatisnonptam·
976 2968 1175 3019 concremasse,
1193 2958 1297 3009 mutato
1312 2953 1427 3009 consilio
1452 2971 1500 3023 per
1525 2954 1652 3024 stampas
1675 2954 1777 3009 transi-

107 3033 920 3108 tutareetamtatasseoaottstinuttqmsoretecccssttmt
977 3049 1063 3108 turus,
1075 3042 1228 3097 Aurelianis
1243 3042 1406 3113 improvisus
1417 3042 1536 3098 advenit.
1559 3043 1650 3098 abbas
1672 3051 1774 3110 autent,

108 3122 655 3195 debuissemalriilisconcuicepttisari,
670 3140 727 3179 nou
738 3126 778 3181 sic
787 3125 916 3180 inaniter
930 3104 955 3167 C
973 3132 1010 3187 rei
1026 3140 1080 3187 tam
1095 3131 1183 3186 subito
1210 3130 1378 3201 stupetactus
1392 3139 1501 3197 etetrtu,
1518 3148 1578 3188 cum
1600 3132 1665 3203 quid
1680 3140 1778 3203 ageret

105 3215 136 3266 ct
153 3211 187 3267 de
198 3211 497 3268 nniilscdltuccorum
509 3213 918 3285 episeopisesctamart.Coete·
971 3220 1017 3275 diu
1033 3219 1195 3283 dubitasset,
1212 3220 1306 3274 divino
1319 3234 1383 3275 reor
1410 3229 1574 3291 provocatus
1603 3220 1732 3276 instinctu
1749 3221 1776 3293 (a

105 3314 184 3365 ram,
199 3316 267 3371 pace
284 3304 378 3356 tiatira
391 3300 530 3366 dixerim,
546 3305 765 3365 uestrumestet,
778 3305 917 3357 sicestria
971 3308 1088 3365 nomino
1116 3309 1189 3364 anim
1217 3324 1331 3380 gressus
1359 3309 1476 3363 hominis
1504 3309 1657 3379 dirigantur
1679 3309 1774 3381 [Pron

104 3389 284 3461 paternitati
294 3389 461 3460 placuisset,
471 3394 573 3445 cantra
583 3390 710 3445 latratus
721 3392 918 3462 caramanico
971 3415 1018 3461 xx,
1032 3397 1076 3471 ti]
1086 3406 1105 3465 t,
1116 3412 1208 3469 regem
1223 3397 1258 3451 da
1272 3398 1391 3451 Carooto
1406 3398 1533 3466 Stampas
1547 3397 1592 3451 die
1606 3396 1660 3451 alio
1677 3414 1773 3454 reter-

100 3479 359 3550 palaninmitterc
366 3478 501 3551 quidquid
509 3478 587 3534 nabis
595 3479 681 3535 datur
691 3496 708 3533 a
716 3478 846 3544 fidelibus
866 3479 917 3535 itt-
971 3503 1030 3542 sum
1046 3501 1167 3557 praeceps
1181 3485 1258 3550 adiit,
1278 3501 1373 3556 preces
1388 3484 1484 3551 lunda,
1499 3492 1527 3539 ut
1543 3484 1690 3539 litterarum
1706 3502 1777 3557 prm.

103 3566 544 3639 culamdeimslcat'soppoacre
556 3569 918 3640 :campropterparaatam
971 3576 1100 3630 ventione
1114 3589 1213 3645 papan
1230 3581 1351 3646 rogaret,
1371 3582 1505 3645 quatenus
1529 3574 1775 3631 naurinimensem

103 3671 140 3711 ac
153 3657 291 3710 nouitium
301 3655 560 3711 Macriniaceuscm
573 3656 740 3721 Ecclesiam,
751 3672 814 3729 quta
822 3659 917 3712 vestra

104 3747 160 3809 est,
176 3747 204 3798 et
214 3759 232 3797 tt
242 3747 333 3800 uestro
343 3743 486 3800 decessore
502 3744 558 3817 pta
573 3745 716 3801 memoriae
735 3747 764 3802 ll.
780 3744 914 3814 tundata,

105 3832 915 3906 talibusinitiiseccrccit5tumquluperpriuntumacide·

105 3921 252 3976 litaturum
268 3920 476 3993 uobblepnttcm
497 3937 596 3979 eorum
618 3924 729 3991 lupaces
740 3921 917 3994 praeueniens

103 4009 321 4078 mandaveram,
334 4016 406 4079 quod
419 4014 511 4066 vestro
525 4014 585 4065 iola
593 4026 637 4066 res
644 4010 915 4084 pendercinrbiirt‘a.

103 4100 142 4153 lte
159 4099 446 4170 rcpepostremaput'd
456 4099 549 4155 dicam
559 4099 671 4155 illidici
682 4103 822 4171 precepto
827 4099 915 4172 primi

100 4185 230 4257 postoris
244 4189 273 4242 ct
286 4187 372 4241 Deum
383 4187 517 4243 timescat
528 4204 620 4259 repeat
633 4187 827 4257 bonorificcre.
838 4187 913 4242 Satis

100 4273 447 4331 ctilllasctltubtttmttsct
455 4276 590 4332 nubemus
597 4275 759 4349 praterhac
767 4277 913 4346 nepotiana

98 4362 349 4432 familiaritatem.
363 4368 391 4418 ct
401 4366 431 4418 lu
443 4364 554 4431 multis,
566 4367 591 4420 st'
602 4364 659 4420 diri
669 4365 914 4436 sasestntaeces-

99 4451 173 4506 aurii
185 4452 308 4522 patinas.
321 4451 381 4507 Sed
390 4453 488 4524 quibus
502 4452 913 4511 inuitatiesabducaturconst‘-
926 4464 953 4526 1)

101 4539 162 4597 iiis.
175 4554 222 4594 aas
235 4542 286 4611 qui
297 4542 386 4595 totius
400 4544 633 4612 uestroetept'onis
643 4542 817 4613 caputrstir,
827 4557 912 4612 enpa-

971 3662 1115 3719 ecclesiam
1128 3663 1188 3733 ipse
1204 3661 1355 3717 dedicaret.
1371 3662 1429 3718 Nec
1445 3677 1530 3730 mora,
1547 3663 1673 3733 precibus
1685 3678 1775 3720 exau·

970 3752 1043 3820 ditis,
1059 3767 1120 3808 cum
1136 3752 1251 3824 liugane
1279 3751 1424 3817 tnoaaclro,
1442 3759 1535 3807 nostro
1560 3760 1622 3807 tunc
1651 3760 1775 3808 secreta·

972 3840 1024 3906 rio,
1040 3839 1148 3912 legatus
1176 3840 1268 3911 regius
1291 3855 1352 3895 cum
1377 3839 1475 3894 titteris
1490 3838 1642 3895 ducebanis
1667 3855 1775 3896 summa

969 3943 1032 3984 catu
1070 3927 1243 3984 testinatione
1279 3928 1420 4000 dirigitur.
1453 3928 1562 3984 litterae
1605 3929 1772 4000 aperiuntur,

969 4025 1113 4082 consiliam
1129 4041 1190 4080 cum
1206 4024 1398 4080 cardinalibus
1421 4026 1563 4097 accipitur,
1584 4025 1686 4082 debere
1713 4025 1773 4083 lieri

969 4123 1115 4195 postulatio
1145 4123 1219 4196 regis
1247 4122 1432 4192 adjudicatur.
1450 4123 1510 4193 Quo
1536 4125 1697 4193 renuntiato,
1719 4120 1773 4181 dici

968 4237 1021 4277 non
1036 4228 1125 4292 potest
1139 4228 1248 4293 quantae
1259 4219 1436 4277 lestiuatlonis
1458 4221 1616 4290 inquietudo
1644 4236 1770 4278 commu-

968 4326 1039 4374 mter
1052 4326 1079 4373 et
1091 4319 1217 4376 abbatem
1231 4327 1257 4374 et
1272 4334 1322 4373 nos
1341 4334 1437 4375 omues
1459 4318 1615 4374 brevissimi
1639 4318 1769 4390 temporis

966 4416 1080 4472 articulo
1107 4415 1305 4486 deprenensos,
1327 4415 1433 4473 dnobus
1460 4417 1563 4473 scilicet
1584 4416 1769 4472 tautummodo

967 4513 1063 4569 diebus
1088 4512 1279 4580 mediantibus,
1309 4513 1463 4585 exagitavit.
1494 4513 1626 4573 Caeterum
1660 4527 1767 4568 summo

99 4627 909 4699 ,pmmpqmdvdfflpsspffiedmmupp,immorer,
963 4611 1094 4683 pontillce
1108 4628 1214 4667 summa
1228 4627 1293 4668 cum
1309 4612 1463 4668 reverentia
1476 4610 1594 4681 Stampis
1613 4609 1640 4664 in
1665 4608 1766 4681 palatio

100 4715 911 4790 timenuteurutpaidiuitiisetdeliciissttffltcautttrmeiud
964 4707 1231 4780 ⁸⁰⁸⁰0l3102⁰¹⁸li⁰i⁸
1254 4707 1458 4778 Slamieffilblffl
1487 4706 1713 4761 fflfllfflllfflnlibffi
1741 4715 1768 4762 0²

100 4801 912 4873 utilitatemproximorumecrtesiustt'cisltouarilrusocctt·
964 4807 1167 4863 detrahentibus
1187 4806 1276 4872 nobis,
1301 4804 1426 4860 immicus
1448 4805 1529 4859 homo
1554 4805 1600 4876 qui
1629 4820 1764 4875 superse-

99 4904 219 4969 pantur.
236 4898 308 4954 Nam
322 4914 375 4955 aas
386 4899 493 4957 Citristi
501 4916 643 4973 pauperes
653 4917 762 4957 sattius.
783 4902 909 4973 l'ulpnrc,

100 4987 141 5042 mi
161 4986 287 5047 domine,
316 4988 496 5060 proverbium
510 4996 574 5045 est:
592 5011 603 5036 a
622 4989 722 5045 Nudus
755 4990 836 5046 iterna
851 5006 909 5045 nou

100 5086 192 5155 petest
203 5084 569 5155 exspoliari-iicmatimet
577 5088 711 5142 amittere
723 5086 911 5160 qrtcdappett't

99 5184 258 5252 rpcuteatto
268 5179 405 5237 deserere.
416 5182 605 5239 macritatem
615 5181 830 5254 ucilspcudum,
841 5187 910 5238 unte

99 5279 465 5352 mariparutttesttmqtcnm
486 5282 588 5335 cantra
603 5280 786 5352 prtcrteptum
799 5280 910 5353 aliquid

98 5367 204 5437 fauce.
222 5366 329 5424 i'alcte.

127 5491 195 5549 liae
222 5489 260 5549 ad
279 5489 530 5565 archiepiscopum.
562 5491 605 5549 dd
640 5507 737 5566 regem
764 5507 832 5550 varo
861 5509 911 5567 per

100 5588 317 5663 seipsumque
330 5586 556 5647 familiarisumut
570 5595 628 5672 arat
654 5588 691 5657 ei,
705 5588 837 5651 valodtsr
865 5596 909 5649 ta·

965 4905 1047 4959 minat
1061 4902 1173 4969 zizania,
1191 4919 1239 4974 par
1254 4902 1400 4970 quemdam
1415 4901 1581 4973 Stephanum
1596 4901 1632 4958 de
1655 4904 1764 4959 Veson-

965 5001 1225 5058 tiocrudelissimum
1239 5010 1267 5057 et
1286 5000 1476 5057 citatissimum
1503 5000 1650 5068 bominem,
1671 5000 1763 5058 donti-

964 5099 1046 5170 nique
1087 5114 1166 5170 papae
1203 5100 1398 5168 camerarium,
1417 5097 1529 5155 coasilio
1553 5098 1634 5168 cujus
1660 5098 1765 5170 privata

964 5197 1039 5251 curia
1058 5196 1214 5269 regebatur,
1230 5203 1315 5251 totum
1330 5194 1395 5251 boni
1409 5194 1493 5266 hujus
1500 5194 1593 5267 operis
1614 5194 1764 5264 inceptum

963 5308 1034 5366 pene
1047 5291 1204 5365 dissiparit.
1220 5294 1302 5349 Porro
1317 5292 1402 5349 abbas
1422 5301 1557 5349 mortuum
1571 5309 1602 5350 sa
1624 5293 1762 5364 judicans,

964 5392 987 5449 si
1009 5400 1063 5447 mm
1077 5391 1189 5448 coeleste
1203 5406 1301 5447 munus
1326 5389 1430 5447 reluta
1449 5391 1575 5447 manibus
1601 5390 1762 5464 eriperetur,

964 5488 1152 5563 inpraesentia
1170 5487 1272 5545 domini
1290 5504 1367 5562 papae
1392 5489 1548 5546 cardinales
1575 5489 1766 5564 congregarit,

966 5604 1031 5646 cunt
1045 5604 1124 5664 repa,
1137 5603 1201 5647 oum
1210 5587 1307 5661 regius
1321 5601 1418 5663 preces
1431 5587 1629 5661 multiplicarit,
1658 5594 1687 5644 et
1706 5595 1767 5645 ua·
