3728 6000
87 322 90 329 Ι
172 250 221 304 331
679 244 866 302 dattttttttt
885 242 1029 300 thattts
1050 243 1078 299 S.
1102 243 1319 301 Theondatct

1770 252 1823 305 33ss

172 369 355 442 peccavimus,
380 377 436 423 tam
460 368 566 439 culpam
587 384 666 441 quant
689 384 799 440 poenam
824 383 873 423 nos
897 381 965 424 con-
980 368 1008 430 Α
1023 367 1820 440 dummodobeneoperanditequolemroluntatemhabeat.

170 460 288 513 traxisse
315 472 418 523 assero,
447 458 513 528 quia
537 456 608 511 illius
642 464 782 527 peccatum
816 465 969 511 nostrorum

172 547 292 602 omnium
318 554 493 615 peecatorum
529 545 607 617 origo
642 545 743 600 exstitit
768 553 849 615 atque
871 559 964 599 cansa.

172 634 356 691 Crnxilixores
371 634 467 689 Christi
478 634 505 688 iu
516 634 575 704 ejus
588 633 763 690 cruxihxione
778 633 970 706 gravissimum

172 734 313 796 peccatum
334 723 421 777 fateor
443 723 623 778 commisisse.
646 723 730 777 llulta
748 723 782 777 de
806 721 911 777 Christo
926 720 969 775 di-

174 822 278 879 cuntur,
296 828 355 884 quae
370 827 425 867 non
439 819 494 867 tam
510 812 661 867 secundum
677 813 765 883 ipsum
780 819 872 883 caput,
889 826 968 881 qnam

175 902 323 959 secundum
347 917 448 973 eorpus
473 902 566 972 ipsius,
590 902 663 973 quod
687 909 729 957 est
751 900 881 968 Ecclesia,
907 908 970 955 sunt

173 991 330 1062 accipienda
347 1009 353 1045 :
370 991 457 1045 utillo
471 991 582 1062 spiritus
597 991 710 1059 timoris,
728 991 773 1060 qui
799 997 842 1044 est
864 989 969 1044 initium

171 1081 324 1152 sapientiae,
341 1096 419 1150 quem
435 1079 563 1134 videlicet
576 1078 700 1134 timorem
716 1078 837 1149 perfecta
852 1078 970 1133 charitas

172 1171 245 1224 l'oras
258 1169 346 1223 mittit.
362 1169 451 1238 lluJus
465 1167 591 1239 spiritum
603 1168 707 1223 timoris
718 1167 745 1221 iu
756 1167 846 1222 anima
857 1165 967 1233 Christi,

174 1274 234 1328 quae
256 1257 481 1328 perfectissimam
514 1256 609 1311 habuit
636 1256 802 1324 charitatem,
828 1271 967 1326 nunquam

172 1348 256 1402 luisse
271 1345 437 1402 credendum
452 1353 510 1400 est:
528 1346 573 1416 qui
598 1354 688 1400 tamen
711 1343 884 1399 inferioribus
908 1344 968 1414 ejus

171 1435 301 1491 memhris
322 1451 376 1490 non
400 1436 486 1489 deest.
516 1436 607 1489 Tantae
629 1435 728 1504 quippe
743 1434 917 1504 perfectionis
942 1440 969 1488 et

172 1535 253 1580 tantm
267 1524 421 1580 securitatis
435 1523 526 1577 anima
538 1523 584 1576 illa
594 1523 692 1577 custttit
707 1539 753 1593 per
776 1522 862 1591 ipsam
886 1521 968 1577 l'erbi

171 1617 309 1680 unionem,
328 1622 355 1666 nt
369 1613 453 1667 sciret
466 1613 531 1665 nihil
549 1614 659 1666 omnino
684 1626 765 1681 posse
788 1612 965 1676 committere,

1023 457 1109 511 Deum
1124 458 1228 512 Patrem
1242 474 1319 528 aeque
1331 458 1490 530 sapientem,
1508 466 1535 514 et
1552 458 1645 514 Filium
1668 477 1747 533 aeque
1771 463 1820 518 be-

1025 545 1146 617 nignum,
1170 555 1198 600 ut
1222 546 1352 618 Spiritum
1381 555 1503 604 sanctum
1531 549 1679 613 confiteor;
1705 551 1768 622 quia
1793 552 1820 607 in

1025 634 1099 688 nulla
1114 635 1177 690 honi
1192 635 1369 706 plenitudiue,
1385 637 1411 692 in
1427 639 1499 692 nulla
1514 637 1653 709 dignitatis
1667 640 1754 709 gloria
1769 641 1820 694 dis-

1023 721 1093 778 ferro
1108 740 1161 778 una
1175 738 1291 794 persona
1306 733 1394 796 potest
1409 726 1443 780 ab
1465 726 1528 781 alia.
1544 726 1697 782 Adventum
1714 728 1775 782 Filii
1792 730 1820 783 iu

1024 809 1077 866 line
1102 813 1194 867 saeculi
1222 829 1301 884 posse
1328 814 1438 869 attribui
1461 814 1545 881 Patri,
1574 832 1722 886 nunquam,
1751 819 1819 872 sciat

1023 902 1107 972 Deus,
1121 903 1149 958 in
1165 911 1282 959 mentem
1298 916 1389 958 meam
1411 903 1494 969 reuit,
1511 920 1560 960 uec
1582 921 1612 960 se
1634 905 1726 961 verbis
1749 907 1818 961 meis

1023 991 1144 1047 inseruit.
1160 992 1205 1048 Sic
1218 993 1336 1047 animam
1348 991 1446 1048 Christi
1461 1007 1520 1048 nou
1536 1009 1586 1064 per
1607 1009 1637 1048 se
1659 994 1693 1049 ad
1715 994 1819 1051 inferos

1022 1081 1206 1147 descendisse,
1222 1081 1270 1137 sed
1284 1097 1332 1152 per
1345 1081 1502 1152 potentiam,
1518 1081 1628 1138 omnino
1642 1098 1657 1136 a
1671 1082 1740 1138 meis
1753 1101 1818 1139 ser-

1022 1168 1107 1225 biset
1130 1185 1212 1224 sensu
1231 1176 1363 1224 remotum
1388 1177 1445 1225 est.
1462 1170 1649 1227 Novissimum
1670 1171 1817 1243 capitulum

1021 1259 1165 1329 scripsisse
1179 1258 1320 1324 criminor,
1336 1258 1409 1331 quod
1424 1274 1512 1330 neque
1525 1275 1605 1330 opus,
1621 1276 1710 1331 neque
1724 1262 1819 1316 solun·

1022 1355 1179 1418 tusaeque
1208 1347 1440 1417 concupiscentia,
1464 1364 1554 1420 neque
1579 1348 1819 1420 delectatioque

1022 1446 1112 1491 motet
1127 1452 1198 1499 eam,
1215 1444 1356 1507 peccatum
1372 1436 1426 1499 sit;
1442 1453 1492 1491 nec
1510 1437 1641 1493 debemus
1663 1453 1724 1493 eam
1747 1439 1818 1494 telle

1021 1525 1176 1598 exstingui;
1194 1541 1244 1580 uec
1268 1525 1356 1580 minus
1379 1541 1395 1579 a
1415 1526 1484 1581 meis
1506 1526 1585 1581 dictis
1606 1543 1683 1596 quam
1709 1527 1818 1597 scriptis

1021 1616 1140 1670 alienum
1156 1624 1207 1670 est.
1225 1614 1304 1683 Quod
1315 1624 1404 1669 autem
1419 1616 1537 1686 capitula
1551 1625 1643 1671 eontra
1660 1633 1703 1671 me
1718 1619 1820 1686 scripta

171 1704 244 1758 uttde
259 1719 353 1770 picentes
364 1703 527 1764 incurreret,
542 1700 845 1756 aellleumoll'enderet.
857 1701 965 1755 Castum
983 1718 1008 1778 Β
1022 1704 1068 1758 tali
1085 1703 1137 1759 line
1152 1704 1253 1758 amicus
1264 1711 1355 1758 noster
1369 1705 1537 1770 concluserit,
1555 1709 1584 1758 ul
1597 1705 1716 1761 diceret:
1730 1706 1819 1761 nllaec

170 1809 237 1863 ergo
254 1793 375 1845 timorem
392 1790 417 1843 in
434 1794 564 1845 saeculum
579 1791 670 1844 saculi
691 1804 905 1859 permanentem,
923 1791 967 1859 qui

170 1880 280 1952 proprie
295 1880 446 1933 reverentia
469 1879 607 1933 eharitatis
628 1879 736 1945 dicitur,
753 1888 807 1934 lam
830 1879 881 1949 ipsi
904 1878 967 1947 qui-

169 1970 230 2024 dem
245 1969 344 2023 animae
358 1967 468 2033 Christi,
480 1983 560 2037 quarn
575 1968 667 2023 electis
677 1967 783 2039 angelis
793 1967 852 2036 ejus
861 1982 968 2038 semper

168 2074 347 2130 recognosco.
371 2057 448 2113 Unde
473 2057 506 2110 dc
531 2057 655 2127 supernis
676 2057 814 2128 spiritibus
836 2057 967 2127 scriptum

169 2156 227 2202 est:
239 2168 252 2199 ι
266 2149 397 2200 Tremuut
408 2153 564 2215 potestates.
578 2168 589 2193 n
603 2146 763 2200 Potestatem
774 2144 876 2215 ligandi
886 2154 968 2215 atque

167 2236 290 2292 solvendi
306 2234 431 2291 omnihus
453 2233 658 2289 successoribus
680 2233 873 2304 apostolorum,
890 2249 967 2305 aeque

168 2334 197 2380 ut
211 2325 279 2394 ipsis
295 2323 434 2394 apostolis,
451 2330 609 2377 concessam
624 2337 684 2377 esse
699 2322 849 2394 profiteor:
867 2333 894 2377 et
911 2331 967 2377 tam

167 2415 259 2485 dignis
275 2428 355 2483 quam
369 2411 490 2482 indignis
506 2411 652 2481 episcopis,
669 2411 789 2481 quandin
804 2427 852 2466 eos
867 2412 967 2467 Eccle-

166 2504 207 2558 sia
218 2501 322 2572 recipit.
339 2501 441 2557 Omnes
450 2501 477 2554 in
489 2500 636 2556 dilectione
647 2500 698 2556 Dei
710 2508 736 2556 et
747 2501 864 2571 proximi
875 2517 966 2574 aequa·

165 2592 216 2659 les,
233 2590 375 2662 acqualiter
389 2589 477 2644 honos
491 2588 628 2660 profiteor,
645 2598 672 2644 et
685 2590 779 2645 merito
796 2606 876 2661 pares
893 2607 898 2643 :
916 2607 966 2647 nee

165 2680 314 2753 quidquam
329 2679 400 2748 apud
416 2679 502 2732 Deum
515 2677 601 2732 meriti
610 2679 689 2749 perit,
698 2678 721 2733 si
732 2679 810 2734 bones
821 2679 966 2735 voluntatis

164 2768 279 2824 affectus
295 2768 322 2821 in
338 2782 387 2821 suo
401 2766 585 2838 praepediatur
599 2766 707 2823 affectu.
723 2768 785 2822 Nou
799 2769 872 2823 enim
883 2785 967 2840 ange·

167 2860 223 2925 lus,
239 2872 302 2913 curn
316 2871 332 2911 a
347 2855 405 2911 Deo
422 2856 534 2927 missus,
551 2857 622 2927 quod
636 2855 728 2913 facere
747 2858 815 2926 vult,
832 2859 965 2929 implere-

163 2948 214 3017 rtt3
230 2955 277 3000 ant
292 2946 350 3016 ipsa
366 2945 456 3000 anima
474 2945 569 2999 Christi
586 2946 682 3001 melior
696 2943 819 3015 efficitur,
837 2964 898 3003 cnm
909 2965 966 3004 suae

1022 1793 1138 1865 capitula
1159 1794 1254 1863 partim
1276 1792 1302 1846 in
1328 1793 1396 1847 libro
1416 1793 1558 1862 theologiae
1583 1794 1679 1864 partim
1703 1794 1729 1847 in
1752 1793 1819 1850 libro

1021 1883 1221 1938 Sententiarum
1240 1883 1372 1951 ejusdem,
1389 1882 1484 1951 partim
1499 1885 1525 1935 in
1540 1882 1619 1948 libro,
1635 1883 1677 1938 cui
1702 1882 1793 1937 titulus
1811 1903 1817 1938 ε

1022 1973 1097 2029 Seite
1114 1975 1247 2044 teipsam,
1263 1979 1370 2042 reperta
1384 1979 1456 2037 sunt,
1470 1993 1481 2018 a
1497 1987 1553 2026 non
1568 1970 1626 2026 siue
1642 1971 1821 2027 admiratione

1022 2061 1139 2116 maxima
1161 2060 1291 2130 suscepi:
1309 2075 1370 2115 cum
1394 2074 1533 2130 uunquam
1552 2058 1650 2130 aliquis
1674 2060 1753 2124 liber,
1770 2059 1819 2132 qui

1022 2150 1220 2207 Sententiarum
1237 2149 1352 2216 dicatur,
1369 2163 1385 2203 a
1401 2164 1444 2202 me
1459 2148 1576 2216 scriptus
1589 2149 1748 2218 reperiatur.
1765 2148 1819 2203 Sed

1022 2239 1090 2294 sicut
1105 2246 1203 2294 caetera
1217 2245 1311 2292 eontra
1326 2252 1372 2291 me
1388 2236 1514 2308 capitula,
1531 2236 1568 2291 ita
1584 2240 1611 2291 et
1635 2237 1687 2293 hoc
1711 2251 1819 2308 quoque

1022 2343 1070 2398 per
1084 2326 1212 2382 malitiam
1228 2332 1256 2380 ct
1269 2325 1449 2398 ignorantiam
1465 2324 1613 2395 prolatum.
1634 2324 1741 2396 Siquid
1764 2324 1819 2396 igi-

1021 2425 1063 2471 tur
1081 2414 1274 2472 consolationis
1299 2415 1326 2468 iu
1355 2413 1462 2469 Christo
1489 2414 1562 2479 Jcsu,
1579 2413 1602 2467 si
1631 2429 1682 2485 qua
1710 2413 1820 2468 viscera

1021 2503 1138 2576 pietatis,
1160 2504 1311 2559 fraternam
1332 2501 1491 2558 charitalem
1524 2510 1641 2557 vestram
1671 2516 1765 2566 exoro,
1790 2509 1820 2558 ut

1020 2593 1215 2660 innocentiam,
1232 2607 1313 2663 quam
1328 2608 1344 2646 a
1359 2591 1436 2661 culpa
1457 2591 1556 2646 veritas
1578 2590 1683 2655 liberat,
1700 2589 1819 2646 infamiae

1020 2698 1124 2738 veneno
1135 2681 1329 2754 respergendo,
1342 2696 1396 2736 non
1407 2680 1557 2751 delinquat,
1567 2679 1703 2735 alteritatis
1718 2679 1820 2750 quippe

1020 2780 1071 2839 est,
1087 2771 1264 2843 opprobrium
1280 2786 1334 2824 nou
1349 2769 1475 2839 accipere
1489 2769 1621 2824 advorsus
1644 2771 1797 2838 proximum
1812 2784 1820 2832 ;

1020 2869 1046 2917 et
1061 2876 1121 2931 quae
1136 2859 1218 2914 dubia
1233 2865 1306 2923 suut,
1317 2857 1344 2911 in
1359 2857 1501 2912 meliorem
1512 2863 1614 2928 partem
1627 2856 1819 2928 interpretari;

1020 2957 1046 3005 et
1061 2949 1135 3003 illam
1152 2963 1262 3019 semper
1277 2945 1427 3002 Dominicae
1440 2946 1548 3017 pietatis
1560 2947 1719 3001 seutentiam
1732 2954 1821 3000 atten-

165 3035 295 3092 voluntati
309 3031 434 3089 effectum
451 3033 553 3087 addidit
569 3050 575 3096 ;
592 3035 641 3089 sed
656 3050 734 3107 aeque
749 3036 861 3106 quilibet
877 3036 965 3092 bonus
979 3065 1004 3130 C
1019 3039 1088 3095 dere
1104 3054 1111 3093 :
1130 3060 1140 3085 a
1156 3036 1245 3092 Nolite
1257 3034 1391 3107 judicare,
1407 3041 1434 3089 et
1449 3050 1503 3089 non
1514 3033 1719 3105 judicabimini;
1737 3033 1822 3090 nolite

165 3129 315 3196 permanet,
332 3123 389 3179 site
411 3129 518 3191 tempus
539 3122 668 3193 operandi
691 3123 875 3188 habeantne
899 3142 962 3194 non,
1019 3128 1213 3193 condemnare,
1231 3130 1256 3182 et
1271 3141 1323 3180 non
1338 3123 1584 3180 condemnabimini
1599 3123 1679 3194 (Luc.
1696 3124 1748 3195 vr).
1770 3146 1781 3172 a

203 3303 345 3358 Praeclara
360 3305 402 3356 est
418 3300 475 3356 haec
489 3299 557 3368 fidei
572 3303 718 3372 professio,
735 3302 784 3360 lter
799 3310 918 3378 excepto
933 3306 1009 3380 quod
1025 3304 1188 3364 abelardus
1201 3307 1339 3377 oppositos
1352 3319 1460 3360 errores
1474 3319 1503 3359 se
1517 3302 1644 3359 docuisse
1658 3307 1709 3358 cut
1726 3303 1820 3373 scrip-

166 3377 235 3431 sisse
250 3375 407 3441 t'up'cinlur,
426 3380 453 3426 et
467 3368 497 3424 S.
511 3373 697 3439 bernardum,
711 3377 845 3448 aliosque.
862 3381 910 3449 qni
924 3380 1075 3450 praedictos
1089 3394 1197 3435 errares
1213 3383 1239 3432 et
1253 3378 1425 3447 abjecerant,
1437 3377 1619 3445 ignorantiae,
1630 3378 1682 3428 aut
1696 3376 1822 3430 mattera-

168 3447 327 3503 insimulnt.
344 3446 375 3501 dc
390 3451 487 3498 autem
499 3448 589 3512 iuopia
603 3448 821 3511 carruineartlar,
838 3453 886 3520 qai
901 3449 951 3506 hoc
964 3451 1109 3506 creadacia
1125 3448 1265 3504 adalardi
1277 3448 1407 3519 persuasi
1416 3451 1494 3508 sani,
1506 3451 1539 3501 at
1550 3447 1822 3500 dicerentsaneiam

169 3520 284 3572 Patrem
300 3520 327 3570 el
348 3517 419 3569 alios
439 3517 664 3585 sapientissimos
689 3518 761 3574 eires
784 3525 885 3575 contra
911 3522 1002 3577 laruas
1022 3536 1171 3593 ptcpnasse,
1196 3519 1371 3574 notatarium
1394 3520 1604 3588 impugnantes,
1625 3516 1820 3585 disputationi

169 3589 276 3642 abbatis
290 3588 428 3656 nntrrrynti
443 3587 577 3640 aduersus
594 3587 722 3642 eumdem
746 3590 930 3645 aldelin-dum
954 3597 1084 3648 eluxere
1108 3593 1199 3647 uisurn
1222 3595 1263 3645 est
1283 3592 1478 3644 testimouium
1501 3587 1588 3642 unius
1612 3603 1649 3641 ee
1674 3587 1823 3653 discipulis

171 3658 306 3725 ejusdem.
325 3658 372 3709 llic
387 3664 427 3709 est
444 3657 598 3726 Gausridus
613 3658 680 3710 olim
697 3659 727 3713 S.
749 3660 884 3715 Bernardr'
899 3666 1040 3725 notarius,
1057 3667 1085 3718 et
1100 3665 1150 3734 qui
1163 3667 1219 3716 tres
1236 3662 1349 3715 altirnos
1364 3661 1498 3724 l'itaeeius
1509 3660 1592 3713 libros
1601 3658 1727 3727 scripsit,
1739 3660 1822 3730 eique

172 3730 203 3782 iu
217 3728 354 3797 rephninc
369 3727 514 3787 successit,
532 3730 632 3798 quarta
647 3730 705 3782 loco
722 3730 948 3787 claraevallensis
968 3734 1049 3789 ahias
1074 3738 1195 3788 creatus.
1208 3733 1255 3800 qui
1276 3733 1359 3800 prius
1378 3731 1533 3795 discipulus
1556 3734 1584 3784 et
1606 3729 1719 3783 auditos·
1740 3729 1822 3784 Petri

171 3799 308 3853 ethelardi
322 3800 427 3867 fueriti.
445 3796 469 3850 ls
485 3813 575 3852 tartum
590 3798 650 3867 ejus
665 3815 789 3857 errorem
802 3818 946 3860 occasione
964 3806 1094 3860 materiae
1108 3821 1191 3877 qttam
1206 3804 1358 3865 tractarat,
1368 3802 1455 3855 cerdis
1469 3801 1649 3872 sequentihus
1663 3800 1783 3870 repellit.

241 3919 394 3992 Gattsridus
405 3936 534 3978 sermone
550 3926 575 3990 8,
590 3924 623 3980 de
638 3927 849 3985 Resurrecticae
862 3927 985 3995 Domini,
1002 3929 1033 3984 iu
1048 3927 1147 3985 illud:
1166 3950 1176 3976 a
1193 3928 1357 3999 Expurgate
1374 3929 1453 3983 uelat
1469 3927 1654 3997 fermentum,
1670 3945 1681 3975 s
1699 3933 1751 3981 etc.

211 4083 222 4109 ι
238 4060 298 4114 lam
315 4073 378 4113 raro
393 4058 420 4111 in
436 4056 480 4110 his
494 4050 666 4121 paschalibus
681 4051 768 4121 epulis
783 4067 836 4107 non
852 4052 930 4106 nobis
945 4060 971 4107 et
992 4051 1217 4123 praetereundum,
1234 4049 1307 4122 quod
1321 4049 1445 4120 ejusdem
1460 4049 1524 4120 ugni
1542 4058 1622 4117 eaput
1632 4066 1692 4105 cum
1703 4049 1821 4119 pedihus

173 4139 199 4188 ct
213 4130 348 4185 intestinis
364 4145 461 4183 vorare
477 4123 667 4198 praecipirnur;
684 4139 733 4177 nec
754 4124 805 4177 rite
833 4125 930 4194 pascha
958 4125 1086 4192 celebrat,
1103 4125 1148 4195 qui
1176 4124 1227 4177 ista
1255 4122 1344 4176 omnia
1371 4137 1426 4176 non
1452 4131 1543 4177 vorat.
1565 4121 1650 4175 Pedes
1676 4121 1737 4190 ejus
1764 4138 1820 4176 nou

173 4201 394 4258 inconvenienter
409 4199 558 4268 accipimus
571 4210 683 4264 opernm
706 4194 834 4264 exemplu
850 4211 856 4247 :
874 4209 941 4263 qnos
956 4194 1069 4250 fideliter
1092 4201 1178 4259 vorat,
1194 4192 1239 4266 qui
1259 4191 1401 4247 efficaciter
1425 4192 1519 4247 eadem
1543 4192 1675 4247 imitatur.
1690 4193 1821 4247 lntestina

173 4274 234 4343 ejus
249 4271 355 4327 allectio
370 4271 469 4326 intimae
483 4265 627 4330 alteritatis,
643 4281 723 4336 quarn
739 4264 817 4320 nobis
831 4272 930 4319 tantam
947 4266 1078 4332 exhibuit,
1093 4275 1120 4320 ut
1135 4265 1255 4319 animam
1269 4272 1381 4333 poneret
1397 4278 1446 4332 pro
1461 4263 1568 4318 amicis.
1579 4262 1676 4317 Infelix
1690 4263 1818 4332 nimium,

174 4346 219 4417 qni
235 4344 282 4398 illa
297 4359 350 4396 nou
366 4351 453 4408 rorat,
467 4341 510 4396 cui
524 4339 568 4392 illa
583 4352 637 4391 non
651 4336 774 4405 sapiunt;
791 4335 902 4407 quinon
917 4336 1044 4406 relicitur,
1059 4352 1116 4392 nou
1130 4336 1251 4400 satiatur,
1268 4350 1322 4390 non
1337 4350 1365 4388 sa
1387 4334 1484 4401 inatut,
1501 4333 1662 4388 ruminando
1686 4341 1712 4388 et
1735 4336 1821 4390 reda-

173 4415 282 4471 mando.
300 4414 445 4478 Caeterum,
462 4428 514 4484 ego
529 4407 594 4463 milti
609 4406 757 4475 aliquando
772 4406 930 4478 magistrum
945 4406 1029 4463 fnisse
1041 4407 1179 4473 recordor,
1194 4406 1314 4479 quicum
1328 4421 1346 4476 p
1383 4404 1444 4460 ibus
1456 4415 1481 4461 et
1496 4405 1630 4460 intestinis
1643 4404 1680 4459 nil
1695 4406 1820 4474 amplius

175 4488 209 4542 dc
225 4500 298 4556 agno
314 4485 433 4554 paschali
448 4492 493 4537 aut
508 4484 564 4553 ipsc
579 4492 691 4544 termas,
707 4487 752 4532 aut
767 4478 908 4548 discipulis
924 4479 1065 4546 exhibens,
1081 4486 1108 4535 et
1122 4494 1152 4533 sc
1165 4479 1264 4560 pariter
1278 4485 1305 4532 et
1317 4493 1381 4533 suos
1395 4491 1450 4532 non
1463 4477 1570 4532 modica
1585 4476 1644 4547 ejus
1659 4475 1820 4546 purtelrau-

174 4558 265 4613 dabat.
282 4555 423 4625 Siquidem
439 4554 551 4624 pretium
567 4548 759 4619 redemptionis
772 4564 915 4614 evacuans,
931 4548 969 4602 nil
984 4550 1059 4604 aliud
1072 4549 1152 4605 nobis
1166 4565 1191 4603 ru
1208 4546 1339 4603 sacrificio
1354 4546 1501 4603 Dominicae
1516 4545 1651 4617 passionis
1672 4562 1819 4602 commen-

175 4629 267 4692 dabat,
284 4627 335 4680 nisi
350 4627 456 4679 virtutis
470 4620 635 4692 exemplum,
647 4629 673 4674 et
687 4620 849 4675 incentivum
865 4619 974 4674 amoris.
991 4619 1070 4691 Quod
1085 4620 1157 4675 enirn
1172 4619 1310 4690 scripturae
1333 4617 1476 4689 perhibent
1499 4616 1533 4673 de
1558 4622 1692 4687 potestate
1715 4618 1819 4675 diaboli

175 4700 293 4772 pretioso
307 4697 440 4769 sunguine
454 4696 602 4750 humanum
621 4707 708 4763 genus
722 4706 783 4745 esse
804 4691 987 4760 redemptum,
1001 4692 1029 4746 in
1053 4706 1086 4746 eo
1107 4691 1165 4747 solo
1189 4697 1313 4746 constare
1336 4688 1451 4750 dicebat,
1467 4687 1540 4759 quod
1561 4688 1714 4760 exemplum
1738 4689 1818 4745 nobis

174 4771 322 4826 etltibitnm
338 4776 378 4823 est
392 4765 526 4836 usquead
540 4770 653 4817 mortem
668 4760 831 4831 projnstitia
852 4770 879 4816 et
898 4763 1008 4817 veritate
1031 4761 1161 4827 certandi,
1177 4769 1204 4816 et
1226 4760 1374 4815 adhibitum
1397 4759 1474 4814 velut
1494 4758 1631 4829 quoddam
1652 4760 1819 4815 incentivum

173 4841 285 4905 amoris,
302 4854 363 4894 cum
379 4854 428 4908 pro
443 4837 566 4906 impenso
580 4848 674 4887 amore
689 4832 796 4887 occasio
811 4832 872 4887 data
886 4841 927 4887 est
940 4833 1111 4888 redamandi.
1127 4832 1160 4886 Et
1174 4830 1284 4904 quidem
1298 4845 1399 4902 magna
1413 4829 1471 4885 hec
1485 4838 1512 4884 et
1527 4845 1602 4897 vera,
1614 4829 1664 4885 sed
1677 4833 1813 4888 consola.

174 4911 333 4965 Benedictus
349 4909 492 4973 Dominus,
509 4908 554 4976 qui
567 4903 631 4958 mihi
647 4904 726 4957 simul
742 4910 768 4958 ct
783 4902 859 4958 vobis
874 4903 1035 4975 magistrum
1051 4912 1144 4972 postea
1158 4902 1232 4957 dedit
1246 4901 1394 4968 meliorem,
1411 4916 1461 4971 per
1475 4917 1555 4972 quem
1571 4901 1759 4971 priorisredar
1780 4904 1818 4958 uit

174 4983 365 5053 ignorantiam,
382 4978 552 5034 insolentiam
566 4975 723 5030 confutavit.
740 4975 788 5029 llle
802 4979 873 5028 enim
889 4982 1020 5044 tauquam
1036 4990 1116 5028 verus
1130 4974 1260 5028 Hebraeus
1274 4971 1354 5026 avide
1370 4986 1479 5042 prorsus
1495 4973 1617 5036 vorabat,
1629 4980 1653 5026 et
1666 4919 1818 5028 vorantium

174 5053 253 5106 nohis
269 5051 383 5104 sollicite
398 5047 697 5116 commendabatcapnt
709 5059 769 5100 cum
786 5045 899 5114 pedibus
914 5054 940 5100 et
955 5044 1088 5099 intestinis
1105 5063 1110 5098 :
1124 5044 1163 5099 sic
1176 5044 1335 5098 imitandum
1346 5042 1494 5113 praedicans
1502 5043 1649 5097 Dominum
1660 5044 1816 5114 patientem,

172 5124 210 5178 sic
226 5121 420 5175 redantaudurn
435 5123 580 5182 ornantem,
597 5127 624 5171 ut
639 5115 819 5187 principalem
836 5117 916 5184 hujus
938 5114 1064 5171 sacrificii
1081 5131 1190 5170 cansam
1206 5116 1279 5170 velut
1300 5113 1370 5186 Agni
1391 5122 1471 5183 caput
1494 5117 1707 5184 redemptionem
1732 5115 1759 5169 in
1784 5130 1817 5170 eo

172 5193 342 5265 profiteretur
358 5200 383 5245 et
398 5191 519 5246 arlnraret
531 5192 688 5243 humanam.
708 5209 719 5233 a
740 5186 801 5240 llacc
815 5185 960 5241 Gaul'ridus
976 5187 1005 5239 io
1020 5185 1148 5255 prraedicto
1162 5201 1297 5249 sermone,
1314 5192 1500 5255 propterque
1523 5184 1605 5259 aliqui
1629 5186 1818 5242 existimarunt

172 5282 233 5318 terrm
248 5263 387 5333 scripsisse
400 5262 499 5317 librum
514 5261 643 5316 adversus
667 5261 770 5311 Petrum
794 5255 981 5325 hbaelardum3
998 5259 1035 5311 ex'
1053 5272 1106 5328 quo
1123 5264 1230 5328 sumpto
1249 5255 1303 5310 siut
1321 5256 1448 5327 praedicta
1468 5255 1528 5325 ejus
1550 5255 1644 5313 verba.
1670 5256 1725 5314 Sed
1747 5257 1818 5314 nihil

172 5335 244 5390 aliud
257 5334 363 5406 scripsit
377 5334 404 5388 iu
418 5349 489 5402 cum,
501 5333 554 5386 nisi
567 5330 651 5389 rerba
666 5330 749 5384 relata
762 5328 789 5381 iu
803 5342 929 5384 sermone
943 5327 1083 5399 praedicto.
