3728 6000
123 255 173 312 aar
624 251 812 310 uutttatsu
823 236 976 311 'nestris
993 254 1022 310 ε.
1043 224 1264 312 rusooomcr
1724 262 1762 318 ar

122 378 219 434 invidit
235 376 319 434 :lecit
334 392 415 449 quem
438 375 535 434 melius
558 375 618 433 lieri
632 379 732 449 potuit.
754 377 841 448 allec
869 377 925 433 Se·
938 383 966 443 Α
980 377 1031 433 soli
1046 378 1097 434 suh
1112 386 1245 450 potestate
1260 379 1317 447 ejus
1331 388 1394 435 sunt
1408 380 1453 450 qni
1472 383 1620 438 seeundum
1646 383 1776 441 volunta-

122 482 191 524 neca
203 465 237 522 de
253 467 375 521 Platone.
975 476 1030 523 tem
1045 468 1106 538 ejus
1120 468 1224 524 vivunt.
1244 468 1366 524 Servitus
1384 479 1473 524 autem
1503 470 1562 528 haec
1591 475 1708 530 servitus
1735 482 1777 530 εει

158 555 239 625 Quod
253 554 369 612 dicendo
379 554 455 610 Plato
468 554 623 612 rationabili
631 555 736 612 cautela
751 563 777 612 et
798 556 923 628 philoso·
977 556 1272 627 concupiscentiarum,
1288 573 1340 627 qua
1359 558 1426 613 vivit
1448 559 1530 616 homo
1553 562 1701 617 secundum
1730 579 1776 620 vo-

123 645 206 717 phica
217 642 360 716 prudentia
374 643 504 699 mundum
518 643 659 715 appellans
674 659 783 701 omnem
805 645 921 701 omnino
975 643 1108 701 luntatem
1123 645 1281 713 seductoris,
1297 646 1342 702 cui
1358 662 1438 702 nemo
1462 648 1532 704 valet
1560 650 1698 719 resistere,
1723 652 1775 708 nisi

124 741 288 799 creaturam,
304 731 424 789 omnium
440 748 501 803 quae
514 733 544 787 in
558 732 659 788 mundo
675 732 817 789 factasunt
830 733 922 788 brevi·
975 733 1004 790 in
1015 749 1102 806 ragno
1113 735 1221 806 gratiae.
1240 734 1303 790 Non
1317 742 1406 790 autem
1416 743 1459 791 est
1469 737 1521 793 sub
1536 738 1596 808 ejus
1625 738 1775 809 voluntate,

122 828 165 878 ter
178 820 267 877 reddit
279 820 421 891 rationem,
429 820 533 877 scilicet
543 821 616 877 hona
635 836 707 889 ease,
722 829 748 877 ει
775 821 847 876 bene
862 819 922 877 lieri
977 823 1008 877 in
1020 837 1072 893 quo
1089 821 1162 894 quod
1178 821 1244 890 vult,
1261 837 1317 878 non
1327 829 1416 893 potest
1430 823 1547 882 efficere.

122 910 213 969 omnia
225 925 397 983 quaeounque
407 908 500 965 fiuntc
514 916 569 965 tam
585 910 656 966 hone
671 910 826 967 conditore.
838 911 922 966 Dica-
1011 911 1080 966 Huic
1094 911 1221 982 potestati
1237 914 1300 967 aute
1311 910 1410 967 Christi
1428 914 1574 969 adventum
1604 922 1679 971 totus
1704 933 1776 989 pene

121 1015 183 1056 mus
198 1007 225 1056 et
238 1015 289 1056 nos
304 1017 310 1054 :
327 999 394 1069 Quae
408 998 459 1054 luit
472 1000 634 1069 causaDeo,
651 998 767 1056 faciendi
777 1014 876 1057 novam
891 1001 920 1054 in
976 1000 1093 1055 mundus
1108 1006 1167 1055 erat
1181 999 1327 1065 obnoxius,
1345 1015 1407 1056 eum
1420 1002 1549 1058 servirent
1561 1003 1585 1057 ei
1616 1019 1711 1060 omnes
1736 1007 1777 1061 in·

122 1089 227 1146 Christo
240 1097 393 1146 ereaturam
409 1089 423 1142 ‘i
438 1088 548 1144 Bonitas
557 1105 615 1144 sus.
631 1088 696 1145 ldee
715 1103 822 1143 summe
836 1088 922 1144 honus
973 1088 1050 1159 justi,
1066 1103 1117 1144 nec
1129 1089 1239 1144 cornino
1258 1089 1393 1144 immunes
1409 1090 1444 1145 ah
1467 1105 1499 1145 ea
1523 1096 1601 1147 erent
1628 1094 1717 1164 pauci,
1731 1095 1775 1165 qui

120 1176 272 1245 faciteam,
288 1193 370 1248 quam
384 1176 480 1233 melius
494 1175 553 1232 fieri
569 1176 699 1248 oportuit.
719 1177 836 1248 Proque
851 1176 921 1244 si,in
976 1181 1038 1230 tunc
1049 1180 1126 1228 erant
1150 1172 1234 1242 justi;
1251 1189 1313 1229 cum
1341 1188 1358 1228 a
1384 1173 1493 1230 diaholo
1517 1175 1642 1232 immisso
1664 1190 1775 1249 peccato

122 1265 256 1337 sapientia
272 1265 322 1322 Dei
338 1287 349 1314 ι
368 1265 488 1336 oportuit
502 1265 637 1321 Christum
651 1266 706 1336 pati
716 1272 743 1320 et
766 1280 920 1337 resurgere,
976 1261 1103 1333 originali
1117 1260 1232 1316 obnoxii
1246 1275 1342 1317 ornnes
1353 1262 1482 1316 mundum
1497 1263 1570 1320 huno
1586 1265 1776 1337 ingredieban-

121 1362 151 1412 ει
164 1354 202 1412 ιιι
216 1355 319 1411 intrare
334 1354 363 1409 in
376 1353 490 1427 gloriam
507 1369 584 1410 suam
600 1355 678 1423 (lae.
694 1355 761 1423 xiv),
780 1376 791 1407 ι
810 1353 874 1424 quid
892 1353 922 1406 in
975 1357 1026 1415 tur,
1041 1349 1086 1419 qui
1099 1348 1134 1403 de
1149 1364 1232 1404 earne
1242 1349 1349 1421 peccati
1364 1351 1561 1416 noscebantur,
1571 1352 1775 1426 migrantesau-

123 1442 346 1500 hoccelumniari
362 1446 452 1514 potest
464 1443 591 1498 humane
604 1442 718 1498 rationis
732 1440 922 1513 ingratitudo?
974 1445 1030 1494 tem
1042 1438 1078 1492 de
1090 1437 1190 1493 saeeuto
1202 1437 1278 1505 justi,
1293 1453 1355 1493 eum
1383 1453 1439 1493 non
1462 1447 1555 1495 essent
1581 1441 1608 1495 in
1632 1444 1773 1498 tormentis

120 1531 236 1604 Propter
249 1531 324 1604 quod
337 1530 402 1587 dicit
412 1531 439 1585 in
453 1531 587 1602 propheta
604 1547 610 1584 :
629 1553 641 1579 ι
658 1531 717 1602 ligo
732 1529 794 1594 leci,
809 1545 863 1601 ego
876 1529 921 1584 fe·
975 1541 1038 1582 eum
1048 1525 1156 1595 injustis
1170 1534 1196 1581 ει
1210 1540 1271 1581 oum
1289 1525 1410 1595 diaholo,
1428 1533 1585 1584 nontamen
1606 1534 1683 1586 arant
1711 1549 1772 1587 eum

120 1635 191 1690 rani,
207 1619 270 1676 dicit
284 1619 419 1676 Dominus
433 1619 502 1689 (isa.
518 1620 601 1686 xevt).
613 1640 624 1667 u
638 1617 836 1687 Quinimooum
845 1617 921 1673 multi
975 1614 1043 1680 Deo,
1058 1613 1230 1685 inquantum
1244 1614 1272 1668 in
1288 1615 1410 1671 tenebris
1425 1616 1511 1671 Deum
1526 1633 1579 1673 uon
1595 1618 1706 1674 videndi
1721 1620 1773 1676 de-

120 1717 220 1782 presto
234 1715 327 1765 essent
340 1707 415 1764 modi
424 1707 583 1764 salvationis
597 1708 723 1762 humanae
742 1706 920 1777 omnipotenti
934 1739 961 1799 B
975 1703 1138 1759 timebantur.
1150 1702 1217 1771 Ques
1232 1718 1296 1758 vero
1311 1702 1345 1758 sit
1356 1704 1460 1773 justitia
1474 1705 1502 1759 in
1517 1708 1650 1778 sanguine
1661 1708 1771 1776 Christi,

118 1804 147 1855 ει
160 1797 278 1870 sapienti
292 1797 438 1866 De0;cur,
453 1797 523 1852 sicut
533 1795 599 1852 dicit
621 1795 714 1852 beatus
742 1795 917 1867 Augustinus,
975 1808 1028 1864 qua
1040 1790 1205 1862 justificatur
1215 1792 1297 1847 homo
1312 1793 1385 1862 apud
1401 1793 1497 1862 Deum,
1523 1803 1549 1850 et
1576 1797 1711 1867 quomodo
1740 1799 1773 1853 sit

117 1887 191 1943 huno
203 1894 352 1952 recusaret,
365 1887 420 1940 imo
435 1899 487 1941 cur
501 1900 555 1941 non
566 1885 637 1940 hunc
647 1884 737 1955 potius
746 1900 803 1955 prae
814 1883 919 1939 caeteris
973 1880 1091 1936 homiuis
1100 1880 1286 1936 reconciliatio
1299 1883 1332 1935 ad
1340 1881 1426 1935 Deum
1440 1893 1611 1952 permortem
1630 1884 1686 1939 Filii
1699 1885 1769 1955 ejus,

118 1974 245 2031 omnihus
257 1973 379 2047 eligeret,
394 1972 441 2027 uhi
456 1972 491 2029 de
506 1971 652 2028 divinitatis
666 1972 756 2045 gloria
775 1972 842 2026 nihil
856 1986 918 2026 om·
973 1968 1091 2025 difficilis
1106 1976 1219 2039 quaestto
1235 1977 1285 2034 est,
1301 1984 1357 2024 nen
1372 1970 1499 2042 agitanda
1521 1973 1547 2026 in
1572 1973 1697 2040 tumultu,
1723 1976 1770 2030 sed

115 2062 184 2120 nino
198 2069 241 2119 εει
251 2061 437 2128 imminutum,
459 2069 486 2116 ει
499 2059 534 2117 de
558 2060 709 2116 humilitate
735 2064 763 2115 ει
790 2059 919 2131 passione
971 2057 1017 2128 pie
1031 2065 1059 2113 et
1074 2057 1210 2112 humiliter
1224 2057 1371 2128 quaerenda
1385 2058 1412 2112 in
1424 2059 1533 2129 spiritu.
1551 2061 1640 2132 lpsum
1669 2064 1770 2118 etenim

63 2138 69 2159 '¹
114 2152 265 2208 Salvatoris
293 2154 400 2207 tantum
418 2149 446 2204 in
461 2148 563 2206 mundo
590 2148 692 2204 bouum
707 2152 747 2203 est
762 2147 886 2204 effectum
902 2150 917 2202 ‘l
971 2153 1013 2202 est
1027 2153 1240 2214 sacramentum,
1258 2145 1292 2200 de
1307 2162 1361 2216 quo
1378 2147 1528 2217 Apostolus
1539 2149 1606 2204 dicit
1618 2167 1623 2203 :
1634 2151 1688 2205 «Et
1697 2160 1770 2207 certe

113 2239 329 2312 Arnplecteretur
342 2246 417 2295 certe
432 2246 458 2294 ει
478 2237 524 2294 hic
548 2238 700 2293 communis
727 2236 821 2292 salutis
846 2235 916 2293 elie-
971 2250 1100 2307 magnum
1116 2242 1157 2291 est
1171 2234 1280 2305 pietatis
1295 2243 1514 2306 sacramentum
1531 2238 1602 2310 quod
1613 2240 1772 2295 manifesta·

113 2336 199 2399 ctum,
214 2342 265 2384 nec
277 2336 330 2383 tem
344 2334 449 2383 temere
472 2326 517 2381 vel
540 2326 646 2382 curiose
665 2333 832 2382 scrutaretur
859 2324 916 2379 sal·
971 2330 1027 2378 tum
1042 2332 1084 2379 εει
1098 2323 1127 2378 ιιι
1140 2339 1232 2389 came,
1246 2321 1422 2394 justificatum
1438 2325 1521 2379 estin
1536 2326 1636 2396 Spiritu
1648 2328 1675 2396 (l
1692 2330 1765 2384 Tim.

112 2419 195 2476 tandi
208 2417 323 2486 modos;
341 2416 364 2472 si
386 2414 524 2472 credendo
548 2424 574 2470 et
592 2415 709 2470 amando
737 2421 839 2470 tautum
864 2413 914 2468 de·
969 2413 1044 2482 ιιι).»
1063 2413 1121 2468 Ηοε
1136 2418 1177 2468 εει
1193 2412 1264 2481 quod
1280 2411 1430 2467 factumest
1444 2413 1471 2468 in
1481 2429 1562 2470 carne
1576 2416 1684 2471 Domini
1694 2417 1770 2485 lesu,

113 2507 196 2564 ferret
210 2505 318 2563 Christe
328 2505 424 2560 mundi
441 2504 587 2570 salvatori,
602 2513 735 2576 quantum
749 2503 826 2558 Plato
838 2501 914 2557 aesti-
968 2501 1025 2556 sive
1041 2501 1109 2568 visu,
1125 2501 1181 2555 sire
1192 2501 1294 2565 auditu,
1311 2501 1488 2557 manifestum
1517 2504 1618 2559 iactum
1640 2513 1679 2560 est
1707 2521 1769 2561 om-

111 2594 312 2651 mandodetulit
326 2595 385 2649 Deo
395 2592 490 2648 mundi
507 2593 638 2649 Creatori.
661 2593 707 2647 Ait
731 2591 823 2646 beotus
852 2591 912 2645 Au·
968 2588 1049 2644 nibus
1064 2603 1071 2643 :
1085 2588 1187 2657 iustitia
1202 2605 1267 2646 vero
1282 2605 1342 2660 quae
1356 2605 1404 2661 per
1418 2590 1497 2646 tidem
1523 2601 1564 2647 est
1587 2593 1614 2646 in
1636 2594 1770 2666 sanguine

111 2682 265 2757 guatinas:
285 2704 296 2730 υ
313 2683 473 2738 Potestetem
489 2689 579 2736 autem
603 2682 632 2737 in
658 2681 760 2736 mundo
774 2679 913 2735 disholum
967 2677 1036 2747 ejus,
1053 2693 1108 2733 non
1126 2678 1177 2732 nisi
1192 2678 1219 2732 in
1234 2679 1328 2749 spiritu
1338 2683 1449 2749 apparet
1462 2680 1623 2749 quibusdam
1644 2682 1770 2752 spiritua-

110 2771 224 2828 nimiam
238 2770 366 2826 hahuisse
380 2777 443 2825 ante
457 2770 602 2826 adventum
618 2768 726 2837 Christi,
742 2768 769 2822 in
783 2766 913 2839 passione
967 2765 1047 2822 libus.
1059 2768 1091 2821 ln
1107 2782 1161 2836 quo
1177 2775 1268 2822 tamen
1283 2772 1328 2836 qut
1343 2776 1416 2822 amat
1431 2783 1484 2823 non
1500 2768 1613 2836 laborat,
1626 2771 1691 2840 quia
1710 2771 1768 2840 ipse

111 2859 172 2932 ejus
183 2859 369 2925 amittendam,
385 2858 443 2931 ipse
465 2858 597 2913 Dominus
618 2857 731 2911 instante
753 2856 818 2911 hora
844 2870 912 2924 pas·
967 2855 993 2911 εἰ
1008 2869 1086 2910 amer
1100 2855 1251 2912 intellectus
1273 2864 1322 2921 εει,
1353 2857 1399 2925 qui
1424 2872 1535 2912 sensum
1563 2857 1662 2913 Christi
1688 2859 1769 2915 hehet

110 2948 197 3004 aionis
212 2964 269 3004 suae
281 2951 395 3005 testatus
410 2953 451 3002 εει
474 2945 591 3001 diceus:
619 2945 697 3000 Nunc
711 2943 846 3013 judicium
870 2950 911 2998 est
966 2944 1115 3015 (iconii),
1131 2943 1200 2998 sieut
1215 2942 1361 3014 Apostolus
1380 2944 1487 3000 sedicit
1515 2945 1627 3012 hahere,
1644 2949 1692 3019 qui
1716 2947 1769 3002 bo·

110 3036 205 3092 mundi
213 3055 222 3103 ;
237 3052 308 3091 nune
324 3035 452 3107 princeps
476 3033 558 3105 hujus
575 3032 669 3087 mundi
697 3032 821 3102 ejicietur
835 3031 911 3086 foras
965 3047 1029 3085 num
1044 3029 1320 3104 gratiaejustilicautis
1329 3032 1476 3088 sentiendo
1496 3033 1523 3087 in
1534 3035 1646 3089 Christo
1656 3037 1730 3102 lesu,
1741 3036 1769 3090 in

110 3126 203 3197 (loon.
219 3126 279 3195 ιιι).
295 3125 353 3179 »Et
362 3123 463 3178 iterum
475 3139 504 3176 :a
521 3123 593 3177 Eece
608 3119 819 3192 renitprinceps
831 3119 912 3189 hujus
924 3091 951 3156 0
968 3119 1116 3189 semetipso
1129 3119 1210 3174 ctiam
1224 3119 1278 3175 hoc
1292 3120 1381 3190 ipsum
1398 3128 1519 3176 meretur
1533 3123 1644 3190 sentire,
1666 3138 1770 3196 nequa-

111 3212 406 3282 mundi,otinmenon
421 3207 703 3281 invenietquidquarn
720 3209 811 3278 (toan.
827 3208 911 3276 xlvi.»
969 3222 1051 3278 quam
1067 3205 1132 3261 illud
1147 3206 1239 3261 valens
1254 3207 1352 3261 sentire
1367 3207 1394 3260 in
1418 3209 1576 3280 semetipso,
1613 3211 1663 3265 nisi
1692 3211 1768 3282 prius

110 3301 170 3358 Nisi
187 3301 259 3358 enim
274 3299 404 3356 diabolus
421 3305 582 3370 potestatem
595 3295 748 3353 exercendo
762 3296 791 3349 in
813 3294 914 3351 mundo
969 3297 1050 3369 pleno
1060 3298 1228 3354 illuminante
1239 3297 1301 3355 iidei
1312 3315 1393 3354 sensu
1406 3300 1505 3355 sentiat
1516 3301 1542 3354 in
1558 3300 1674 3356 Christo.
1691 3301 1769 3357 Unde

114 3394 197 3455 assei,
212 3404 384 3463 nequaquem
413 3387 556 3453 diceretur,
572 3406 583 3434 ι
601 3385 725 3455 ejicietur
752 3384 831 3440 ieras.
851 3407 863 3432 ι
881 3383 915 3437 Ει
969 3395 996 3442 ει
1014 3387 1214 3457 scriptumest:
1232 3410 1244 3434 ι
1259 3388 1316 3443 lloc
1330 3388 1427 3443 sentite
1441 3388 1470 3442 in
1484 3389 1571 3455 vohis,
1589 3388 1661 3461 quod
1685 3398 1712 3444 et
1739 3388 1768 3442 in

114 3492 290 3549 nequaquam
312 3477 341 3530 in
368 3474 484 3530 Domino
501 3473 649 3544 quidquam
662 3472 824 3545 requireret,
840 3470 863 3526 si
884 3470 914 3525 in
969 3474 1077 3530 Christo
1091 3476 1155 3532 lesu
1170 3476 1311 3549 (Philipp.
1326 3481 1366 3546 ιι).
1385 3478 1476 3546 »lpse
1498 3477 1598 3549 quippe
1626 3485 1668 3533 est
1690 3476 1768 3546 fides,

114 3566 218 3624 caeteris
234 3563 389 3620 hominibus
401 3562 470 3617 nihil
483 3561 595 3617 haberet
621 3561 745 3617 Potestas
752 3568 841 3616 autem
857 3559 915 3614 haec
969 3576 1050 3635 quam
1065 3563 1134 3618 sicut
1148 3564 1282 3619 Dominus
1295 3564 1360 3619 dicit
1374 3564 1464 3632 Petro,
1482 3581 1535 3621 uon
1547 3566 1647 3622 revelat
1662 3581 1727 3622 caro
1742 3574 1770 3622 et

117 3653 218 3710 diaboli
232 3653 263 3707 in
277 3653 389 3708 homine
403 3651 438 3705 ah
451 3649 498 3706 illo
512 3649 603 3720 eoepit,
620 3664 701 3720 quem
728 3648 816 3720 primo
831 3648 914 3702 dece·
969 3652 1093 3724 sanguis,
1103 3651 1150 3706 aed
1159 3652 1237 3707 Pater
1246 3653 1292 3724 qui
1305 3661 1347 3706 εει
1358 3653 1387 3707 in
1397 3653 1473 3708 coelis
1484 3654 1596 3723 (hatti.
1610 3656 1679 3724 xvi).
1692 3655 1770 3711 Unde

115 3742 167 3815 pit,
182 3756 239 3796 non
252 3740 325 3813 quod
339 3740 411 3795 Deus
422 3738 532 3794 diabolo
546 3738 573 3792 in
590 3737 700 3792 homine
715 3736 821 3792 dederit
836 3744 915 3807 pote·
970 3745 1001 3795 et
1013 3739 1076 3793 alibi
1091 3739 1157 3794 dicit
1172 3740 1206 3795 ad
1221 3739 1369 3812 discipulos
1385 3757 1391 3794 :
1404 3761 1416 3788 ι
1429 3741 1496 3797 Sunt
1509 3741 1543 3797 de
1568 3741 1612 3798 hic
1626 3743 1769 3809 stantihus,

118 3837 224 3896 statem,
240 3831 287 3884 sed
299 3844 373 3894 mox,
389 3842 451 3882 cum
466 3825 783 3898 peceantemDeuaJ'uste
796 3823 917 3879 deseruit
970 3826 1016 3899 qui
1032 3842 1087 3882 non
1101 3828 1245 3899 gustabunt
1260 3828 1481 3896 mortem,donec
1495 3829 1604 3886 videant
1615 3831 1769 3886 Filiumho-

117 3919 268 3983 hominem,
285 3917 415 3972 seductor
428 3915 530 3971 invasit
544 3922 730 3985 peecatorem.
761 3912 866 3967 Primus
883 3913 917 3966 si·
970 3915 1052 3970 minis
1066 3915 1095 3969 in
1109 3931 1197 3988 regno
1209 3931 1259 3972 suo
1274 3916 1373 3987 (idid).
1394 3939 1404 3964 ι
1424 3917 1502 3973 Stare
1522 3918 1622 3990 quippe
1649 3917 1677 3972 in
1704 3918 1769 3987 fide,

119 4007 230 4079 quidem
244 4006 327 4062 homo
341 4019 403 4061 cum
418 4003 543 4060 conditus
553 4011 626 4058 esset
645 4001 723 4058 liberi
737 4000 852 4067 arbitrii,
865 4001 917 4056 hoe
970 4003 1119 4058 multorum
1135 4013 1188 4068 εει;
1206 4004 1299 4059 videre
1310 4012 1399 4060 autem
1412 4004 1439 4058 in
1454 4005 1507 4061 hae
1522 4006 1577 4061 rita
1606 4006 1704 4061 Filium
1718 4008 1772 4062 ho·

119 4103 171 4166 est,
186 4093 302 4150 liberum
316 4093 420 4148 habens
434 4092 456 4147 si
471 4091 552 4148 vellet
567 4098 726 4163 perpetuam
741 4089 842 4144 habere
856 4104 917 4144 cum
971 4091 1051 4146 minis
1065 4092 1092 4146 in
1107 4108 1192 4164 regno
1207 4109 1267 4163 suo,
1283 4108 1432 4164 paucorum
1455 4112 1461 4148 :
1477 4094 1574 4166 quibus
1589 4097 1640 4151 hoc
1667 4095 1769 4150 illumi·

119 4181 321 4240 immortalitate
343 4180 485 4252 justitiam,
511 4188 608 4252 sponte
636 4178 776 4235 consensit
805 4177 917 4233 inimico
970 4181 1043 4235 natis
1056 4181 1142 4236 oculis
1156 4179 1219 4236 fidei
1230 4181 1342 4246 revelat,
1356 4196 1410 4236 non
1425 4197 1487 4237 earo
1516 4189 1545 4237 ct
1567 4184 1694 4256 sanguis,
1720 4184 1770 4240 sed

120 4271 292 4344 suggerenti,
306 4285 367 4327 cum
378 4269 497 4324 noudum
513 4276 652 4340 poteretur
666 4267 739 4339 quod
764 4266 919 4337 patiebatur
972 4269 1060 4338 Pater,
1077 4269 1121 4339 qui
1137 4277 1179 4325 est
1193 4270 1221 4324 in
1236 4269 1320 4326 coelis.
1334 4269 1412 4324 Videt
1426 4277 1516 4325 eutem
1544 4271 1626 4326 etiarn
1667 4271 1695 4326 in
1721 4273 1772 4327 hae

121 4362 169 4434 qui
187 4359 294 4417 dicebat
310 4376 317 4414 :
334 4385 342 4407 ‹
363 4356 622 4414 Condelectorenim
636 4355 757 4427 legiDei,
769 4355 917 4410 seeundum
971 4357 1133 4413 vitalitium
1149 4359 1265 4414 hominis
1280 4359 1306 4412 in
1321 4372 1406 4430 regno
1417 4374 1467 4414 suo
1482 4359 1770 4433 quicunque,regnum

120 4449 278 4505 interiorem
291 4447 441 4511 hominem,
458 4460 541 4501 carne
555 4451 646 4499 autem
661 4443 715 4515 legi
726 4443 842 4514 peccati.
871 4444 918 4500 Vi·
934 4445 959 4507 l)
975 4446 1068 4502 Christi
1085 4445 1206 4514 effectus,
1222 4456 1249 4502 et
1263 4445 1325 4502 fidei
1341 4446 1477 4502 intellectu
1488 4457 1514 4503 et
1534 4449 1634 4504 amoris
1661 4448 1769 4519 effectu,

121 4539 276 4595 decantem
297 4535 381 4592 aliam
400 4535 491 4607 legem
514 4537 709 4604 repugnantem
738 4531 792 4603 legi
821 4532 919 4587 mentis
974 4543 1001 4590 et
1014 4535 1076 4591 vitae
1091 4534 1188 4591 effectu
1203 4550 1317 4591 manens
1331 4535 1359 4589 in
1370 4535 1485 4603 Christo,
1502 4537 1646 4609 ipsumque
1668 4538 1772 4593 hahens

119 4643 199 4695 rneae,
216 4634 242 4681 et
265 4625 407 4696 captivum
422 4639 465 4677 me
484 4621 626 4677 ducentem
642 4620 669 4674 in
690 4619 780 4690 legem
804 4611 919 4690 peceati,

121 4731 183 4788 quae
197 4722 238 4768 est
252 4714 280 4767 in
294 4710 426 4767 memhris
439 4710 507 4765 meis
522 4711 612 4781 (Rom.
631 4710 694 4773 vn).
713 4731 723 4755 ι
754 4707 852 4779 Sisque
868 4724 919 4779 po·

122 4811 206 4860 testes
218 4818 234 4857 a
248 4800 357 4856 diabolo
368 4808 409 4855 εει
432 4800 461 4852 in
477 4798 615 4852 hominem
626 4811 681 4851 non
692 4797 755 4864 jure
777 4797 919 4870 acquisita,

29 4891 32 4895 ’
123 4892 174 4949 sed
184 4890 307 4962 nequiter
318 4895 495 4960 praesumpta,
511 4892 569 4942 eta
590 4886 648 4939 Deo
669 4884 743 4954 juste
772 4885 919 4956 permissa,

124 4986 271 5061 quahemo
285 4999 379 5040 servus
388 4983 444 5052 ejus
460 4984 547 5036 lactus
560 4987 601 5034 est
615 4994 629 5034 a
645 4993 700 5048 quo
714 4986 858 5049 superatus
868 4986 919 5046 est,

123 5093 148 5142 et
168 5082 332 5156 illaqueatus
346 5079 450 5151 laqueis
462 5076 564 5133 diaboli
592 5075 746 5146 captivatus
772 5084 824 5144 est,
850 5075 922 5132 sicut

123 5176 271 5250 Apostolus
281 5174 355 5241 dicit,
372 5172 407 5229 ah
422 5187 455 5229 ee
468 5172 502 5227 ed
516 5171 576 5241 ejus
602 5169 777 5238 voluntatem,
793 5171 922 5227 subaudis

122 5273 290 5332 iaciendum.
309 5271 354 5328 Sic
372 5269 444 5326 enirn
458 5270 496 5324 ihi
510 5268 641 5341 scriptum
655 5274 718 5322 est:
741 5291 753 5319 u
770 5269 803 5324 Ut
822 5268 920 5342 resipi.

973 4624 1001 4679 in
1011 4641 1040 4680 se
1048 4635 1211 4692 manentem,
1228 4624 1377 4680 seeundum
1392 4625 1512 4694 Apostoli
1527 4631 1706 4697 praeceptum,
1717 4643 1770 4683 no-

973 4713 1011 4769 vit
1025 4729 1086 4768 eum
1101 4711 1264 4767 sanctificare
1279 4713 1306 4767 in
1321 4711 1404 4767 eorde
1419 4728 1482 4767 suo.
1501 4715 1565 4769 llaee
1577 4712 1645 4770 fides
1655 4716 1773 4770 testimo

974 4802 1049 4856 nium
1061 4809 1101 4856 est
1115 4800 1183 4856 illud
1200 4799 1289 4866 fidele,
1307 4801 1467 4870 sapientiam
1493 4810 1625 4873 praestans
1639 4804 1771 4873 paruulis,

974 4889 1162 4960 contemplans
1188 4891 1215 4944 in
1242 4889 1420 4945 sacramentis
1439 4889 1494 4944 suis
1514 4890 1634 4960 justitias
1662 4893 1773 4948 Domini

974 4994 1071 5053 rectas,
1088 4995 1162 5042 recte
1175 5010 1185 5034 ι
1198 4986 1363 5044 laetilicuntes
1374 4988 1457 5044 corda
1469 4996 1652 5060 ;preeeeptum
1662 4989 1772 5044 Domini

973 5083 1102 5151 lucidum,
1119 5083 1273 5140 illuminans
1286 5084 1380 5141 oculos
1395 5087 1481 5156 (Prot.
1498 5088 1596 5156 xv111);
1615 5108 1626 5134 ι
1644 5086 1771 5142 ιιιιιοιειιι

975 5181 1082 5238 Domini
1091 5189 1213 5240 sanctum
1228 5192 1433 5256 permanentem
1447 5184 1475 5237 in
1497 5183 1627 5240 saeculum
1655 5184 1770 5255 saeculi3

976 5278 1100 5350 «judicia
1114 5279 1222 5336 Domini
1232 5296 1295 5338 vera
1306 5279 1449 5351 justificata
1463 5279 1769 5351 insemetipsa(thid.),.

122 5379 198 5430 scant
222 5387 238 5427 a
252 5370 359 5442 laqueis
373 5368 484 5435 diaboli,
514 5384 597 5441 aquo
612 5371 710 5442 captivi
736 5375 861 5426 tenentur
886 5372 921 5427 sd
951 5418 954 5425 .
973 5378 1160 5450 superomnia
1176 5394 1236 5449 qoae
1250 5377 1441 5435 desiderentur
1454 5376 1652 5447 desiderabilia,
1668 5387 1696 5433 ut
1722 5379 1770 5433 in-

122 5469 183 5541 ejus
212 5467 378 5525 voluntatem
408 5467 444 5537 (ll
456 5468 525 5523 Tim.
547 5467 587 5538 ιι).
616 5469 711 5525 »Cum
743 5466 816 5524 enim
843 5485 920 5541 aeque
975 5469 1149 5542 telligentur;
1165 5487 1249 5543 super
1263 5487 1344 5529 omne
1358 5471 1431 5543 quod
1445 5471 1525 5528 dulce
1539 5478 1581 5527 est
1599 5471 1771 5542 dulcia,cnm

119 5581 218 5626 omues
230 5573 417 5640 persequatur,
429 5572 484 5621 tarn
499 5564 592 5637 justos
611 5581 693 5637 qoam
721 5564 850 5637 iniustos,
866 5566 920 5638 ipsi
974 5567 1173 5643 intelliguntur.
1189 5569 1223 5626 ln
1244 5568 1373 5642 haedde,
1389 5584 1453 5626 cum
1479 5568 1596 5627 hahetur
1609 5570 1683 5627 omni
1708 5585 1771 5630 eam
