3728 6000
100 244 155 301 tia
605 237 793 297 emanantia
811 239 954 309 ABBATIS
972 241 1001 299 S.
1021 239 1242 301 maonontal
1571 236 1576 243 ¹
1693 245 1750 304 tat

100 373 287 440 «receperunt
307 381 380 435 eum,
408 363 481 423 dedit
500 363 540 422 eis
567 370 728 437 potestatem
754 363 824 421 iiiios
842 364 893 422 Dei
906 365 935 429 Δ
949 382 1062 441 ponere,
1074 368 1200 443 bonaque
1215 369 1275 440 ejns
1290 368 1364 429 bona
1381 384 1431 428 sun
1445 384 1501 427 nun
1531 376 1636 443 putare,
1665 376 1750 443 atque

95 458 155 514 fieri
169 459 260 531 (loon.
276 456 328 529 ri.»
951 457 1079 526 potentiae
1097 459 1343 533 pulchritudinique
1357 476 1413 516 sne
1435 467 1602 530 comparata,
1634 459 1748 516 discer-

131 547 186 604 Sed
201 545 408 603 consideremus
418 543 522 618 gradus
536 544 571 599 ab
582 542 637 598 imo
652 559 738 616 usque
754 542 787 599 cd
798 558 894 616 supre·
949 561 1015 603 nere
1028 554 1107 618 atque
1122 556 1295 606 contemnere
1312 567 1319 605 ε
1335 558 1363 606 et
1373 549 1437 607 inde
1451 565 1508 621 quc
1522 548 1610 624 magis
1624 547 1748 607 delecta-

100 653 188 704 mum,
203 635 301 708 quibus
319 635 412 689 enimc
426 635 461 688 ad
489 631 689 704 perfectionem
716 632 893 699 contendens,
949 641 997 690 tur
1014 636 1073 692 Deo
1087 637 1173 710 magis
1186 653 1248 694 nese
1262 636 1417 694 abstrahere
1432 654 1448 694 a
1461 637 1602 704 sordidis;
1624 637 1748 711 nihilque

100 723 270 797 proficiendo
281 723 317 779 ad
336 738 414 777 surim
430 721 589 778 conscendit
615 729 764 776 auctorem.
795 720 897 776 Anima
951 723 1018 780 velle
1032 724 1112 780 alteri
1127 725 1200 796 quod
1214 725 1265 780 sibi
1279 726 1347 783 nolit
1365 727 1490 785 accidere
1507 741 1513 782 :
1530 727 1609 799 sequi
1626 726 1748 784 auctori-

100 814 184 887 igitur
202 812 329 884 inprime
348 812 435 884 gradu
455 826 555 881 corpus
579 811 631 865 hoe
652 817 787 865 terrenum
815 815 897 881 atque
951 819 1031 868 tatem
1051 829 1083 870 ac
1097 823 1232 886 praecepta
1245 814 1416 886 sapientium,
1436 823 1463 871 et
1477 831 1525 887 per
1537 815 1597 871 haec
1608 815 1683 886 loqui
1694 813 1748 871 sibi

98 902 210 957 mormle
224 900 368 972 praesentia
382 914 431 954 suc
445 897 562 955 viviticat
578 916 585 965 ;
619 897 724 971 colligit
752 898 779 952 in
799 914 893 966 unum,
950 902 1036 957 Deum
1051 903 1174 958 credere.
1190 905 1340 960 inbccianr
1355 903 1557 975 praeclarcactu
1568 903 1748 960 animaeinest

99 998 180 1063 atque
198 989 225 1043 iu
248 1004 302 1044 unc
329 993 422 1055 tenet3
456 987 575 1043 defluere
593 994 674 1057 atque
703 986 896 1042 contabescere
950 991 1151 1046 adbuclabor:
1172 1000 1303 1048 etccntra
1332 993 1486 1063 hujusmodi
1502 991 1641 1049 molestias
1665 1001 1747 1063 atque

97 1095 152 1134 non
166 1078 247 1133 sinit:
263 1078 390 1133 alimenta
409 1093 459 1147 per
477 1075 598 1131 membra
614 1074 757 1147 equaliter
771 1076 827 1130 suis
841 1074 896 1132 cui·
950 1080 1093 1136 blanditias
1107 1096 1222 1153 magnus
1235 1082 1455 1155 decernimusque
1469 1082 1619 1138 conflictus.
1635 1084 1667 1137 ln
1686 1081 1746 1154 ipso

98 1184 151 1240 que
164 1167 275 1223 redditis
289 1165 414 1220 distribui
437 1164 512 1232 facit,
528 1164 734 1238 congruentiam
753 1165 811 1233 ejus
833 1179 896 1219 mo·
950 1169 1021 1225 enim
1036 1170 1204 1244 purgationis
1219 1171 1329 1244 negotio
1342 1171 1432 1227 subest
1448 1182 1535 1227 metus
1546 1170 1654 1228 mortis.
1665 1169 1748 1241 Quod

100 1267 222 1335 dumque
237 1277 411 1327 conservans,
428 1278 483 1317 non
504 1270 607 1317 tantum
622 1261 650 1316 iu
681 1261 895 1333 pulchritudine,
950 1274 1011 1314 cum
1029 1257 1155 1314 effectum
1170 1258 1259 1326 fuerit,
1274 1260 1353 1315 idest
1385 1276 1448 1318 curn
1474 1259 1554 1316 fuerit
1584 1261 1680 1316 anima
1713 1260 1747 1315 ab

98 1355 147 1411 sed
166 1354 247 1409 etiam
265 1351 453 1407 increscendo
481 1358 562 1422 atque
586 1351 737 1423 gignendo.
758 1349 813 1407 Sed
835 1350 896 1406 baec
950 1347 1096 1404 omnitahe
1108 1348 1200 1414 libera,
1212 1349 1378 1420 maculisque
1402 1349 1497 1417 diluta,
1515 1348 1745 1421 tuncsedeuique

98 1444 191 1500 cronia
209 1442 313 1497 homini
328 1441 410 1496 etiam
426 1456 487 1495 curu
503 1441 622 1496 arbustis
640 1439 792 1496 communia
808 1438 895 1496 videri
949 1437 977 1492 in
989 1454 1020 1494 se
1035 1438 1094 1509 ipse
1108 1438 1244 1495 laetissime
1255 1446 1336 1510 tenet,
1352 1454 1402 1496 nee
1416 1439 1527 1494 omnine
1552 1439 1647 1495 metuit
1675 1453 1747 1511 qao-

97 1542 210 1604 queunt.
230 1533 293 1586 Haec
304 1531 375 1585 enirn
391 1537 417 1585 ct
431 1529 550 1585 dicimus
574 1530 674 1599 vivere,
698 1529 727 1585 in
755 1544 805 1584 suo
830 1543 895 1584 vere
950 1526 1015 1582 libet
1029 1527 1090 1596 sibi,
1111 1527 1220 1583 autufla
1239 1545 1288 1584 sua
1301 1544 1384 1584 causa
1398 1527 1546 1599 quidquam
1562 1527 1683 1601 angitur.
1694 1527 1744 1584 Est

98 1622 224 1695 quodque
250 1619 357 1676 illorum
384 1635 484 1691 genere
516 1618 658 1686 custodiri,
688 1618 735 1685 nli,
761 1633 893 1688 crescere,
950 1631 1016 1688 ergo
1043 1616 1093 1672 iste
1108 1616 1217 1689 quintus
1244 1617 1355 1690 gradus.
1377 1617 1457 1674 aliud
1475 1625 1515 1673 est
1529 1617 1602 1672 enirn
1622 1615 1744 1688 efficere,

97 1712 214 1784 gignere
232 1709 354 1764 videmus
383 1724 413 1763 ac
434 1707 558 1763 fatemur.
590 1707 712 1763 Ascende
740 1707 832 1778 itaque
861 1705 894 1762 ad
909 1730 936 1794 Β
951 1705 1025 1760 aliud
1039 1708 1132 1761 tencre
1146 1706 1301 1777 puritatem,
1316 1707 1371 1762 alin
1397 1722 1509 1778 prorsus
1537 1713 1608 1772 actu,
1635 1721 1689 1776 quc
1718 1721 1748 1761 se

97 1800 210 1854 alterurn
229 1796 355 1869 gradum,
371 1796 468 1853 etvide
483 1796 549 1867 quid
568 1796 654 1868 possit
675 1795 810 1851 animuin
830 1811 895 1850 sen·
951 1794 1117 1866 inquinatam
1132 1795 1311 1868 redintegrat,
1327 1811 1383 1851 non
1394 1796 1494 1866 patitur
1511 1811 1541 1850 se
1568 1810 1676 1850 rursum
1703 1793 1749 1849 in-

96 1889 181 1955 sibus,
199 1888 245 1942 ubi
256 1886 410 1942 evidentior
425 1885 648 1957 manifestiorque
660 1885 714 1942 vita
727 1884 896 1958 intelligitur,
952 1883 1072 1957 quinari.
1091 1884 1122 1938 ln
1141 1885 1193 1940 boc
1207 1885 1297 1956 gradu
1312 1885 1483 1940 omnifariam
1498 1884 1619 1955 concipit
1646 1892 1751 1956 quante

97 1994 215 2050 quorum
229 1976 307 2032 nobis
322 1992 384 2031 eum
399 1975 440 2030 his
455 1992 516 2048 quae
529 1974 668 2030 radicibus
689 1973 744 2030 fixa
763 1982 896 2043 tenentur,
952 1973 996 2028 sit.
1008 1971 1085 2042 Quod
1101 1989 1162 2028 curn
1179 1973 1343 2045 conceperit,
1369 1981 1433 2030 tunc
1460 1973 1564 2045 ingenti
1593 1973 1713 2046 quadam
1725 1981 1752 2029 et

33 2078 37 2097 ¹
98 2067 171 2123 nulla
191 2074 350 2138 potestesse
364 2064 532 2121 communic.
556 2063 672 2119 Intendit
695 2079 725 2119 se
755 2064 846 2120 anima
870 2063 899 2117 iu
952 2060 1103 2118 incredibili
1119 2061 1216 2118 fiducie
1232 2063 1322 2135 pergit
1335 2062 1363 2117 in
1379 2064 1476 2130 Deum,
1493 2063 1520 2118 id
1544 2071 1585 2118 est
1610 2063 1639 2117 ln
1663 2062 1750 2134 ipsam

99 2164 248 2224 tactum,et
262 2155 364 2218 calida,
381 2153 582 2225 aspe1·a,lenia,
600 2153 677 2221 dura,
698 2153 800 2222 mollia,
816 2151 897 2218 levia,
953 2151 1209 2222 contemplationem
1234 2152 1356 2207 veritatis
1379 2159 1405 2208 et
1428 2152 1506 2219 illud,
1533 2161 1645 2224 propter
1674 2152 1749 2222 quod

103 2244 207 2318 gravia,
225 2244 308 2299 sentit
320 2249 402 2313 atque
417 2241 555 2296 discernit.
566 2240 670 2296 Deinde
680 2239 897 2296 innumerabiles
953 2248 1056 2295 tantum
1075 2240 1227 2295 laboratum
1243 2249 1293 2308 est,
1309 2241 1470 2296 altissimum
1493 2249 1520 2297 et
1534 2239 1752 2297 secretissimum

99 2331 412 2400 differentiassaporum‚
430 2329 557 2393 odorum,
579 2329 736 2396 formarum,
752 2327 897 2401 gustando,
953 2328 1110 2399 praemium.
1128 2328 1182 2384 Sed
1198 2330 1255 2385 baec
1273 2329 1356 2400 ectio,
1372 2330 1400 2386 id
1420 2338 1460 2386 est
1487 2329 1616 2402 appetitio
1646 2329 1751 2386 intelli·

100 2420 266 2484 ollaciendo,
287 2419 422 2473 audiendo
445 2417 616 2489 videndoque
641 2417 780 2486 dijudicat.
812 2421 899 2486 hique
954 2416 1037 2489 geddi
1051 2433 1084 2472 ee
1098 2434 1158 2487 quae
1173 2434 1236 2474 vere
1250 2426 1753 2491 summequesunt,summusnspectus

102 2510 130 2565 iu
150 2509 191 2563 his
211 2508 338 2563 omnibus
353 2522 385 2561 ea
405 2522 464 2576 quae
484 2506 631 2562 secundum
647 2517 768 2561 naturam
784 2504 826 2560 sui
840 2521 900 2560 ccr-
955 2514 994 2560 est
1008 2507 1114 2567 animae.
1130 2521 1183 2576 qun
1197 2508 1387 2578 perfectiorem
1406 2508 1599 2578 melioremque
1608 2523 1641 2563 nc
1654 2507 1753 2563 rectio·

98 2598 174 2670 poris
207 2605 268 2652 sunt
286 2596 391 2651 asciscit
414 2603 498 2666 atquc
526 2595 636 2665 appetit,
658 2594 747 2665 rejicit
778 2593 901 2667 fugitque
954 2610 1081 2650 remnon
1098 2595 1191 2650 babet.
1211 2596 1311 2651 Sextus
1345 2597 1447 2653 eritiate
1487 2597 1603 2652 actionis
1626 2596 1744 2668 gradus.

101 2686 256 2752 contraria,
272 2693 448 2755 removetque
464 2699 493 2739 se
507 2683 542 2738 ab
558 2684 599 2738 bis
623 2683 746 2738 sensibus
764 2691 840 2739 certo
854 2683 899 2737 in·
956 2683 1037 2738 atiud
1054 2692 1094 2739 cst
1108 2686 1182 2740 enirn
1197 2685 1324 2741 mundari
1346 2686 1456 2742 oculum
1471 2687 1560 2758 ipsum
1579 2685 1688 2754 animae,
1715 2701 1749 2741 ne

103 2776 217 2831 fesvallo
234 2780 433 2844 tempor-ammi
446 2788 540 2828 eorum
556 2780 646 2828 molus
665 2772 741 2842 quasi
756 2789 806 2843 per
819 2788 899 2842 quas·
956 2773 1058 2829 frustra
1090 2782 1115 2829 et
1142 2783 1243 2830 temere
1269 2775 1422 2846 aspiciatet
1445 2791 1528 2847 prave
1553 2775 1654 2844 videat,
1679 2773 1755 2830 aliud

102 2865 168 2920 dam
198 2865 279 2918 ferias
303 2878 444 2933 reparans,
478 2861 614 2935 imagines
641 2877 732 2916 rerum
754 2878 822 2933 quas
852 2877 902 2933 per
955 2861 1042 2934 ipsam
1057 2863 1194 2919 custodire
1211 2864 1353 2919 sanitatem
1368 2873 1448 2936 atque
1474 2863 1592 2934 firmare,
1619 2864 1751 2919 aliudne·

2 3003 4 3006 .
104 2969 151 3009 eos
183 2951 282 3017 bausit,
312 2965 405 3006 secum
430 2951 585 3006 catervatim
619 2957 700 3020 atque
719 2950 903 3021 multipliciter
956 2968 1053 3006 renum
1079 2960 1158 3022 nique
1186 2964 1291 3008 rectum
1323 2959 1465 3023 aspectum
1493 2954 1522 3008 in
1554 2952 1581 3008 id
1610 2952 1685 3023 quod
1711 2954 1755 3008 est

103 3050 202 3113 versat,
223 3043 315 3096 ethoc
333 3046 472 3095 totumest
494 3055 607 3094 somnus
626 3047 651 3094 et
680 3038 795 3094 somnia.
823 3040 902 3108 Saepe
917 3040 1114 3148 Cvivendum,
1143 3041 1270 3114 dirigere.
1302 3044 1332 3097 ln
1351 3041 1393 3096 his
1412 3041 1520 3098 duobus
1549 3042 1681 3114 gradibus
1709 3041 1753 3096 vi·

106 3132 188 3188 etiarn
206 3130 349 3203 gestiendo
359 3145 391 3184 ac
404 3129 529 3201 vagando
540 3129 670 3184 facilitate
688 3134 777 3183 matus
788 3128 902 3184 delecta·
956 3129 1006 3184 des
1019 3130 1085 3202 quid
1112 3129 1139 3184 in
1163 3131 1252 3203 seipsa
1270 3131 1353 3186 valet.
1382 3132 1438 3188 Sed
1462 3131 1571 3187 intende
1603 3129 1678 3199 quod
1708 3129 1755 3202 qui

106 3229 159 3284 tur;
175 3229 200 3276 et
209 3220 268 3275 sine
287 3218 379 3275 labore
398 3218 505 3274 ordinat
516 3218 702 3274 membrorum
713 3217 899 3274 concordiam.
957 3218 1033 3290 prius
1057 3220 1149 3274 volunt
1176 3236 1301 3275 serenum
1321 3227 1402 3290 atque
1421 3227 1527 3276 rectum
1546 3227 1686 3292 aspectum
1701 3219 1756 3274 ha-

108 3310 165 3366 Pro
179 3308 350 3380 copulatione
365 3323 450 3363 sexus
471 3307 528 3380 agit
547 3307 619 3379 quod
647 3313 744 3378 potest,
771 3313 851 3377 atque
876 3305 905 3360 in
959 3308 1186 3381 here,entequarn
1200 3310 1326 3365 mundati
1339 3317 1366 3364 et
1400 3310 1488 3365 sanati
1507 3309 1615 3374 fuerint,
1639 3308 1679 3364 ite
1707 3306 1757 3363 illa

108 3399 211 3472 duplici
225 3406 318 3454 natura
337 3397 465 3454 societate
488 3403 568 3468 atque
583 3411 676 3454 amore
690 3396 799 3452 molitur
822 3411 905 3451 unrrm
960 3396 1019 3452 luce
1041 3397 1247 3453 reverberantur
1272 3397 1401 3465 veritatis,
1428 3406 1457 3453 ut
1498 3414 1551 3454 nou
1577 3397 1670 3454 solum
1689 3396 1757 3452 nihil

109 3504 226 3561 corpus:
247 3487 297 3543 sed
311 3489 370 3543 baec
388 3502 484 3542 rursus
498 3485 588 3541 omnia
599 3501 678 3557 posse
687 3485 810 3540 animam
825 3485 905 3540 etiarn
961 3484 1035 3552 boni,
1051 3485 1193 3541 sedetiam
1208 3485 1271 3541 mali
1297 3486 1445 3558 plurimum
1463 3487 1490 3541 iu
1514 3503 1545 3542 ea
1572 3493 1755 3558 putentesse,

109 3578 138 3634 in
152 3576 257 3644 bestiis,
269 3590 349 3631 nemo
365 3582 457 3648 negat.
478 3575 550 3647 Ergo
573 3573 666 3630 attolle
687 3581 714 3629 te
742 3573 769 3629 in
797 3573 907 3628 tertiani
961 3580 1041 3646 atque
1056 3574 1090 3629 ab
1106 3588 1136 3629 ea
1164 3589 1267 3629 nomen
1298 3575 1419 3630 veritatis
1445 3574 1621 3645 abjudicent:
1650 3581 1757 3631 etcum

111 3665 238 3738 gradum,
253 3665 298 3735 qui
317 3665 375 3735 jam
395 3671 436 3718 est
455 3663 559 3718 bomini
588 3661 739 3734 proprius;
765 3670 792 3717 et
819 3661 908 3735 cogita
962 3662 1201 3735 quadamlibidine
1225 3672 1251 3719 et
1272 3665 1410 3736 voluptate
1420 3664 1568 3721 miserabili
1581 3664 1609 3719 in
1629 3679 1693 3719 suas
1713 3670 1755 3718 te-

112 3753 337 3808 memcriamnon
356 3750 552 3808 consuetudine
571 3751 717 3807 inditarum
746 3765 909 3823 persensus
962 3751 1069 3819 nebrcs,
1086 3768 1259 3823 quaseorum
1286 3753 1396 3809 morbus
1410 3753 1466 3824 pati
1493 3761 1590 3825 petest,
1613 3751 1759 3808 medicinae

113 3842 149 3898 ed
163 3841 283 3909 animan,
299 3840 405 3911 quaeed
426 3838 528 3895 bestias
556 3840 684 3912 pertinet,
708 3839 759 3895 aed
787 3838 909 3894 animad·
963 3840 1166 3907 maledicentes,
1180 3843 1329 3915 refugiant.
1344 3844 1421 3899 Unde
1431 3841 1622 3899 divincadlatu
1637 3847 1664 3898 et
1678 3856 1759 3912 pror-

112 3929 238 3988 versinne
251 3937 332 4000 atqua
345 3927 433 3999 signis
444 3928 695 3984 commendatarum
714 3937 795 3999 atque
815 3935 908 3983 reten-
963 3944 1009 3984 sus
1032 3928 1233 3985 ordinatissime
1255 3930 1321 3985 illud
1338 3932 1504 4003 nPropheta
1522 3930 1628 3986 dicitur.
1666 3952 1677 3975 ·
1705 3929 1760 3985 Cor

115 4026 200 4074 tarum
220 4033 308 4072 rerum
338 4016 591 4086 innumerabilium,
620 4025 659 4074 tot
677 4024 748 4073 artes
772 4016 909 4088 opificum,
964 4017 1097 4073 mundum
1108 4033 1173 4075 crea
1185 4018 1214 4074 iu
1224 4035 1268 4075 me
1283 4020 1356 4075 Deus
1373 4021 1518 4090 :spiritum
1532 4027 1638 4075 rectum
1655 4017 1758 4076 innova

113 4120 240 4179 agrorum
252 4106 348 4173 cultus,
368 4105 565 4162 exstructiones
605 4105 743 4161 variarum
779 4104 910 4171 urbium;
964 4107 992 4162 in
1003 4106 1153 4163 visceribus
1166 4107 1233 4163 meis
1245 4109 1336 4178 (Prot.
1355 4109 1396 4179 a).
1416 4132 1428 4157 r
1445 4108 1565 4180 Spiritus
1580 4107 1653 4165 enim
1664 4115 1755 4165 rectus

114 4192 298 4261 aedificiorum,
319 4210 350 4250 ac
363 4193 536 4250 moliminum
568 4193 728 4251 multimoda
757 4193 910 4258 miracale;
966 4201 1017 4263 est,
1033 4195 1190 4268 cradc,qu0
1206 4195 1244 4266 fit,
1268 4196 1399 4253 utanima
1414 4197 1442 4252 in
1471 4197 1581 4253 veritate
1609 4197 1761 4269 quaerenda

114 4283 287 4340 inventiones
303 4290 339 4340 tat
354 4284 495 4356 signorum
521 4283 549 4338 in
569 4282 673 4352 litteris,
702 4283 731 4339 in
757 4283 857 4351 verbis,
883 4283 913 4340 in
966 4285 1074 4342 deviare
1088 4293 1168 4356 atque
1182 4301 1272 4342 errare
1295 4302 1351 4342 non
1372 4286 1471 4359 possit.
1502 4285 1554 4356 Qui
1576 4286 1702 4357 profecte
1730 4302 1763 4342 en

114 4380 206 4447 gestu,
218 4373 248 4427 iu
275 4371 462 4441 hujuscemodi
482 4387 561 4443 sono,
590 4371 618 4427 in
637 4370 750 4443 picturis
777 4376 859 4443 atque
875 4374 910 4428 li-
966 4375 1393 4446 noninsteurntur,nisipriuscor
1408 4375 1538 4431 mundum
1557 4375 1646 4442 fuerit,
1662 4375 1691 4430 id
1710 4382 1761 4441 est,

114 4461 233 4535 gmentis
248 4479 255 4529 ;
272 4466 311 4516 tot
324 4460 446 4535 gentium
457 4460 572 4533 linguas,
604 4460 702 4517 fluvios
730 4459 905 4533 eloquentie,
922 4439 952 4504 D
966 4464 1020 4520 nisi
1031 4464 1106 4536 prius
1116 4464 1175 4536 ipsa
1188 4462 1357 4536 cogitaticab
1370 4464 1444 4520 amni
1467 4463 1614 4536 cupiditate
1642 4471 1668 4520 et
1696 4463 1765 4521 faece

115 4553 268 4608 carminum
280 4550 433 4617 varietates,
449 4549 560 4605 ludendi
572 4549 728 4620 ncjccandi
744 4565 825 4607 eausa
846 4551 910 4606 mil·
967 4570 1057 4610 rerum
1086 4552 1242 4608 mortalium
1271 4568 1331 4608 sese
1363 4552 1513 4608 cohibuerit
1542 4563 1569 4608 et
1592 4551 1762 4622 eliquaverit.

115 4639 243 4697 leformes
258 4639 453 4709 simulationes,
481 4639 641 4695 modulandi
659 4639 793 4711 peritiam,
821 4639 912 4694 dime·
966 4644 1025 4698 lam
1039 4658 1105 4699 vere
1123 4642 1151 4696 in
1165 4642 1222 4712 ipsa
1236 4641 1342 4697 visione
1352 4649 1378 4696 et
1387 4641 1614 4713 contemplatione
1626 4641 1763 4710 veritatis,

115 4728 198 4784 tiendi
213 4727 397 4794 subtilitatem,
432 4727 592 4783 numerandi
624 4728 759 4800 peritiam,
789 4727 911 4800 praeteri·
968 4728 1015 4798 qui
1029 4727 1159 4798 septimus
1174 4732 1214 4781 cst
1227 4733 1309 4796 atquc
1323 4725 1434 4779 ultimus
1454 4725 1555 4797 gradus
1579 4724 1691 4791 animae,
1720 4742 1765 4780 ur·

116 4825 204 4872 iorum
227 4831 258 4872 ac
277 4815 426 4871 futurorum
459 4831 492 4871 ex
512 4816 690 4887 praesentibus
717 4815 911 4885 conjecturem.
967 4831 1020 4887 qua
1034 4816 1086 4883 jam
1102 4813 1200 4886 gradus
1213 4812 1261 4869 sed
1277 4813 1400 4884 quasdam
1415 4813 1530 4881 mansio,
1555 4828 1609 4885 qno
1629 4813 1764 4886 illisgra-

115 4905 213 4977 Magna
226 4904 286 4962 haec
300 4910 326 4960 et
340 4903 451 4960 omuino
470 4904 589 4960 humana
605 4919 612 4973 ;
633 4904 682 4960 sed
696 4909 738 4960 est
752 4905 842 4961 adhuc
860 4905 913 4960 iata
967 4904 1045 4959 dibus
1061 4902 1225 4973 pervenitur,
1247 4918 1307 4974 quae
1323 4902 1375 4956 sint
1389 4902 1500 4973 gaudia,
1516 4918 1577 4973 quae
1593 4901 1674 4957 frutic
1694 4901 1766 4960 verit

114 4993 211 5063 partim
226 4991 313 5048 duciis
334 5000 417 5065 atque
431 4992 556 5062 indoctis,
574 4992 672 5064 parlim
698 4991 777 5048 bonis
790 5008 821 5049 ac
850 5007 911 5048 ma·
967 4997 994 5048 et
1012 4991 1111 5047 summi
1130 4990 1203 5056 boni,
1218 4992 1295 5062 cujus
1318 4991 1470 5046 serenitatis
1489 4990 1604 5060 afflatus,
1631 4991 1707 5046 solus
1723 4992 1763 5046 in-

115 5081 149 5137 lis
168 5080 265 5136 animis
289 5081 368 5153 capia
381 5083 544 5138 communis.
562 5083 592 5136 ln
606 5081 650 5136 his
665 5081 752 5136 tribus
778 5081 911 5154 gradihus
966 5080 1063 5154 telligit
1076 5081 1123 5152 qui
1137 5080 1247 5135 fruitur.

113 5180 201 5247 vides,
212 5179 305 5235 anime
318 5180 382 5252 quid
397 5181 468 5236 valet
481 5179 507 5235 in
518 5194 643 5251 corpore.
661 5178 771 5250 Suspice
784 5178 867 5250 igitur
884 5184 912 5235 et
1003 5179 1052 5233 Per
1066 5178 1116 5233 bos
1130 5175 1322 5250 igiturgradus
1337 5176 1425 5233 fidelia
1440 5177 1530 5234 anima
1557 5178 1659 5234 ardens
1687 5177 1763 5235 desi-

111 5278 185 5334 insili
200 5286 297 5351 quarto
315 5278 411 5350 gradu
425 5293 479 5349 quc
512 5277 618 5334 bonitas
642 5276 745 5349 incipit,
767 5285 793 5333 et
821 5275 911 5333 omnis
965 5276 1051 5343 derio,
1068 5274 1253 5333 sollicitudine
1280 5290 1336 5331 non
1362 5275 1448 5349 pigra,
1465 5276 1660 5343 anabathmon,
1679 5276 1765 5334 idest

109 5391 176 5433 vera
189 5375 320 5431 laudatio.
340 5375 409 5432 ilinc
424 5374 496 5431 enim
514 5376 602 5433 anima
617 5391 647 5431 se
666 5373 823 5433 nouaclum
843 5390 904 5441 sun,
963 5388 1107 5430 ascensum
1125 5372 1237 5441 faciens,
1254 5379 1279 5428 ei
1294 5372 1472 5430 ascensiones
1481 5374 1509 5429 in
1517 5372 1601 5429 corde
1610 5373 1761 5445 disponens

110 5472 262 5528 secundnm
286 5471 362 5544 quod
389 5472 509 5530 universi
537 5480 641 5545 pariam
659 5472 752 5530 mundi
770 5471 836 5547 egit,
859 5470 909 5529 sed
963 5485 1105 5544 usqueque
1127 5468 1265 5542 parveniat
1294 5467 1433 5527 inlocum
1457 5485 1538 5543 quern
1561 5469 1703 5543 preposuit
1719 5470 1764 5527 vel

111 5569 166 5644 ipsi
182 5568 262 5629 ctiam
280 5568 407 5631 universa
425 5568 535 5646 corpori
548 5570 642 5630 mundi
661 5570 759 5631 auden
786 5584 817 5629 se
830 5585 906 5645 pre-
962 5566 1096 5643 disposuit
1117 5566 1143 5626 ei
1169 5568 1261 5634 Deus;
1291 5565 1367 5633 vivit,
1402 5566 1470 5624 sicut
1508 5564 1571 5624 dicit
1611 5567 1763 5640 apostolus
