3728 6000
275 277 323 333 ult
337 275 478 334 Natant
491 272 668 332 CORPORIS
681 273 727 328 ΕΤ
738 272 855 328 INIIIAE
868 272 960 329 LIBRI
975 272 1057 331 DUO.
1072 304 1108 315 -
1122 275 1189 332 LIB.
1201 278 1236 333 ll.

1540 286 1590 341 rtt

83 420 198 465 carnem
219 403 426 461 comedentibus
450 421 456 457 :
482 400 575 471 sicque
596 399 741 471 contInge-
756 399 783 459 Α
798 414 877 454 snum
906 397 1083 454 instrumenta
1106 400 1200 455 exiens
1223 416 1391 473 quaecuuque
1421 409 1594 465 occurrentia

85 507 153 549 anus
181 487 290 560 corpori
317 487 454 556 deessent,
479 493 508 540 ut
527 482 667 539 articulata
687 498 740 538 νοτ

82 581 119 639 ori
132 580 250 647 deesset,
274 576 338 632 dom
360 575 416 632 oris
439 573 598 631 constitutio
613 573 648 628 ad
663 588 741 627 usum

86 669 315 733 conformaretur,
324 665 372 720 sed
387 679 501 721 necesse
515 668 589 718 esset
603 662 742 717 hominem

82 776 116 826 re,
140 764 187 814 ant
207 755 325 828 magite,
343 761 391 809 eut
413 752 528 818 latrare,
555 767 603 807 eeu
621 750 741 822 aliquem

82 846 188 904 abelem
203 844 342 900 fremitum
357 841 492 898 emittere.
508 841 587 896 Nunc
598 855 663 895 raro
677 839 742 894 dum

82 935 140 994 rrrit
153 934 204 1001 ori,
220 949 252 989 os
276 931 422 988 famuletur
444 930 554 994 rationi,
577 944 610 985 ac
631 929 743 998 perluor

82 1021 252 1094 ispimtueli
274 1028 300 1077 et
322 1018 503 1089 Incorpor·ali;
527 1017 742 1073 incommunica-

82 1144 85 1171 r
98 1111 263 1169 animalibus
272 1108 502 1165 irrationabilibus
517 1106 609 1162 addite
623 1113 665 1161 est
679 1120 744 1177 gra·

82 1202 142 1259 ectri
163 1200 249 1256 instar
271 1199 336 1254 dum
355 1197 409 1252 oris
432 1194 577 1268 particulas
600 1197 660 1251 voci
676 1208 742 1249 ooa-

82 1291 144 1365 ngit,
156 1305 204 1362 per
218 1288 301 1344 telem
322 1300 449 1342 sonomm
464 1284 655 1340 formationem
670 1283 743 1337 inte-

82 1395 138 1437 rum
153 1376 293 1448 loquendo
314 1375 506 1445 interpretetur
521 1381 622 1428 motum
640 1388 646 1425 :
663 1370 744 1427 veluti

82 1470 173 1525 rusicae
192 1466 295 1537 peritus
313 1464 443 1529 existens,
465 1462 605 1533 propriam
627 1477 659 1516 err
677 1474 744 1531 pes·

82 1572 134 1629 que
147 1571 201 1611 non
216 1553 321 1608 hahens
339 1566 447 1617 vocem,
463 1550 558 1605 volens
578 1553 669 1604 antem
683 1563 744 1602 me-

100 1644 191 1701 lacere
212 1642 351 1708 musicem,
377 1639 472 1695 alienis
488 1638 601 1694 vocibus
624 1636 745 1692 modula·

795 489 961 554 transcurrit,
975 487 1098 558 ipseper
1112 505 1192 545 aures
1212 491 1336 555 audiens,
1360 492 1420 562 ipsa
1435 495 1532 551 vitlena
1544 513 1595 567 per

795 576 897 642 oculos,
914 577 1007 647 sicque
1021 577 1056 632 de
1069 578 1192 648 reliquis.
1211 582 1244 634 ln
1264 580 1315 637 hoc
1330 590 1419 637 tamen
1438 583 1520 656 longo
1535 585 1594 640 dis-

796 665 889 721 similis
901 674 941 721 est
954 665 990 721 ab
1005 681 1038 722 eo
1052 666 1130 735 cujus
1144 675 1186 723 est
1200 668 1309 741 imago;
1326 671 1388 741 qnia
1407 670 1594 730 differentibus

796 754 924 827 potentiis
936 755 1008 810 Deus
1022 770 1055 810 ea
1069 772 1131 827 quae
1152 764 1214 811 sunt
1227 772 1282 813 non
1305 759 1401 831 tangit,
1418 762 1481 830 qnia
1495 763 1595 818 absur-

796 845 860 899 dum
874 851 916 899 ost
930 843 957 899 in
972 843 1143 914 simplicitate
1158 845 1270 901 Deitatis
1288 846 1443 922 intelligere
1456 852 1594 922 receptio-

797 948 860 988 nem
875 940 902 987 ει
911 932 1152 989 multiformitatem
1167 936 1327 1006 receptoriae
1346 939 1524 1007 operationis.
1541 941 1596 997 Sed

797 1037 850 1078 non
866 1021 985 1094 exigitur
998 1021 1032 1076 eh
1051 1021 1171 1094 imagine
1195 1031 1224 1079 ut
1242 1023 1269 1078 ln
1290 1024 1365 1082 nullo
1388 1025 1471 1099 [udde
1487 1030 1594 1103 eorum]

798 1126 858 1180 qnae
878 1109 907 1164 in
928 1109 1069 1181 principali
1092 1126 1142 1167 suo
1164 1111 1361 1182 intelliguntur,
1388 1114 1508 1173 deficiat.
1537 1119 1597 1175 lem

798 1199 869 1253 enim
884 1198 1012 1254 identitas
1028 1206 1110 1265 esset,
1121 1200 1283 1273 nonimago.
1293 1202 1354 1257 Non
1367 1204 1469 1276 ergoin
1484 1205 1597 1279 hisquae

798 1287 869 1343 circe
879 1286 1001 1342 divinam
1016 1294 1142 1343 naturam
1167 1289 1384 1356 considerantur,
1401 1300 1427 1347 ct
1440 1292 1596 1366 incompre-

798 1375 1009 1432 hensibilitatem
1027 1376 1164 1445 essentiae,
1176 1392 1292 1434 necesse
1301 1387 1339 1434 est
1352 1395 1415 1435 eum
1426 1382 1472 1451 qui
1483 1386 1599 1441 sortitur·

798 1464 957 1538 imaginem,
973 1480 1081 1520 omnem
1097 1465 1131 1520 ad
1143 1466 1294 1537 principale
1304 1469 1458 1538 exemplum
1469 1471 1600 1530 imitatio-

799 1569 861 1608 nem
870 1553 1069 1623 hahere.Nam,
1078 1554 1099 1609 si
1111 1554 1341 1627 imaginisnatura
1350 1557 1499 1629 principale
1507 1577 1600 1617 exem-

798 1640 877 1712 plum
891 1643 1152 1712 comprehenderet,
1163 1651 1236 1699 esset
1254 1645 1349 1715 procul
1366 1645 1450 1702 dubio
1467 1664 1551 1718 super
1569 1650 1598 1706 id

82 1733 161 1791 tibias
174 1732 235 1789 sive
249 1730 322 1802 lyras
343 1736 429 1784 artem
448 1727 605 1799 publicans.
624 1725 669 1781 Sic
683 1725 744 1779 ani·
760 1759 787 1818 B
802 1730 874 1802 qnod
884 1730 1138 1802 comprehenderet.
1149 1730 1219 1801 Quin
1240 1733 1323 1788 etiarn
1338 1733 1366 1788 in
1385 1734 1438 1790 hoc
1452 1735 1510 1807 ipso
1525 1740 1599 1809 qnod

82 1838 205 1881 ersorum
230 1819 415 1874 intellectuum
439 1817 574 1882 inventor,
601 1831 664 1870 cum
687 1815 745 1884 ipso
802 1819 1030 1891 nequesuiipsius
1045 1819 1192 1891 perlectam
1205 1822 1386 1893 apprehendit
1401 1824 1541 1882 scientiam
1557 1844 1602 1885 ra-

82 1928 130 1969 eus
143 1924 290 1981 corporeas
304 1907 437 1963 dictiones
451 1921 501 1975 ρετ
514 1921 542 1959 εε
561 1919 615 1959 non
629 1903 745 1966 haheat;

82 2001 139 2057 rhea
165 2000 283 2069 impetus
310 2011 360 2067 per
383 1994 539 2065 corporales
565 2009 661 2048 sensus
688 1992 748 2046 sul-

82 2089 179 2145 ndere.
198 2087 273 2142 Licet
292 2086 372 2141 etiam
394 2098 522 2138 manuum
544 2082 597 2137 alia
612 2081 701 2136 adlruc
715 2080 750 2133 sit

82 2177 147 2235 tloni
159 2174 356 2248 praerogativa.
371 2173 498 2244 hlagnum
521 2170 593 2226 enim
608 2168 750 2225 rationalis

82 2283 160 2323 renus
173 2273 224 2332 est,
240 2263 314 2336 qnod
329 2276 487 2333 permanes
502 2259 649 2317 scribendo
665 2256 751 2330 loqui-

82 2356 117 2413 od
141 2368 308 2426 permanes
330 2348 532 2422 quodammodo
553 2348 750 2403 elementorum

82 2444 253 2501 raracterihus
275 2441 332 2495 suis
355 2448 510 2510 compactas
533 2437 748 2508 pronuntiamus.

96 2534 180 2608 igitur
195 2530 293 2586 rationi
308 2539 334 2585 et
349 2544 445 2583 manus
465 2532 492 2582 ει
512 2542 553 2581 os.
566 2528 660 2580 hlenus
680 2523 751 2580 scri-

82 2623 157 2679 rturis
177 2621 221 2676 vel
242 2619 401 2675 absentibus
419 2635 425 2670 :
442 2632 473 2671 os
496 2631 559 2671 vero
581 2614 706 2670 facillimo
725 2619 752 2668 et

82 2708 314 2780 praeloquendo
336 2705 469 2778 quidquid
493 2704 604 2758 interius
628 2701 752 2774 suggerit

801 1907 910 1963 tionolis
923 1907 1046 1970 enlmus;
1062 1907 1163 1965 divinae
1176 1910 1508 1980 incomprehensibilitatis
1523 1924 1601 1972 natu·

801 2012 860 2051 rem
870 2012 920 2068 per
928 1996 1076 2066 quamdam
1087 1996 1291 2053 similitudinem
1306 1999 1414 2055 videtur
1430 2002 1599 2060 characteri·

803 2099 872 2139 zare.
884 2084 979 2139 Adhuc
988 2084 1060 2139 aliod
1071 2085 1136 2156 qnid
1146 2085 1201 2139 sihi
1210 2086 1515 2161 vultcorporeeefignrae
1523 2093 1602 2149 recti-

803 2172 878 2227 tudo.
894 2173 992 2228 Erecta
1011 2173 1132 2228 hominis
1151 2172 1235 2245 ligure
1254 2173 1289 2229 ad
1307 2176 1404 2231 coelum
1429 2187 1551 2248 extense,
1575 2189 1603 2238 et

804 2277 910 2316 sursum
925 2261 1068 2332 aspiciens,
1093 2262 1262 2333 imperialem
1282 2265 1457 2336 regalemque
1480 2267 1602 2340 dignita-

804 2353 857 2403 tem
874 2350 975 2405 animae
990 2349 1130 2405 rationalis
1141 2349 1298 2422 significet;
1314 2354 1460 2408 ostendens
1474 2357 1603 2413 traditum

805 2437 857 2491 sihi
887 2453 903 2492 a
931 2437 1058 2493 Creatorc
1085 2438 1236 2493 dominium
1263 2441 1382 2495 omnium
1416 2443 1603 2513 aspicientium

805 2527 942 2591 deorsum,
958 2535 985 2581 et
999 2528 1112 2581 multum
1127 2544 1157 2582 se
1171 2528 1272 2583 habere
1292 2545 1353 2585 oum
1369 2533 1505 2601 superuis,
1521 2535 1545 2589 si
1559 2535 1605 2590 in-

805 2615 909 2687 genitae
923 2616 1050 2688 Imaginis
1065 2616 1181 2672 custodit
1203 2617 1377 2687 dIgnitetcm,
1393 2620 1494 2676 scilicet
1507 2632 1534 2677 ut
1549 2624 1606 2679 im-

806 2712 881 2774 peret
893 2705 998 2759 animus
1013 2706 1121 2771 rationi,
1138 2720 1187 2760 nec
1205 2707 1318 2775 patietur
1339 2708 1405 2778 quin
1427 2710 1512 2781 eligat
1534 2713 1606 2784 quod

82 2797 275 2880 riritusquippe
292 2812 340 2867 per
359 2795 485 2850 arteriam
500 2792 629 2863 repulsus
644 2809 676 2845 ex
698 2789 751 2844 lol-
807 2793 874 2848 utile
886 2798 937 2847 eal.
951 2794 1035 2863 llujus
1049 2793 1194 2863 dignitatis
1218 2803 1347 2864 expertes
1371 2805 1442 2866 sunt,
1461 2800 1506 2869 qui
1521 2802 1607 2858 ratio.

84 2891 167 2945 ritum
192 2884 387 2955 recipientibus
405 2884 507 2952 inrpetu
525 2880 640 2951 quodam
655 2879 696 2933 sui
710 2894 753 2933 ar·
807 2897 880 2949 nem,
897 2897 957 2952 quae
972 2881 1132 2936 naturaliter
1150 2882 1261 2936 domina
1274 2890 1325 2947 est,
1351 2886 1454 2942 servire
1479 2889 1608 2946 leolentes

82 2992 199 3035 trocem
215 2974 323 3030 roboret
337 2987 428 3027 aerem
444 2969 638 3041 percutiendo;
654 2967 752 3023 deindo
807 2970 953 3025 desideriis
967 2978 1081 3035 neturae,
1098 2970 1284 3043 libidinique
1299 2988 1349 3042 per
1364 2986 1520 3044 sensusest,
1533 2978 1609 3035 blan·

82 3083 103 3122 n
126 3064 225 3120 tibialis
248 3062 421 3117 instrumenti
445 3059 564 3113 formam
585 3072 633 3126 per
660 3054 753 3110 eircu-
808 3058 919 3114 diuntur
932 3058 1077 3115 serviliter.
1093 3059 1317 3115 Naturalesenim
1332 3060 1358 3115 iu
1372 3063 1411 3117 eis
1425 3061 1611 3122 affectnscar-

82 3154 182 3212 .osdam
204 3151 424 3207 membranarum
447 3147 626 3218 quarumdem
650 3151 752 3210 molus,
808 3147 908 3202 nisrel
930 3163 1058 3202 sensuum
1076 3147 1182 3201 enimus
1204 3148 1343 3218 sequitur;
1368 3151 1493 3208 minister
1515 3171 1609 3212 mmm

102 3242 326 3299 membranarum
346 3236 480 3292 vchIculis
502 3236 528 3289 in
550 3249 619 3306 gyro
635 3233 754 3288 circurn-

82 3349 102 3388 τε
121 3329 262 3401 superiora
283 3326 365 3397 petit;
392 3326 437 3379 uhi
462 3323 588 3389 maxillae,
611 3322 707 3377 dentes
729 3327 757 3375 ct

84 3419 163 3493 quasi
185 3416 330 3488 quemdem
356 3413 452 3485 plectri
476 3412 591 3467 lormam
607 3410 754 3474 imitantes,

82 3510 120 3565 mi
131 3516 158 3563 et
171 3504 348 3562 velocissima
368 3502 499 3558 varietate
520 3514 601 3555 sonos
620 3499 655 3554 ed
677 3513 756 3552 usum

82 3617 101 3665 .;
125 3595 198 3651 labia
221 3609 284 3650 sero
315 3590 440 3645 distincta
470 3588 586 3659 quadem
614 3588 655 3642 sni
676 3602 756 3657 aper-

87 3684 292 3756 oompressione
313 3681 432 3750 idipsum
454 3679 565 3743 faciunt,
589 3676 662 3748 quod
677 3674 756 3747 digiti

82 3775 122 3831 rtis
136 3775 163 3829 iu
178 3773 254 3837 tihia,
269 3770 315 3842 qui
336 3770 458 3840 spiritum
482 3774 643 3835 conceptum
672 3764 698 3817 in
719 3763 754 3817 ti-

82 3862 202 3919 miuibus
216 3878 250 3917 ex
265 3857 406 3928 multiplici
422 3856 554 3911 verietate
569 3857 596 3908 in
610 3868 691 3907 unam
703 3851 757 3906 lor·

82 3952 205 4008 elodiam.
218 3951 318 4020 SIcque
327 3947 466 4002 rcrhasua
477 3947 594 3999 humana
603 3941 703 4013 digerit
712 3956 756 3994 na·

82 4029 756 4105 lonisveroesteadisponsar·e.Siergo,utdictum

82 4145 121 4187 ‚vc
143 4137 170 4184 et
196 4125 362 4181 laboriosum
383 4121 519 4178 servitutis
542 4119 661 4175 officium
685 4118 757 4173 circa

82 4244 85 4273 r
108 4232 186 4272 usum
209 4213 288 4269 labiis
311 4211 523 4276 distribueretur,
548 4217 623 4263 muta
644 4205 757 4261 interius

82 4322 116 4363 rer
139 4304 297 4376 organicam
320 4301 392 4356 hano
414 4297 540 4368 loquendi
556 4295 757 4351 distinctIonem

82 4411 109 4452 m
123 4398 264 4450 exerceret
288 4389 432 4452 rationem,
458 4394 483 4442 et
500 4385 564 4438 muti
585 4384 619 4439 ad
641 4383 757 4439 invicem

808 3236 902 3301 Iactus,
918 3252 1033 3306 quorum
1049 3236 1174 3290 dominus
1188 3252 1248 3292 esse
1263 3237 1355 3292 debuit
1369 3247 1396 3294 et
1406 3241 1500 3309 judex.
1525 3244 1608 3300 Ideo-

810 3340 863 3394 que
884 3331 981 3379 nature
1003 3322 1126 3393 corporis
1149 3324 1182 3377 ed
1205 3324 1309 3378 libitum
1334 3326 1425 3382 animo
1448 3328 1563 3400 imponit
1582 3341 1609 3389 ct

809 3412 959 3469 contristati
982 3427 1102 3481 sensum,
1130 3420 1157 3466 et
1190 3412 1305 3467 laetuntis
1341 3416 1602 3486 concupiscendam.

810 3500 971 3571 llujusmodi
986 3500 1060 3555 enirn
1076 3500 1202 3555 homines
1224 3501 1344 3573 imagine
1368 3503 1501 3561 Creatoris
1515 3518 1607 3581 exuta,

810 3591 891 3645 aliern
929 3589 1076 3644 induerunt
1102 3588 1252 3662 imaginem
1276 3598 1377 3646 terram
1406 3594 1608 3667 respicientem,

810 3678 981 3750 pecudalem,
998 3677 1148 3732 bestialem.
1164 3678 1226 3732 Non
1238 3678 1312 3733 cuim
1325 3682 1475 3737 secundum
1488 3683 1609 3743 furorem

810 3767 928 3822 homiuis
941 3766 978 3822 ad
994 3767 1079 3821 Deum
1103 3773 1144 3820 est
1165 3766 1311 3822 similitudo
1325 3787 1331 3834 ;
1348 3784 1401 3824 non
1413 3786 1445 3825 ort
1468 3774 1608 3845 voluptate

810 3855 1021 3926 supereminenti
1036 3863 1141 3909 naturae
1152 3855 1351 3911 consimilatur:
1368 3858 1488 3916 formido
1498 3879 1608 3935 quoque

811 3953 837 4000 ει
852 3944 987 4009 ferocitas,
1003 3950 1030 4000 et
1045 3943 1079 3998 ed
1093 3945 1218 4014 qnaedam
1233 3944 1409 4013 desiderium,
1427 3948 1461 4002 ad
1483 3954 1608 4022 quiedam

810 4048 876 4088 vero
890 4032 994 4100 odium,
1009 4033 1091 4103 longe
1106 4040 1195 4087 sonte
1209 4033 1308 4089 divinae
1322 4035 1528 4105 pulchritudinis
1542 4044 1609 4100 cha·

810 4129 925 4177 ractere.
947 4122 1012 4177 Herc
1033 4128 1060 4176 el
1078 4120 1120 4174 his
1138 4120 1237 4177 similie
1260 4122 1294 4176 ah
1315 4123 1464 4181 irmtionali
1488 4128 1609 4189 humana

811 4210 862 4264 sibi
877 4209 1011 4265 contraxit
1026 4218 1131 4263 natura.
1147 4211 1178 4263 ln
1193 4210 1236 4264 his
1248 4211 1320 4266 enim
1336 4211 1502 4270 irrationalis
1511 4220 1565 4274 rita
1573 4221 1608 4276 ad

809 4297 1045 4353 conservationem
1059 4312 1136 4352 suam
1152 4299 1253 4352 munita
1267 4306 1307 4354 est
1321 4315 1336 4353 a
1352 4309 1457 4370 natura,
1473 4305 1606 4362 edhomi-

810 4401 944 4442 nestero
967 4387 1098 4441 translata
1123 4387 1265 4456 passiones
1284 4395 1347 4443 sunt
1366 4391 1476 4447 animae.
1497 4394 1529 4450 Et
1543 4413 1607 4453 vere

82 4484 137 4541 iles
152 4496 282 4538 essenon
305 4493 459 4549 possemus.
481 4476 559 4530 Nunc
573 4483 664 4530 autem
678 4474 759 4529 talem
772 4464 798 4525 l)
813 4475 966 4545 passiones,
987 4474 1084 4545 quihus
1104 4476 1186 4529 homo
1208 4474 1299 4529 lectus
1322 4475 1356 4529 ad
1380 4476 1530 4549 imaginem
1546 4484 1607 4553 Dei,

82 4573 220 4628 rationem
245 4582 341 4623 manus
366 4565 396 4619 in
424 4564 528 4635 seipsas
550 4563 753 4628 transferentes,

82 4668 100 4718 rt
121 4661 237 4715 liberum
265 4654 375 4712 servitio
401 4652 512 4708 rationis
533 4667 563 4707 os
588 4652 754 4706 dimiserunt.

89 4764 154 4807 vero
168 4745 305 4820 loquendo
320 4759 384 4799 sues
405 4757 521 4797 exerens
543 4741 686 4808 motiones,
704 4755 756 4794 eu·

82 4839 206 4905 culorum,
223 4842 419 4891 ceterorumve
442 4845 570 4884 sensnum
592 4827 757 4884 adminiculo

82 4928 151 4999 cipit
165 4925 277 4990 alienes,
295 4929 394 4976 tentam
410 4919 514 4973 hahens
524 4919 657 4972 internum
674 4933 756 4988 cepa-

82 5016 109 5072 itt
122 5029 205 5087 quam
220 5014 313 5068 omnia
328 5009 479 5072 confluant,
500 5022 563 5077 quae
579 5006 759 5078 undecunque

82 5112 157 5173 rtur;
173 5101 314 5173 stylosque
335 5113 399 5153 suos
421 5097 536 5159 habens,
553 5095 651 5165 quihus
666 5110 699 5150 ca
714 5094 760 5149 de·

82 5193 112 5247 in
127 5189 279 5258 memoria;
292 5186 449 5258 diligentius
464 5184 528 5252 alia,
543 5182 659 5253 ideoque
671 5184 761 5255 magis

82 5281 140 5345 riu
158 5279 213 5335 alia
227 5274 419 5349 negligentius,
428 5282 454 5328 ot
462 5273 524 5328 ideo
533 5272 759 5328 cillusaholcnda.

83 5378 147 5437 cad
166 5375 314 5450 imaginem
340 5373 397 5442 ejns
422 5370 468 5442 qui
491 5369 595 5426 crearit
618 5386 691 5439 cum,
716 5369 762 5440 qui

83 5477 114 5535 in
125 5476 219 5549 seipso
237 5474 284 5529 dal
297 5478 395 5528 cuncta
409 5468 524 5537 moveri,
533 5483 587 5524 una
601 5468 712 5540 quidem
721 5475 765 5524 est

82 5575 165 5652 tlipsc
176 5571 275 5629 insitus
296 5569 413 5638 enhrrns,
434 5568 481 5641 qui
501 5582 552 5640 ρετ
573 5566 684 5640 siugultt
703 5583 764 5625 sen·

106 5701 236 5759 Parem.
249 5696 374 5757 clm

808 4564 841 4617 ad
865 4562 1011 4635 imaginem
1033 4561 1166 4631 pecudum
1190 4577 1219 4617 se
1246 4563 1351 4631 patitur
1370 4564 1519 4624 humiliari.
1539 4572 1609 4630 Vcre

809 4651 960 4723 passiones,
976 4651 1040 4720 quia
1059 4658 1156 4705 contra
1176 4658 1304 4704 naturam
1325 4660 1394 4708 sunt.
1412 4654 1480 4711 llinc
1496 4658 1583 4716 David
1601 4682 1607 4719 :

813 4762 824 4790 l
841 4740 936 4802 Homo.
948 4738 1044 4809 inquit,
1060 4754 1121 4794 cum
1136 4737 1162 4791 in
1180 4740 1282 4794 honore
1295 4748 1374 4808 esset,
1387 4757 1440 4798 non
1456 4744 1586 4804 intellexit
1600 4769 1607 4806 :

809 4833 984 4899 comparatos
998 4835 1039 4882 est
1050 4827 1181 4897 jumentis
1195 4826 1394 4897 insipientibus,
1411 4840 1437 4886 ct
1453 4833 1550 4891 similis
1564 4838 1610 4893 fe-

811 4926 870 4974 ctus
884 4924 925 4970 est
938 4915 991 4970 illis
1006 4917 1093 4985 (Psoi.
1109 4916 1210 4987 rrnrrrr).
1230 4938 1241 4964 r
1259 4917 1339 4985 Nam,
1355 4919 1426 4974 sicut
1441 4921 1542 4979 dictum
1558 4936 1609 4997 ost,

812 5021 873 5077 quar
889 5004 916 5059 in
931 5004 1025 5060 hestiis
1040 5013 1104 5060 sunt
1118 5015 1220 5072 natura,
1236 5006 1263 5059 in
1287 5005 1443 5064 homInibus
1456 5020 1518 5067 sunl
1532 5016 1610 5072 vitle.

813 5095 913 5149 Furore
934 5092 1006 5149 enim
1030 5093 1155 5149 feruutur
1179 5109 1259 5149 cerne
1277 5096 1428 5166 vescentia;
1460 5101 1612 5174 voluptatis

814 5180 1094 5238 amensecunditatem
1110 5188 1203 5237 servat
1217 5181 1387 5251 enlmalium,
1400 5184 1535 5244 irrlirmum
1552 5192 1612 5249 lor-

815 5271 908 5338 mido;
938 5268 1086 5325 debiliores
1113 5284 1128 5323 a
1156 5269 1267 5325 fortiore
1288 5272 1397 5336 timor;
1425 5279 1613 5348 corpulentum

816 5375 906 5425 servat
920 5366 1052 5423 edacitas.
1071 5365 1179 5422 trullo
1194 5364 1293 5423 horum
1309 5370 1450 5439 passiones
1465 5378 1616 5446 pecudibus

817 5467 860 5524 vel
872 5464 968 5520 hestiis
981 5462 1162 5535 proceniuul;
1178 5463 1244 5536 quia
1257 5480 1273 5520 a
1288 5467 1364 5523 nullo
1379 5484 1478 5528 eorum
1494 5492 1554 5546 quae
1569 5496 1618 5536 se.

818 5564 941 5624 cundum
952 5562 1094 5621 libidinem
1104 5570 1176 5634 sunt,
1193 5561 1324 5623 trhtititiae
1333 5568 1459 5626 materies
1472 5572 1618 5635 lnirmtio·

1478 5699 1515 5755 22
