3728 6000
182 242 213 296 ts
628 212 818 294 'naculum
839 238 866 294 s.
883 226 1203 296 urartmromra.
1227 237 1372 297 rustris
1797 244 1834 305 tu

177 363 292 431 studuit,
308 363 364 420 imo
378 379 408 420 se
422 377 547 420 cassasse
561 361 798 419 exsultavitEcce
812 378 879 435 argo
894 363 976 419 bomo
990 363 1019 423 Α
1033 363 1134 421 ciliatin
1153 365 1211 420 sine
1227 365 1319 437 aliqua
1338 365 1442 437 peccati
1465 365 1550 445 ipsius
1575 366 1758 426 satisfactione
1777 371 1836 428 fieri

177 542 389 600 subcoeloDeus
399 542 646 612 feceratpraelatus,
660 539 729 597 Cam
739 541 770 596 in
784 540 979 613 donoreesset,
1034 542 1128 598 cordia
1144 550 1233 598 molus
1255 543 1359 598 homini
1372 556 1514 613 peecatum
1537 546 1701 618 indulgeret,
1717 563 1836 621 eumque

177 630 980 704 ncnintcttecittf‘sut.aartrt,tl)‚imonoluitintelliqere
1034 630 1068 685 de
1087 631 1194 686 inferno
1218 631 1353 697 educeret,
1369 642 1478 689 essetne
1495 632 1601 703 justum
1621 644 1648 691 et
1670 638 1836 695 couveniens

178 726 213 778 ut
228 719 297 777 bene
311 725 409 793 speret
424 723 512 787 (Paul.
528 720 656 786 artaud),
668 718 867 789 ideoquejusto
878 720 926 774 Der
940 722 980 789 ju·
1033 728 1061 773 ut
1077 737 1137 774 eum
1154 721 1194 776 sio
1209 721 1348 776 sordidum
1360 731 1388 776 et
1402 722 1576 790 maculatum,
1588 722 1720 794 nullaque
1730 727 1835 782 satisfa-

176 809 481 883 dicioccmpcrctusest
482 809 624 881 jumentis
631 808 980 881 insipientibur,elsimllir
1032 808 1122 864 ctione
1137 808 1220 863 lotum
1238 808 1281 863 rel
1296 810 1465 875 mundatum,
1481 825 1542 865 cum
1558 811 1664 883 angelis
1682 819 1736 867 tarn
1752 830 1833 870 muu-

178 903 274 973 faetua
294 904 336 956 est
353 901 413 956 iilis
429 899 517 967 (Paci.
531 911 624 964 xurrtt,
638 897 700 963 at).
721 899 751 952 ln
766 897 895 969 prasenti
911 898 976 965 rita,
1033 895 1075 951 dis
1088 903 1114 951 et
1130 895 1259 967 gloriosis
1272 897 1318 966 qui
1342 912 1482 967 nunqnam
1505 899 1591 954 Deum
1615 899 1787 958 offenderunt
1805 903 1833 959 itt

122 1010 125 1015 ·
178 989 257 1046 treci
271 993 367 1046 nicena
381 992 515 1062 tempore,
528 986 657 1060 repletur
666 987 767 1042 multis
782 986 907 1043 miseriis
917 987 977 1059 ttob
1032 984 1102 1041 cmlo
1115 985 1285 1042 collocaret?
1302 987 1334 1040 Et
1349 986 1395 1041 ubi
1414 994 1484 1042 esset
1498 990 1569 1059 quod
1583 988 1648 1045 dicit
1660 991 1807 1062 Apostolus
1822 1009 1830 1050 r

179 1094 235 1145 xtr,
259 1078 298 1152 l),
323 1077 443 1135 moriens
473 1076 652 1133 infernalibus
675 1074 819 1131 adducitur
846 1076 976 1132 tenebris.
1032 1074 1098 1142 Qute
1107 1076 1326 1132 conrmunicctt‘o
1336 1075 1393 1131 luci
1407 1075 1444 1131 ed
1457 1076 1649 1149 tenetrnstttl
1660 1080 1722 1136 Cor.
1734 1080 1830 1151 vr,1f).

179 1165 254 1238 Quid
264 1183 332 1240 ergo
342 1167 424 1222 miser
435 1164 536 1222 faciet‘t
546 1163 606 1234 Quo
617 1164 818 1220 seconvertett
834 1162 977 1233 Quomodo
1030 1164 1089 1220 iloc
1107 1179 1204 1220 revera
1223 1163 1421 1220 inconvenieus
1434 1181 1497 1222 esse
1510 1167 1585 1221 omni
1600 1182 1698 1223 sanum
1716 1169 1832 1240 sapienti

178 1251 976 1331 poteritresurgeresequetentabatimanuvelservtruto
1031 1260 1113 1324 patet.
1138 1251 1310 1324 Quapropter
1338 1252 1455 1324 aliquam
1484 1255 1696 1311 satisfactionem
1723 1265 1832 1329 oportet

178 1345 313 1404 liberare?
327 1345 379 1402 Per
393 1361 424 1400 se
447 1353 521 1401 certe
548 1358 659 1415 surgere
673 1358 727 1397 nou
750 1350 849 1414 potest.
874 1342 977 1399 Clamet
1030 1341 1168 1396 bominem
1192 1341 1296 1409 facere,
1311 1357 1365 1412 qua
1378 1342 1466 1413 possit
1481 1343 1568 1398 Deum
1594 1343 1716 1415 placare.
1731 1346 1831 1418 Cujus·

177 1451 247 1509 ergo
269 1436 304 1491 ad
328 1433 473 1489 Dominum
497 1440 524 1489 ct
544 1433 634 1488 dicat:
657 1432 828 1489 ODcmine!
847 1432 913 1505 putu
928 1448 976 1503 epo
1031 1429 1105 1486 modi
1120 1438 1207 1485 sutem
1233 1430 1332 1486 debeat
1350 1447 1410 1486 esse
1431 1430 1490 1502 ipsa
1513 1433 1671 1502 satisfactio,
1687 1434 1832 1491 videamus

177 1541 274 1584 serras
294 1529 370 1591 taus,
385 1528 412 1579 et
432 1523 509 1591 filius
523 1523 637 1578 ancittae
658 1525 715 1577 fure
729 1522 818 1589 (Paul.
837 1537 903 1590 cxv,
920 1523 976 1591 fd).
1032 1519 1236 1590 subeuemp10.
1252 1518 1333 1575 Verbi
1357 1521 1457 1591 gralia.
1478 1520 1518 1575 sit
1539 1536 1589 1576 rex
1610 1522 1707 1594 aliquis
1720 1539 1832 1596 praepo-

178 1616 256 1673 Educ
266 1615 300 1672 de
315 1629 428 1671 earcere
439 1615 566 1668 animum
573 1627 666 1667 mecm
676 1612 838 1679 (Proteum,
848 1614 885 1680 8).
896 1612 977 1683 Eripe
1032 1616 1103 1672 tens,
1116 1609 1162 1677 qui
1177 1624 1259 1663 unum
1275 1624 1309 1663 ex
1324 1609 1496 1679 principibus
1511 1609 1567 1664 suis
1580 1612 1833 1669 contumacem-sibi

177 1722 223 1762 nte
238 1705 271 1763 de
285 1703 411 1761 inimicis
425 1705 507 1773 meir,
524 1702 596 1757 Dect
611 1716 691 1757 meus
706 1700 793 1772 (Paul.
810 1714 886 1768 arnt,
901 1700 940 1771 ⁶2).
952 1714 972 1731 ¹·
991 1716 1018 1776 Β
1033 1704 1060 1752 et
1074 1696 1203 1753 rebellem
1219 1696 1312 1767 ejiciat
1331 1696 1365 1753 de
1378 1713 1465 1770 regno
1479 1714 1539 1754 suo.
1556 1699 1585 1755 si
1607 1707 1700 1771 postea
1718 1701 1759 1756 illi
1774 1701 1833 1774 regi

479 1826 595 1883 CAPUT
615 1826 661 1881 tlt.

181 1931 355 1991 Conveniens
364 1926 551 2001 fuitctltomc
559 1930 622 1999 post
630 1927 847 1998 peccotamnou
858 1924 979 1983 redime-

215 2021 307 2090 retur,
323 2019 383 2074 nist
397 2032 461 2074 cum
475 2017 572 2089 ctr'pnc
587 2015 786 2085 satisfactione
800 2016 879 2086 strete
892 2016 957 2071 Deo.

214 2113 268 2169 Sed
284 2109 347 2183 quid
364 2107 446 2163 faciet
460 2105 592 2161 Dominus
605 2104 701 2158 Deus?
719 2118 812 2158 rerum
828 2110 869 2158 est
883 2112 975 2159 certe:

180 2204 246 2277 quia
260 2200 358 2257 omnic
371 2210 543 2270 quecunque
567 2191 670 2260 votuit,
686 2193 757 2263 fecit
773 2193 803 2249 in
819 2194 887 2248 celo
901 2196 930 2248 et
945 2193 977 2248 in

182 2297 261 2348 terre
274 2288 360 2359 (Paul.
371 2284 520 2353 exaranti)
530 2299 537 2336 ε
549 2280 615 2336 nihil
630 2289 720 2336 tamen
729 2280 817 2336 lacere
831 2285 922 2350 potest
933 2280 977 2336 rel

179 2380 260 2436 debet
282 2377 398 2448 injuste.
421 2373 452 2428 Et
474 2371 496 2426 si
517 2369 678 2442 preceperit
690 2368 800 2425 diabolo
818 2378 847 2425 ut
861 2369 978 2426 dimittat

179 2483 241 2526 eum
261 2466 336 2522 exire
350 2464 385 2519 de
405 2460 521 2526 inferno,
533 2474 616 2532 quem
630 2457 730 2528 injusta
745 2466 772 2514 et
784 2474 835 2530 per
847 2457 977 2513 invidiam

176 2555 295 2622 seduxit,
312 2552 408 2624 poterit
419 2550 446 2605 ei
460 2548 584 2605 diabolus
599 2547 766 2618 respondere
781 2563 788 2603 :
806 2547 905 2602 Verum
920 2546 978 2617 qni·

177 2647 240 2703 dem
256 2651 306 2710 est,
322 2638 447 2708 Domine,
463 2636 537 2710 quod
560 2652 610 2708 per
631 2635 759 2693 invidiam
783 2651 843 2690 earn
859 2635 976 2706 decepi;

151 2761 154 2767 ·
177 2734 229 2793 sed
241 2741 332 2789 tamen
343 2732 367 2785 si
390 2728 524 2784 violenter
537 2741 600 2782 eum
617 2723 686 2781 mibi
703 2723 857 2792 abstuleris,
874 2723 978 2793 injuste

177 2839 223 2880 me
237 2819 380 2878 tractabis.
395 2819 457 2874 Nou
477 2815 549 2872 enim
563 2826 654 2869 meum
674 2813 741 2868 mibi
765 2812 896 2868 uiolenter
910 2812 978 2868 sub·

175 2913 233 2969 didi
245 2909 375 2983 quoniam
394 2923 444 2978 per
466 2903 618 2961 uiolentiam
634 2901 703 2958 nibil
717 2901 741 2957 ei
767 2901 858 2958 facere
872 2901 978 2973 potuis-

176 3017 247 3057 sem.
272 3000 310 3054 Tn
325 2997 350 3053 ei
374 2992 526 3068 precepisti
546 2992 580 3047 de
597 2992 672 3063 liguo
686 3006 741 3046 non
757 2991 909 3055 comedere,
925 3005 977 3062 ego

175 3088 250 3145 suasi
265 3088 290 3143 ei
305 3084 469 3153 comedere;
485 3088 513 3136 tu
528 3080 553 3136 ei
568 3080 734 3152 predixeras
749 3079 821 3151 quod
844 3078 976 3136 si'come-
991 3071 1016 3136 C

177 3179 265 3245 deret,
281 3181 444 3242 moreretur,
457 3186 509 3244 ego
527 3169 552 3224 ei
566 3168 622 3225 disi
645 3167 718 3240 quod
732 3183 787 3223 nou
805 3176 974 3233 moreretur;

178 3268 239 3341 ipse
261 3273 350 3322 autem
365 3262 457 3332 magis
479 3259 595 3317 credidit
612 3258 771 3329 mihiquem
786 3255 845 3323 tibi,
861 3265 889 3313 et
907 3273 975 3329 pro-

174 3365 237 3430 pter
258 3353 404 3412 consilium
427 3364 519 3406 meum
541 3355 638 3419 sponte
661 3345 786 3417 despexit
808 3351 976 3417 praeceplum

175 3454 260 3503 tuum.
273 3445 339 3500 Cum
352 3456 420 3513 ergo
435 3454 497 3496 aum
512 3436 647 3493 violenter
659 3450 775 3506 peccare
786 3449 840 3490 non
852 3434 972 3503 fecerim,

1033 1785 1144 1842 domino
1166 1801 1215 1842 suo
1240 1785 1360 1840 uoluerit
1383 1787 1568 1856 reconciliari,
1587 1789 1705 1858 primum
1726 1797 1833 1861 oportet

1031 1882 1061 1930 ut
1075 1891 1106 1931 ex
1123 1875 1228 1947 integro
1244 1868 1339 1930 reddat
1352 1875 1483 1945 quidquid
1494 1876 1520 1931 ei
1534 1876 1654 1943 abstulit,
1669 1878 1748 1934 autsi
1763 1877 1832 1935 illud

1030 1979 1085 2019 non
1102 1971 1188 2035 potest
1203 1964 1329 2031 reddere,
1345 1965 1445 2019 reddat
1459 1964 1530 2034 quod
1545 1966 1711 2023 tantumdem
1724 1967 1827 2024 ualeat.

1030 2052 1134 2108 Deinde
1161 2067 1213 2122 pro
1240 2051 1410 2109 contumacia
1436 2059 1463 2108 et
1490 2054 1625 2124 superbia,
1655 2071 1708 2125 qua
1734 2064 1831 2112 contre

1031 2157 1092 2196 eum
1113 2140 1267 2207 rebellavit,
1283 2141 1433 2197 secundum
1450 2141 1528 2214 leges
1545 2142 1627 2199 curiae
1640 2159 1696 2198 suae
1711 2151 1737 2198 et
1753 2143 1830 2214 judi-

1030 2229 1102 2285 cium
1130 2227 1291 2299 optimatum
1323 2243 1433 2284 suorum
1461 2230 1486 2284 ei
1515 2229 1674 2286 satisfaciat.
1703 2230 1830 2300 Quaudiu

1031 2317 1104 2373 enim
1119 2317 1217 2372 retinet
1231 2325 1257 2372 et
1271 2332 1326 2372 non
1349 2316 1438 2372 reddit
1451 2318 1524 2389 quod
1538 2319 1563 2374 ei
1583 2317 1704 2388 abstulit,
1718 2335 1774 2376 non
1789 2326 1831 2376 est

1030 2406 1196 2463 conveniens
1210 2406 1254 2461 rel
1267 2404 1351 2477 digna
1372 2405 1534 2472 satisfactio,
1563 2423 1615 2464 nec
1638 2411 1674 2464 ad
1696 2410 1830 2465 bonorem

1030 2495 1115 2566 regis.
1132 2494 1161 2552 Si
1176 2495 1248 2550 enim
1262 2510 1308 2550 rex
1322 2510 1371 2549 sus
1394 2496 1520 2551 retinenti
1532 2495 1684 2564 indulserit,
1704 2497 1831 2555 reniam·

1032 2601 1084 2656 que
1113 2584 1220 2639 donans
1248 2584 1275 2638 in
1303 2600 1416 2655 regnum
1445 2600 1522 2640 suum
1550 2585 1641 2640 redire
1667 2587 1831 2657 permiserit,

1031 2673 1124 2729 dicent
1146 2671 1237 2742 utique
1265 2672 1390 2727 homiues
1417 2673 1479 2728 ideo
1507 2689 1567 2729 eum
1597 2673 1754 2741 indulsisse,
1768 2675 1834 2748 qnia

1032 2761 1183 2817 emendare
1198 2761 1241 2817 vel
1258 2759 1310 2815 sibi
1324 2777 1387 2817 eum
1404 2760 1485 2816 aliter
1500 2761 1642 2832 subjicere
1661 2779 1715 2819 non
1731 2765 1831 2835 potuit,

1033 2851 1126 2922 sicque
1155 2850 1311 2920 buJ'nsmodi
1337 2849 1485 2906 satisfactio
1513 2851 1560 2906 vel
1589 2852 1781 2921 reconciliatio,
1798 2853 1833 2908 ad

1032 2940 1164 2995 vilitatem
1188 2954 1220 2994 ac
1242 2937 1372 3005 dedecus,
1388 2954 1437 2994 seu
1466 2939 1643 3010 opprobrium
1665 2940 1713 2996 fiet
1737 2941 1828 3012 regis.

1033 3028 1164 3085 Similiter
1183 3043 1251 3100 ergo
1273 3026 1358 3083 homo
1377 3027 1423 3099 qui
1446 3043 1494 3100 pro
1514 3027 1595 3099 culpa
1609 3045 1659 3083 sua·
1672 3029 1775 3099 ejectus
1790 3037 1834 3087 est

1030 3117 1065 3173 de
1084 3116 1211 3188 paradiso
1225 3123 1252 3171 et
1270 3116 1406 3188 relegatus
1424 3116 1451 3170 in
1465 3116 1582 3185 inferno,
1600 3117 1622 3171 si
1640 3117 1758 3173 Domino
1771 3118 1833 3174 Deo

1029 3205 1087 3262 vult
1100 3204 1268 3261 reconciliari
1282 3212 1309 3261 et
1331 3204 1448 3276 gratiam
1472 3204 1531 3275 ejas
1555 3204 1688 3276 recipere,
1712 3206 1832 3277 primurn

1029 3301 1137 3367 oportet
1157 3302 1188 3350 ut
1204 3310 1239 3350 ex
1262 3294 1373 3366 integro
1392 3293 1491 3349 reddat
1512 3292 1646 3364 quidquid
1667 3293 1693 3349 ei
1707 3294 1831 3363 abstulit,

1030 3392 1076 3439 aut
1090 3383 1163 3454 quod
1187 3383 1355 3439 tantumdem
1371 3381 1602 3439 valeatoribus
1623 3398 1675 3453 pro
1688 3383 1831 3454 superbia,

1030 3486 1084 3545 qua
1113 3472 1249 3528 Creatoris
1263 3471 1314 3527 sui
1347 3478 1514 3542 preceptum
1526 3471 1700 3543 contempsit
1723 3479 1750 3526 et
1769 3471 1832 3540 ejus

178 3535 225 3591 sed
252 3530 440 3588 ¹⁰⁰¹⁰mm⁰d⁰
468 3535 497 3582 υἱ
523 3533 651 3597 mmm
675 3523 819 3623 smmim',
846 3522 976 3623 i⁰j¹3⁵¹ff¹m
1029 3560 1100 3616 hosti
1128 3560 1251 3626 adhaesit,
1279 3560 1304 3615 ei
1333 3558 1496 3616 satisfaciat.
1523 3559 1552 3615 Si
1580 3560 1632 3615 boc
1650 3559 1748 3615 ordine
1774 3575 1833 3616 nou

175 3630 249 3724 ΨΘ
265 3622 318 3678 em
331 3620 355 3675 εἰ
369 3634 431 3674 eum
453 3617 520 3717 ΜΨ
543 3616 676 3671 *mmm
690 3613 845 3712 ³¹i⁸⁸⁰¹⁸r¹⁸'
866 3613 976 3669 D¹m¹¹¹⁶
1029 3650 1205 3718 satisfecerit,
1220 3648 1373 3704 satisfactio
1400 3647 1459 3716 ejus
1487 3663 1542 3703 non
1569 3649 1621 3702 erit
1640 3648 1675 3703 ad
1698 3649 1833 3705 honorem

175 3720 266 3786 9⁰¹¹¹¹⁵
288 3725 349 3765 eum
370 3707 506 3805 migrem,
524 3719 641 3803 mecum?
657 3710 684 3758 οἱ
702 3709 775 3802 ,δ’,ωῑ
795 3717 857 3757 ⁸⁰⁵⁶
880 3709 976 3801 ⁵p⁰⁰f⁹
1031 3739 1091 3795 Dei.
1108 3739 1252 3795 Videamus
1275 3751 1343 3808 crgo
1366 3735 1431 3808 qnid
1452 3735 1509 3791 Deo
1530 3736 1652 3805 abstulit,
1675 3737 1783 3808 quando
1797 3737 1834 3792 de

177 3799 244 3856 mibi
258 3796 412 3871 supposuit,
428 3797 466 3850 ita
486 3811 507 3848 sr
529 3801 655 3865 potuerit,
670 3800 768 3864 enprat
787 3808 817 3846 ss
838 3791 873 3846 da
886 3807 976 3845 mam-
1028 3830 1104 3902 ligno
1118 3829 1202 3885 vetito
1215 3827 1343 3883 comedit·

176 3891 230 3946 bus
248 3888 327 3944 meis.
344 3888 399 3941 lsta
421 3891 496 3940 certe
509 3890 601 3954 posset
620 3882 677 3937 Deo
696 3880 822 3936 diabolus
842 3879 974 3951 obiicere.

177 3979 338 4050 Quanquam
355 3973 406 4030 etsi
421 3972 509 4042 aliqua
523 3972 611 4042 pietas
626 3970 670 4025 rel
683 3969 873 4026 misericordia
887 3968 956 4042 (quo
1348 3938 1461 3997 CAPUT
1480 3939 1526 3997 IV·

174 4065 345 4141 impossibile
360 4064 411 4131 est)
430 4067 555 4118 moveret
579 4058 717 4115 diabolum
737 4074 804 4131 erga
826 4058 974 4125 bominem,
1055 4061 1127 4130 Quid
1142 4058 1223 4118 temo
1236 4058 1291 4115 Dec
1305 4050 1564 4182 abstulitdquurrdo
1576 4054 1609 4113 de
1630 4055 1705 4130 iipnc
1720 4057 1808 4114 u'etito

175 4156 243 4213 nihil
267 4164 358 4210 tamen
380 4152 440 4223 ejus
455 4149 543 4223 pietas
567 4147 670 4204 homini
692 4145 846 4218 proficeret.
862 4146 976 4202 Etiamsi
1363 4131 1495 4185 comsit.

176 4247 234 4304 Deo
248 4245 356 4301 diceret
369 4256 376 4297 :
391 4239 530 4296 «Domine
544 4238 629 4308 Deus,
642 4243 776 4292 saturatus
786 4252 846 4291 sum
860 4235 977 4291 miseriis
1064 4232 1139 4289 Deus
1159 4231 1243 4313 certe,¹
1262 4234 1292 4284 ut
1306 4224 1491 4298 supradictum
1513 4222 1637 4295 esl,ideo
1655 4223 1731 4281 illum
1746 4240 1831 4282 crea-

177 4343 204 4393 et
230 4333 320 4406 paenis
348 4328 465 4386 infelicis
493 4327 625 4394 hominis,
651 4325 765 4396 jamque
792 4340 838 4381 me
864 4325 978 4397 paenitet
1028 4322 1076 4389 rit,
1093 4327 1123 4376 ut
1137 4335 1172 4377 ex
1190 4317 1263 4373 illius
1283 4331 1385 4390 genere
1399 4314 1504 4370 ruinam
1518 4322 1683 4371 restauraret
1703 4328 1832 4387 superum

175 4422 251 4499 quod
271 4437 334 4478 eum
353 4434 402 4493 per
424 4417 553 4474 invidiam
577 4416 744 4485 seduxerim,
761 4422 787 4470 et
809 4404 975 4470 concedo'ut
988 4434 1016 4496 D
1030 4409 1157 4469 ciuitatis.
1173 4406 1246 4465 Dicit
1269 4404 1348 4462 etism
1373 4404 1470 4460 beatus
1491 4402 1649 4476 Gregorius,
1665 4403 1692 4459 iu
1713 4404 1830 4477 p'raefats

177 4512 278 4570 educas
292 4525 355 4566 eurn
370 4508 405 4563 de
419 4506 534 4576 inferno,
551 4505 606 4560 imo
623 4505 703 4559 ctiam
714 4503 848 4574 deprecor
862 4511 890 4557 ut
904 4502 972 4558 sicut
1027 4498 1143 4558 Domitia
1166 4495 1261 4552 decem
1283 4494 1483 4559 drachmarum,
1507 4489 1580 4563 quod
1605 4498 1710 4583 tautum
1730 4506 1834 4585 nume·

176 4599 352 4674 proposuisti,
383 4611 445 4652 eum
476 4594 594 4651 colloces
621 4609 683 4650 cum
711 4590 817 4664 angelis
840 4591 868 4645 iu
890 4589 972 4658 coelo,
1025 4606 1086 4647 rum
1101 4586 1239 4644 credimus
1255 4582 1366 4639 adeam
1380 4597 1556 4639 accensurum
1570 4578 1830 4671 electornm'lromi-

176 4690 243 4747 nihil
257 4691 316 4744 haec
330 4695 386 4742 tota
404 4685 464 4755 ejus
479 4682 586 4739 bouitas
598 4681 701 4737 homini
715 4680 865 4737 conferret.
884 4679 973 4734 Homo
1026 4694 1103 4745 num,
1125 4681 1256 4747 quantum
1279 4670 1337 4729 illic
1360 4670 1474 4744 contigit
1496 4669 1661 4725 remansisse
1683 4668 1835 4726 electorum

178 4780 260 4847 enim,
283 4777 306 4832 si
328 4775 474 4847 diligenter
496 4771 666 4843 suspiciatur,
686 4769 753 4824 nibil
776 4768 893 4824 debebat
911 4768 973 4824 dia·
1027 4765 1201 4841 angelorum.
1226 4763 1294 4818 Cum
1314 4776 1381 4834 ergo
1408 4766 1575 4831 preceptum
1602 4756 1723 4814 divinum
1738 4765 1834 4813 trans-

177 4868 252 4936 bolo,
267 4866 312 4922 uel
335 4865 362 4919 in
377 4879 459 4918 manu
476 4861 517 4917 vol
544 4866 678 4931 potestate
708 4857 768 4927 eJ'us
790 4856 969 4913 consistebat.
1028 4856 1157 4935 gradiens
1181 4850 1368 4924 peccavisset
1390 4849 1481 4920 utique
1506 4847 1613 4903 animis
1627 4849 1686 4903 Deo
1709 4845 1831 4914 abstulit,

179 4959 275 5014 Contra
298 4955 384 5009 Deum
404 4957 573 5024 peccaverat,
589 4948 653 5003 dum
668 4955 834 5019 preceptum
855 4946 915 5016 ejus
930 4953 974 5000 ut·
1028 4952 1095 5018 quot
1118 4942 1177 5014 ipse
1192 4941 1220 4995 in
1235 4939 1332 4995 eoelum
1349 4938 1439 4993 forare
1453 4936 1624 5008 disposuerat
1638 4952 1698 4991 curn
1714 4936 1830 5008 angelis.

178 5056 242 5118 pote
258 5042 367 5099 Domini
381 5041 421 5096 sui
440 5044 647 5108 contempserat,
659 5036 774 5106 ideoque
789 5037 860 5091 fleus
870 5049 931 5088 eum
946 5033 974 5088 iu
1028 5035 1122 5105 ltaque
1137 5030 1160 5085 si
1181 5028 1238 5085 vult
1253 5029 1311 5083 Deo
1324 5024 1496 5083 reconciliari
1518 5033 1545 5081 et
1563 5024 1598 5080 ad
1613 5021 1765 5097 paradisum
1782 5039 1830 5079 re-

178 5150 288 5192 carccre
304 5147 363 5192 suo.
379 5129 406 5185 id
422 5137 464 5185 est
480 5130 505 5182 in
515 5126 623 5181 inferno
638 5133 781 5196 posuerat,
794 5125 868 5196 justo
883 5131 972 5178 tamen
1029 5121 1109 5192 verti,
1124 5125 1233 5193 oportet
1250 5125 1279 5172 ut
1298 5116 1388 5189 primo
1402 5116 1492 5170 solvat
1505 5113 1529 5170 ai
1551 5113 1681 5169 damnum
1697 5111 1769 5184 quod
1784 5113 1830 5166 in·

174 5222 278 5296 judicio
292 5220 368 5276 illum
384 5218 408 5274 ei
428 5224 558 5272 tortorem
574 5214 730 5279 tradiderat,
746 5213 790 5270 cui
811 5214 870 5285 ipse
892 5212 972 5266 stulte
1027 5209 1096 5275 tulit,
1120 5217 1158 5264 tot
1181 5206 1288 5264 scilicet
1308 5205 1444 5273 homiues,
1461 5206 1528 5277 quot
1551 5203 1624 5259 Deus
1649 5201 1782 5275 disposuit
1798 5201 1829 5256 in

176 5311 340 5372 crediderat.
357 5307 389 5364 Si
409 5307 467 5362 Deo
481 5303 570 5376 atiquo
588 5304 671 5359 modo
684 5301 853 5359 reconciliari
866 5307 970 5373 posset,
1026 5299 1128 5356 casium
1143 5298 1243 5364 levare,
1259 5302 1286 5351 et
1303 5302 1358 5349 tam
1379 5293 1496 5349 mundos
1510 5298 1590 5364 atque
1613 5291 1648 5346 ab
1662 5290 1737 5346 omui
1760 5305 1829 5361 pec-

175 5409 205 5459 at
232 5401 305 5455 Deua
329 5397 368 5453 illi
396 5395 463 5451 iram
496 5407 573 5448 suam
601 5391 763 5466 indulgeret,
779 5399 805 5448 et
826 5399 971 5462 paccatum
1023 5395 1087 5445 cato
1101 5387 1246 5449 immunes,
1262 5382 1333 5439 sicut
1349 5381 1498 5438 fuitltdam
1510 5387 1656 5451 antequam
1671 5385 1824 5452 peccasset.

176 5490 247 5566 quod
263 5487 364 5546 fecerat
377 5483 536 5550 dimitteret,
546 5490 623 5549 tunc,
636 5481 727 5549 vellet,
742 5479 826 5537 nollet
835 5479 969 5550 diabolus,
1025 5479 1077 5534 dal
1094 5475 1118 5533 si
1131 5490 1187 5534 uon
1201 5480 1291 5547 potest
1309 5479 1348 5529 tot
1361 5470 1486 5528 bomines
1506 5469 1627 5528 mundos
1640 5475 1681 5526 et*
1695 5468 1828 5526 immacu·

174 5578 243 5640 acilo
258 5578 292 5636 de
312 5575 420 5633 interm
442 5570 524 5631 educi
549 5575 652 5647 posset.
668 5569 733 5629 ttae
754 5576 846 5629 sutem
868 5583 969 5629 recen·
1022 5566 1092 5626 latos
1108 5564 1234 5634 reddere,
1249 5561 1339 5621 solrat
1357 5559 1431 5635 quod
1450 5559 1619 5618 mutandam
1640 5559 1739 5629 valeat,
1755 5558 1828 5618 alio·
