3728 6000
103 292 157 347 309

418 297 627 354 btsrttrttrto
645 298 783 356 straet
803 300 990 359 ADVERSUS
1009 302 1239 359 tractanda.
1262 335 1299 346 -
1318 306 1381 361 Llll.
1405 307 1452 362 lll.

1709 313 1763 368 ³10

109 414 177 472 fullo
189 416 219 471 in
233 432 315 474 cruce
329 436 363 475 ne
378 420 491 478 haberet
509 439 617 496 rugam,
633 424 764 490 Ecclesia,
788 425 908 497 inquam,
923 425 951 485 Α
966 426 1180 482 manducandam
1197 428 1358 485 adsalutem
1373 431 1449 485 dedit
1466 449 1472 495 ;
1489 448 1569 487 nemo
1579 440 1669 490 antem
1684 436 1762 493 illam

109 504 230 561 fideliter
239 505 415 581 firmiterque,
432 512 504 583 quod
519 513 605 568 credit
619 515 758 584 praedicat,
781 515 913 569 adhorta-

109 596 913 675 tunddorotescabellumpedumejus,quoniumsanrtam

109 686 252 754 est(f'sal.
261 689 368 759 xcviii).
384 689 534 745 hdoramus
543 693 643 763 quippe
652 693 801 748 scabellum
814 692 911 764 pedum

111 774 181 842 eius,
198 774 248 828 sed
264 777 325 845 quia
348 787 470 833 sanctum
486 789 536 846 est,
546 780 572 835 id
588 789 629 836 est
644 796 753 838 carnem
770 784 839 852 eius,
856 797 911 836 uon

111 863 177 934 quia
191 871 317 919 creatura
333 874 383 932 est,
400 866 448 922 scd
464 869 527 938 quia
556 869 645 926 Verba
661 871 708 925 Dei
738 869 913 942 personaliter

110 951 187 1006 unita
202 960 254 1017 εει,
273 953 299 1009 id
315 963 356 1009 est
369 972 429 1010 eum
445 966 568 1014 menteet
583 959 786 1015 divinitateuna
797 975 912 1031 persona

111 1050 163 1107 est,
178 1040 207 1095 id
224 1049 348 1098 estuans
364 1045 487 1101 Christus
498 1046 547 1102 Dei
557 1047 642 1104 filius
655 1048 812 1104 ethominis
826 1048 915 1116 lilius;

112 1130 219 1187 faciens
232 1131 335 1199 divina,
343 1134 450 1204 patiens
463 1138 590 1194 humana.
609 1163 620 1188 ι
637 1140 795 1194 Ambrosius
805 1138 911 1195 inlibro

111 1223 150 1278 De
178 1223 235 1279 fide
256 1224 292 1278 ad
317 1223 476 1280 Gratianum
508 1227 702 1298 imperatorem
720 1232 775 1286 :at
790 1229 911 1285 adorent

109 1329 175 1370 eum
190 1329 289 1369 omues
300 1314 395 1384 angeli
406 1316 467 1387 ejus
481 1317 572 1386 (ilebr.
583 1318 612 1389 ι).
623 1317 744 1373 ddorent
757 1326 844 1374 autem
855 1335 911 1374 non

108 1402 199 1457 solum
215 1402 393 1469 divinitatem,
410 1421 505 1459 verum
526 1406 606 1461 etiam
634 1407 783 1463 scabellum
811 1409 910 1478 pedum

966 530 1075 572 carnem
1091 517 1245 585 manducat,
1266 521 1320 573 nisi
1335 519 1408 590 prius
1421 520 1590 587 adoraverit,
1619 522 1762 580 inventum

966 614 1016 674 est,
1042 607 1268 678 quemadmodum
1295 608 1642 666 adoreturtalescabellum
1657 614 1761 684 pedum

966 695 1073 749 Domini
1090 714 1096 757 3
1114 703 1141 750 et
1159 713 1212 752 nou
1228 698 1313 752 solum
1326 714 1380 752 non
1394 715 1537 769 peccemus
1551 700 1700 768 adorando,
1713 704 1763 759 sed

965 800 1108 854 peccemus
1122 801 1176 840 uon
1192 786 1342 841 adorando.
1362 809 1372 833 ι
1391 788 1422 841 Et
1435 788 1573 843 ‹leeodem
1582 790 1762 848 Cassiodorus

965 872 1286 944 senatorinExpositione
1295 875 1460 945 psalmorum
1470 895 1497 930 :a
1512 878 1629 932 hl'erbo
1636 879 1687 933 Dei
1702 894 1763 935 cor·

964 964 1761 1038 pusassumptumquamvisgloriosum,quumvismagnum,

965 1051 1087 1122 quamvis
1099 1051 1290 1123 adorabilesit,
1299 1059 1389 1110 tamen
1398 1055 1695 1125 propterhumilitatem
1706 1059 1760 1112 hu-

964 1139 1101 1193 manitatis
1116 1140 1266 1195 scabellum
1277 1142 1376 1212 pedum
1391 1142 1439 1197 llei
1455 1146 1641 1212 competenter
1657 1144 1762 1216 accipi-

964 1245 1034 1283 mus.
1045 1229 1245 1300 Namcumipse
1259 1229 1459 1285 dicut:Coelum
1468 1231 1532 1284 mihi
1542 1231 1676 1303 sedesest‚
1690 1241 1762 1288 terra

963 1326 1052 1372 autem
1067 1317 1213 1372 scabellum
1230 1318 1328 1388 pedum
1342 1335 1461 1373 meorum
1471 1320 1580 1392 (itta),
1592 1336 1690 1391 eorpus
1706 1329 1761 1376 ter·

963 1422 1057 1462 renum
1072 1406 1143 1476 quod
1158 1406 1191 1461 de
1207 1408 1293 1461 traria
1308 1407 1413 1479 virgine
1429 1408 1554 1479 sumpsit,
1579 1408 1758 1478 benedicitur,

108 1490 179 1560 ejas,
195 1492 326 1563 quoniam
345 1500 468 1548 sanctum
482 1498 523 1548 est
539 1509 546 1564 ;
564 1495 626 1566 quia
642 1497 670 1550 in
685 1496 793 1551 Christo
816 1497 911 1551 incar·
962 1495 1069 1566 opinor,
1085 1495 1233 1551 scabeilum
1248 1496 1350 1566 pedum
1366 1497 1435 1569 ejus,
1458 1506 1484 1552 et
1500 1496 1595 1552 eadem
1625 1497 1759 1554 similitu·

108 1581 232 1636 nationis
257 1581 337 1636 etiam
362 1581 501 1638 adoranda
515 1585 644 1655 mysteria
659 1593 720 1639 sunt
737 1603 744 1651 ;
760 1585 788 1639 in
812 1586 910 1658 quibus
963 1584 1025 1638 dine
1035 1584 1294 1656 probaturintelligi,
1306 1585 1762 1656 utscilicetcorpusejusaDeitata

106 1668 182 1724 relat
193 1672 312 1743 vestigia
327 1670 452 1742 quadam
475 1672 624 1728 divinitatis
648 1682 712 1728 sunt
737 1674 880 1744 impressa.
896 1697 907 1721 a
962 1673 1059 1728 mentis
1073 1674 1300 1744 contemplatione
1316 1690 1370 1729 ιιοιι
1385 1674 1566 1743 discerneres,
1577 1675 1624 1730 sed
1635 1676 1669 1731 ad
1679 1692 1759 1731 uuam

109 1758 141 1813 Ει
152 1757 307 1830 paulopost
325 1776 355 1814 :a
369 1760 420 1815 Per
434 1760 582 1815 scabellum
596 1768 670 1817 terra
684 1763 852 1836 intelligitur,
860 1778 909 1833 per
921 1788 949 1851 B
963 1777 1108 1833 personam
1124 1760 1248 1827 referres,
1266 1761 1346 1818 idest
1365 1764 1399 1818 ad
1416 1763 1537 1819 Verbum
1553 1763 1624 1835 quod
1639 1780 1701 1821 caro
1717 1764 1762 1821 fa-

108 1852 210 1903 terram
228 1854 319 1902 autem
335 1864 397 1904 caro
412 1849 522 1915 Christi,
534 1865 616 1920 quam
632 1851 713 1906 hodie
727 1852 755 1906 in
771 1851 909 1922 mysteriis
963 1857 1036 1906 ctum
1051 1858 1101 1915 est,
1118 1857 1144 1906 et
1157 1849 1289 1907 habitavit
1302 1851 1330 1905 in
1346 1851 1439 1907 nobis.
1461 1874 1472 1901 a

107 1936 267 2003 adoramus,
297 1944 324 1992 et
352 1953 433 2007 quam
460 1939 576 2009 apostoli
604 1938 795 1995 adoraverunt.
811 1941 909 2011 Neque
997 1939 1059 1993 Non
1086 1937 1170 2011 igitur
1182 1946 1321 1995 recentem
1338 1939 1425 1996 Deum
1440 1941 1565 2007 colimus,
1582 1942 1628 2013 qui
1648 1957 1760 1999 carnem

109 2024 185 2079 enim
214 2024 320 2080 divisus
343 2032 383 2081 ast
397 2025 527 2093 Christus,
557 2027 605 2082 sed
632 2042 724 2082 unus:
741 2028 909 2099 nequedum

109 2113 242 2169 adoratur
256 2122 385 2185 tanquam
400 2114 485 2170 Filius
498 2115 559 2182 Dei,
576 2123 655 2171 natus
669 2117 704 2171 de
724 2116 836 2185 Virgine
858 2132 909 2171 ne·

108 2208 199 2275 gatar.
216 2226 228 2249 ι
246 2203 411 2275 Augustinus
434 2203 461 2257 in
489 2205 657 2274 expositione
685 2205 784 2275 psalmi
810 2219 907 2260 xcviii:

111 2290 264 2347 «Adorate
285 2290 434 2347 scabellum
463 2294 562 2364 pedum
587 2293 655 2361 eius,
685 2295 814 2365 quoniam
839 2308 908 2349 san-

110 2387 184 2435 ctum
200 2388 242 2434 est
257 2397 264 2433 ε
282 2381 482 2451 Ancepsfactus
504 2398 576 2437 sum.
589 2382 683 2437 Timeo
710 2382 823 2438 adorare
851 2392 909 2439 ter-

110 2484 180 2533 ram,
210 2484 247 2524 ne
271 2469 384 2523 damnet
412 2485 455 2524 me
483 2470 528 2541 qui
556 2469 619 2526 facit
638 2470 735 2526 cmlum
756 2480 783 2527 et
797 2480 906 2530 terram.

109 2558 215 2613 Rursus
229 2557 312 2614 timeo
321 2573 376 2612 non
390 2557 504 2613 adorare
518 2559 667 2615 scabellum
682 2561 784 2630 pedum
799 2562 909 2618 Domini

108 2646 173 2714 mei,
196 2647 261 2717 quia
280 2647 400 2717 psalmus
427 2648 494 2701 mihi
508 2646 572 2704 dicit
589 2665 596 2703 :
613 2649 733 2705 Adorute
757 2651 910 2706 scabellum

107 2736 214 2808 pedum
229 2738 301 2807 ejas,
317 2736 649 2808 etdicitmihiScriptura:
665 2740 748 2794 ferra
756 2739 910 2795 scabellum

107 2825 214 2898 pedam
225 2827 437 2894 meoramifmi.
455 2826 543 2881 axvil.
564 2826 707 2882 fluctuans
721 2835 852 2883 conserto
866 2844 910 2883 me

108 2913 144 2969 ad
160 2913 309 2979 Christum,
334 2914 397 2986 quia
424 2915 513 2984 ipsum
543 2930 634 2985 quaero
664 2915 718 2982 hic,
747 2915 908 2983 etinveuio,

108 3001 253 3074 quomodo
269 3002 328 3056 sine
343 3002 480 3074 impietate
494 3003 619 3058 adoretur
634 3004 783 3059 scabellum
807 3005 909 3076 pedum

107 3092 179 3160 ejus.
197 3090 326 3161 Suscepit
339 3091 410 3146 enim
425 3091 459 3147 de
472 3100 543 3146 terra
558 3096 674 3159 terram,
692 3094 753 3164 quia
763 3109 828 3149 caro
838 3102 910 3149 terra

108 3188 189 3236 estet
202 3179 237 3235 de
252 3196 332 3237 carne
347 3181 440 3236 liariae
454 3197 563 3237 carnem
577 3181 733 3250 assumpsit.
750 3184 785 3237 lit
798 3184 863 3256 quia
881 3184 909 3238 in

106 3270 171 3342 ipsa
185 3284 269 3326 carae
291 3269 335 3325 hic
355 3270 511 3340 ambulavit,
528 3278 555 3326 et
582 3271 671 3344 ipsam
699 3286 810 3328 caruem
831 3273 909 3328 nobis

964 2026 1061 2083 Christi
1077 2027 1234 2095 adoramus,
1250 2028 1296 2098 qui
1311 2027 1448 2084 credimus
1470 2028 1607 2084 Christum
1622 2029 1651 2084 in
1678 2046 1762 2087 carne

964 2115 1068 2171 venisse
1096 2132 1128 2171 ex
1162 2115 1268 2172 semina
1297 2115 1384 2173 David
1412 2117 1560 2173 secundum
1582 2118 1761 2192 Et'angelium

964 2203 1038 2258 Pauli
1076 2203 1168 2273 (flam.
1210 2205 1242 2273 ιι)
1267 2221 1273 2267 ;
1300 2220 1350 2260 nec
1386 2204 1586 2260 introducimus
1622 2206 1652 2261 in
1688 2206 1762 2262 illam

963 2292 1162 2362 simplicitatem
1188 2308 1282 2349 veram
1309 2292 1412 2365 aliquid
1440 2294 1632 2365 compositum,
1661 2311 1713 2351 nec
1734 2296 1763 2351 in

962 2379 1037 2436 illam
1053 2382 1238 2452 antiquitatem
1255 2382 1357 2454 aliquid
1386 2390 1594 2454 temporaneum
1609 2399 1616 2453 ;
1634 2385 1679 2456 qui
1708 2400 1764 2441 non

962 2469 1079 2526 dicimus
1092 2481 1214 2526 naturam
1230 2471 1257 2525 in
1272 2478 1398 2527 naturam
1420 2480 1559 2540 mutatam,
1581 2474 1629 2528 sed
1658 2473 1764 2529 exalla-

963 2567 1018 2614 tam
1032 2559 1058 2612 io
1076 2560 1125 2614 Dei
1140 2557 1228 2631 gloria
1251 2560 1460 2628 humanitatem,
1489 2578 1537 2633 per
1555 2561 1709 2617 mirabilem
1738 2569 1765 2617 ct

963 2646 1128 2703 ineffabilem
1153 2664 1276 2718 personae
1295 2649 1425 2705 unitatem
1443 2665 1607 2720 :perquam
1638 2656 1665 2705 et
1688 2650 1765 2706 Deus

963 2737 1056 2799 homo,
1077 2740 1104 2791 at
1118 2737 1205 2791 homo
1219 2737 1293 2792 Deus
1305 2744 1356 2807 est,
1372 2737 1444 2810 quod
1460 2741 1508 2810 qui
1525 2747 1605 2810 negat
1623 2739 1765 2795 haereticus

963 2833 1014 2881 est.
1024 2825 1261 2894 Evectijamunnc
1270 2826 1412 2896 persancti
1422 2826 1539 2897 Spiritus
1557 2826 1677 2899 gratiam
1692 2843 1763 2882 con-

965 2923 1007 2970 tra
1015 2929 1092 2984 spem
1103 2922 1129 2969 et
1140 2914 1305 2970 meritumdc
1314 2914 1584 2988 fragosissimisloeis
1593 2923 1764 2987 tempestuo-

964 3019 1055 3057 sarum
1070 3003 1400 3074 acpericulosissimarum
1428 3004 1621 3077 questionum,
1651 3020 1764 3063 cursum

964 3092 1082 3146 sistimus
1096 3092 1235 3163 paulisper
1249 3093 1285 3148 ad
1300 3095 1419 3164 quietem
1437 3108 1443 3162 ;
1461 3093 1585 3166 aliaque
1599 3101 1762 3167 sequuntur,

963 3180 1016 3237 alio
1032 3180 1200 3252 prosecuturi
1215 3197 1311 3237 rursus
1327 3180 1454 3238 exordio.

643 3591 837 3681 LIBER
896 3588 1217 3680 TERTIUS.

859 3845 997 3858 ι*

137 3980 202 4035 lam
224 3977 289 4034 libri
317 3976 387 4034 tertii
403 3978 480 4035 labor
495 3975 610 4033 accurrit
629 3975 705 4044 milii,
721 3982 822 4032 sanctas
841 3974 904 4030 Tri-

102 4066 196 4124 nitatis
222 4075 392 4136 tractatores,
422 4075 447 4123 et
475 4067 595 4123 cultores
621 4063 688 4122 solis
699 4064 810 4135 justitiae
825 4063 903 4119 tertia

101 4156 147 4214 die
157 4158 343 4230 resurgentis,
360 4156 475 4211 imitanti
492 4155 557 4228 ;qui
578 4155 709 4211 divinitus
724 4153 904 4224 impleverunt

958 3989 1012 4030 non
1036 3972 1138 4042 omnia,
1154 3989 1188 4029 ne
1204 3971 1250 4028 tibi
1265 3971 1377 4028 domino
1391 3986 1464 4038 meo,
1479 3972 1524 4028 cui
1546 3973 1609 4029 talia
1623 3975 1762 4048 praecipue

958 4063 1059 4131 scribo,
1079 4062 1195 4134 aliisque
1204 4062 1305 4118 severis
1321 4060 1396 4128 viris,
1406 4062 1487 4118 taedio
1502 4061 1565 4134 sim,
1578 4078 1594 4118 o
1609 4063 1762 4121 clarissima

958 4151 1217 4223 liothomageasium
1244 4151 1404 4216 lucerna,et
1419 4149 1503 4206 nostri
1528 4153 1658 4222 temporis
1682 4154 1759 4210 stella

101 4262 165 4304 ειιιιι
180 4246 320 4301 Abraham
335 4245 385 4301 Dei
401 4254 580 4316 preceptum,
596 4258 650 4315 quo
661 4243 768 4313 jussum
798 4251 839 4297 est
853 4242 877 4298 ci
893 4258 900 4296 :
918 4279 946 4341 D
959 4241 1098 4307 matutina,
1115 4240 1160 4312 qui
1176 4238 1310 4296 catholico
1324 4245 1435 4309 pectore
1463 4238 1497 4295 da
1524 4240 1584 4295 Deo
1600 4248 1646 4296 tuo
1662 4242 1758 4309 sentia,

104 4359 116 4382 ι
133 4333 185 4391 Exi
195 4334 233 4390 de
249 4342 319 4389 terra
333 4336 391 4402 tua,
407 4341 434 4389 et
449 4333 482 4389 de
493 4332 657 4404 cognatione
672 4338 726 4396 tua,
740 4340 767 4386 et
780 4330 902 4386 dedomo

101 4423 190 4496 patris
218 4423 257 4478 tui
285 4421 370 4490 (Gen.
387 4424 580 4493 xtr);etcum
597 4421 690 4492 hloyse
716 4419 785 4475 duce
813 4417 903 4490 gentis

101 4512 241 4577 llehraeae,
250 4510 361 4566 sublatis
372 4510 539 4565 vasisaureis
549 4517 576 4565 et
589 4509 741 4581 argenteis,
757 4506 902 4565 cumomni

100 4598 208 4656 familia
218 4616 267 4655 saa
282 4600 371 4655 triduo
386 4605 561 4654 recesserunt
572 4598 607 4652 ab
622 4598 749 4670 AEgvpto,
775 4604 803 4650 ut
819 4597 902 4650 libere

100 4687 262 4745 sacrificare
277 4689 394 4744 Domino
408 4695 518 4759 possent
538 4687 724 4759 AEgvptiorum
755 4686 902 4740 abomina-

101 4778 195 4834 tiones
214 4778 243 4835 in
271 4777 391 4833 deserto.
416 4776 523 4832 Divinae
538 4775 673 4848 siquidem
688 4774 854 4847 dignationis
868 4790 902 4829 ex

100 4864 277 4937 indulgentia
300 4865 442 4937 processit,
460 4880 518 4920 uon
538 4881 572 4921 ex
587 4865 692 4929 merito,
718 4863 789 4935 quod
805 4864 902 4919 acutis·

99 4954 173 5011 simo
190 4955 258 5022 viro,
273 4953 483 5026 sapientissimo,
499 4953 690 5021 famosissimo,
720 4952 815 5019 hebes,
832 4952 901 5006 insi-

100 5044 191 5114 piens,
206 5041 381 5115 ignotusque,
398 5042 583 5114 superioribus
611 5039 740 5097 veridicis
766 5054 900 5111 prosecu-

102 5130 306 5203 tionibuspotui
317 5130 480 5202 respondere
496 5147 504 5201 ;
521 5137 547 5186 et
555 5137 717 5200 pertractata
726 5129 899 5200 perspiciens,

100 5235 203 5292 ineque
235 5234 286 5291 per
312 5219 425 5275 semitas
444 5219 657 5276 orthodoxorum
685 5218 814 5274 incedere
847 5232 902 5272 non

100 5308 260 5382 ambigens,
276 5307 327 5363 sub
341 5316 419 5380 patre
425 5309 607 5380 orphanorum
617 5315 644 5362 et
654 5307 749 5377 judice
758 5307 902 5363 viduarum

101 5412 222 5455 εοειιιιιε
247 5412 317 5465 sitm,
342 5396 406 5468 quia
423 5396 549 5453 catholici
577 5397 667 5453 bravii
689 5412 746 5453 noa
771 5396 903 5469 privabor

101 5486 246 5545 murdro.
255 5484 339 5543 lilius
347 5486 432 5558 igitar
450 5486 538 5559 ipsius
551 5502 616 5558 ope,
630 5485 711 5556 cujus
730 5499 815 5558 supra
829 5485 904 5543 dicta

103 5576 253 5651 asplansta
264 5575 521 5647 massmannum
549 5574 677 5648 quadam
700 5575 902 5647 perscmtabor,

959 4328 1095 4386 catholico
1107 4345 1155 4385 ure
1169 4328 1301 4399 loqueris,
1318 4336 1345 4382 et
1358 4326 1492 4382 catholica
1500 4343 1583 4383 manu
1597 4329 1702 4385 caeteris
1711 4346 1760 4387 ex·

956 4418 1096 4474 cellentius
1105 4417 1210 4473 scribis.
1225 4418 1265 4473 De
1282 4416 1370 4471 multis
1392 4432 1460 4488 ergo
1476 4416 1597 4487 profanis
1625 4425 1652 4473 et
1679 4434 1757 4474 mor-

956 4507 1040 4563 tiferis
1060 4506 1235 4572 novitatibus,
1264 4522 1324 4577 quae
1338 4505 1427 4561 adhuc
1449 4512 1562 4573 restant,
1588 4521 1657 4578 quas
1672 4506 1757 4564 stulte

957 4597 1050 4653 Petrus
1065 4595 1091 4650 in
1107 4593 1256 4668 Theologia
1274 4612 1333 4662 sua,
1354 4594 1458 4649 stultius
1485 4596 1513 4648 in
1542 4594 1680 4666 Apologia
1706 4611 1758 4651 sua

956 4686 1075 4742 delirans
1103 4684 1232 4756 profudit,
1258 4684 1308 4739 tria
1335 4690 1438 4738 tanturn
1464 4684 1644 4754 sequestravi,
1657 4692 1757 4755 quaest

955 4773 1149 4844 rempublicam
1165 4780 1283 4827 nostram
1295 4771 1416 4844 graviter
1426 4769 1565 4836 infestant,
1582 4780 1663 4843 atque
1678 4771 1757 4827 bonis

955 4862 1157 4917 aemulatoribus
1171 4859 1289 4916 excitant
1308 4858 1439 4928 majoram
1455 4858 1515 4926 zeli,
1532 4859 1578 4931 qui
1598 4859 1697 4916 candet
1727 4859 1756 4914 in

955 4949 1111 5015 domobei,
1127 4949 1277 5004 fervorem.
1305 4948 1394 5004 Unum
1421 4955 1474 5014 est,
1500 4948 1573 5019 qnod
1603 4948 1755 5005 dilinsDei

955 5054 1064 5109 semper
1089 5037 1123 5092 de
1140 5038 1198 5092 Deo
1213 5037 1343 5092 nascitur.
1362 5034 1518 5090 Secundum
1529 5041 1578 5104 est,
1595 5036 1669 5107 quod
1678 5037 1753 5092 Deus

955 5127 1045 5183 facere
1066 5141 1120 5181 non
1136 5133 1235 5197 potest,
1251 5123 1304 5180 nisi
1319 5123 1392 5195 quod
1408 5123 1483 5192 facit,
1509 5139 1561 5181 ιιεε
1590 5124 1643 5181 alio
1657 5125 1752 5195 modo,

956 5232 1007 5273 nec
1039 5214 1093 5271 alio
1121 5223 1252 5286 tempore,
1272 5229 1323 5270 ιιεε
1336 5213 1473 5270 dimittere
1486 5213 1553 5284 quin
1583 5213 1665 5270 faciat
1680 5211 1754 5284 quod

955 5305 1034 5362 facit.
1047 5304 1177 5370 Tertium,
1193 5304 1266 5374 qaod
1280 5303 1370 5376 gratia
1379 5301 1425 5357 illa
1440 5317 1497 5374 qua
1510 5300 1649 5358 salvantur
1661 5302 1752 5370 electi,

957 5392 1110 5451 eommunis
1135 5399 1177 5449 est
1206 5391 1332 5449 omnibus
1353 5390 1526 5447 hominibus.
1555 5390 1602 5446 liis
1616 5391 1754 5447 exordiae

957 5481 1177 5556 respondendum
1196 5489 1248 5550 ast,
1264 5480 1316 5538 sad
1330 5481 1407 5554 prius
1420 5479 1507 5537 verba
1522 5479 1603 5550 illius,
1619 5481 1690 5539 sieut
1712 5497 1755 5537 su·

958 5572 1049 5647 perias
1062 5570 1126 5642 leci,
1142 5569 1201 5645 ipsa
1215 5568 1340 5644 quidam,
1355 5568 1402 5627 aad
1418 5585 1499 5644 quam
1523 5569 1631 5627 breuius
1641 5577 1752 5643 potero,
