3728 6000
159 234 208 292 931
651 230 684 288 [t.
706 232 835 289 aucant
855 225 1084 289 SCliOLhSTlCl
1103 226 1314 289 hauniensis*
1759 230 1808 293 932

159 370 213 418 tem
227 367 302 416 metu
314 357 417 430 judicis
432 358 496 415 talia
516 358 613 416 iecisse
635 366 734 430 sponte
758 358 873 429 professi
898 358 961 414 tue·
975 358 1002 419 Α
1016 358 1045 412 in
1068 359 1230 429 supplicium
1254 360 1394 416 sententie
1425 358 1576 417 destinarit.
1601 359 1727 418 Pulsatus
1749 369 1810 418 anta

158 451 220 514 rint,
236 450 334 505 modus
350 449 516 520 peanitentiae
529 456 568 504 est
583 448 622 503 eis
645 447 847 519 temperandus.
866 448 894 503 Si
909 463 961 503 au·

161 546 214 594 tem
228 539 252 593 is
266 539 313 609 qni
328 537 451 609 pree-dicti
467 537 596 608 Stephani
611 537 700 593 locurn
723 536 822 592 invasit
835 542 961 591 mortuus

161 636 214 698 est,
226 635 308 699 atque
319 634 381 697 post
396 642 457 681 curn
483 626 552 681 alius
566 626 712 698 episcopus
729 625 883 694 ordinatus,
898 624 962 698 quia

58 766 65 771 .
160 716 246 773 levior
268 716 347 786 culpa
372 716 489 782 ridetur,
513 730 569 770 non
595 714 659 786 quin
680 715 727 769 isti
751 714 889 785 superstiti
913 714 962 770 sed

161 806 330 862 successisse
358 804 498 869 defuncto,
518 804 690 876 episcopatus
719 803 758 858 illi
790 802 907 859 odicium
926 803 962 858 ab

161 895 257 951 eadem
282 893 406 950 Ecclesia
434 893 620 948 tantummodo
643 892 807 962 judicatur;
823 891 859 946 ita
887 900 915 947 ut
935 892 962 946 in

161 984 214 1039 alia
236 983 369 1052 Ecclesia,
385 999 446 1055 qnae
468 997 483 1037 a
508 981 651 1037 sacerdote
675 981 723 1037 erit
747 997 841 1049 vacua,
858 981 880 1036 si
903 980 962 1037 ele·

160 1083 219 1129 ctus
234 1072 324 1140 luerit,
343 1087 403 1127 esse
418 1071 506 1142 possit
521 1070 674 1142 episcopus.
697 1069 765 1138 Quia
783 1085 863 1142 ergo,
879 1077 908 1125 ut
927 1070 964 1125 ait

162 1160 324 1233 Gregorius,
348 1166 421 1215 metu
441 1159 546 1228 judicis
574 1158 705 1228 judicium
729 1157 904 1224 subvertitur,
928 1158 964 1212 ait

162 1248 281 1306 Calistus
305 1264 386 1320 papa,
401 1250 492 1318 cap.l
518 1246 609 1319 (epist.
633 1263 651 1312 t,
675 1264 706 1301 n.
726 1247 775 1317 2):
799 1269 809 1295 l
831 1246 962 1316 injustum

162 1338 296 1408 judicium
312 1345 339 1392 et
353 1334 475 1391 delinitio
490 1335 589 1405 iniusta
613 1344 696 1401 metu,
713 1344 760 1391 aut
777 1335 855 1405 jussa
872 1337 964 1405 cujus-

56 1476 61 1483 .
164 1442 271 1496 cunque
286 1424 407 1497 episcopi
421 1432 468 1480 aut
482 1424 599 1495 potentis
620 1424 746 1480 ordinata
760 1424 803 1480 vol
817 1431 885 1491 acta,
905 1440 963 1480 non

1016 463 1093 502 suum
1105 447 1226 517 judicem
1241 463 1351 504 causam
1365 449 1448 515 dicat,
1465 457 1492 506 ct
1503 464 1556 505 non
1576 458 1642 507 ante
1665 466 1745 506 snum
1764 451 1809 522 iu-

1015 536 1102 592 dicem
1115 536 1247 608 pulsatus,
1262 537 1285 592 si
1299 538 1423 606 voluerit,
1437 546 1537 606 taceat,
1552 547 1580 595 et
1602 539 1725 611 pulsatus
1740 555 1809 611 quo-

1015 624 1067 681 ties
1089 626 1272 697 appellaverit
1299 625 1414 683 induciae
1436 628 1543 695 dentur,
1567 643 1620 684 nec
1645 644 1809 702 quemquam

1016 715 1161 780 serrantia,
1181 729 1271 771 nona
1298 730 1349 771 suo
1380 715 1472 785 jndice
1499 717 1571 773 dicta
1600 718 1807 791 constringat·

1016 806 1084 859 item
1099 803 1191 860 Victor
1205 819 1290 876 papa,
1305 821 1355 875 cap
1378 805 1390 859 l
1416 804 1506 877 (epist.
1524 810 1549 877 l,
1565 823 1593 861 n.
1609 809 1637 877 3)
1655 825 1661 863 :
1681 828 1693 855 α
1711 806 1811 862 Placuit

1016 900 1045 947 ut
1060 901 1206 949 accusatus
1221 893 1264 948 ael
1286 893 1424 963 judicatus
1448 911 1465 950 a
1484 895 1765 967 comprovincialibus
1785 897 1811 951 in

1017 980 1110 1052 aliqua
1127 995 1211 1036 eausa
1235 982 1381 1053 episcopus
1405 982 1517 1039 licenter
1537 983 1666 1055 appellet,
1684 992 1713 1040 et
1735 985 1811 1040 adeat

1017 1070 1091 1125 sedis
1105 1068 1265 1141 apostolice
1278 1070 1443 1141 pontificem,
1460 1072 1506 1145 qui
1520 1080 1565 1127 aut
1579 1088 1630 1143 per
1648 1088 1680 1128 se
1705 1081 1752 1127 aut
1765 1088 1811 1144 per

1018 1173 1082 1214 suos
1105 1159 1231 1227 vicarios,
1252 1159 1310 1227 ejus
1334 1160 1474 1216 retractari
1504 1161 1644 1234 negotium
1667 1170 1808 1232 procursu

1018 1254 1045 1302 et
1058 1246 1123 1302 dum
1137 1247 1235 1303 iterato
1247 1247 1351 1317 judicio
1364 1249 1484 1320 pontifex
1507 1265 1584 1305 sunm
1608 1264 1722 1306 causam
1745 1249 1809 1323 agit,

1017 1336 1108 1390 nullus
1122 1335 1149 1390 in
1164 1335 1225 1392 loco
1239 1336 1297 1405 ejus
1311 1345 1428 1407 ponatur
1441 1346 1487 1393 aut
1496 1338 1638 1394 ordinetur
1647 1338 1809 1411 episcopus:

1018 1424 1146 1496 quoniam
1179 1440 1334 1495 quenquam
1366 1426 1647 1498 comprovincialibus
1678 1427 1811 1498 episcopis

164 1516 265 1572 valeat.
284 1537 295 1563 a
324 1515 403 1571 Unde
425 1513 568 1579 Fabianus,
585 1529 646 1585 cap.
663 1517 679 1568 3
694 1512 789 1585 (epist.
807 1514 834 1580 a,
855 1530 882 1568 n.
904 1515 932 1583 2)
953 1532 960 1569 :
1017 1514 1135 1569 accusati
1147 1529 1256 1570 causam
1271 1513 1526 1586 pontilicisscrutari
1549 1516 1639 1584 liceat,
1654 1525 1811 1572 nontamen

166 1605 224 1662 «Si
248 1605 308 1678 quis
326 1603 448 1673 judicem
472 1601 616 1659 adversum
644 1602 697 1657 sibi
721 1603 844 1668 senserit,
868 1619 963 1660 vocem
1018 1600 1149 1671 definere,
1173 1602 1327 1660 inconsulto
1350 1605 1473 1661 Romano
1497 1604 1633 1676 pontifice,
1653 1604 1810 1677 permissum

164 1693 358 1767 appellationis
372 1691 512 1747 exhibeat.
528 1690 716 1762 appellantem
736 1700 827 1747 autem
843 1708 897 1747 non
911 1693 962 1748 dc·
976 1719 1004 1778 Β
1018 1700 1067 1747 est.
1086 1716 1097 1739 »ι
1116 1691 1191 1748 Unda
1206 1693 1383 1764 Zephyrimus
1397 1709 1478 1764 papa,
1494 1709 1557 1766 cap.
1574 1697 1586 1748 l
1607 1712 1613 1747 z
1633 1718 1644 1742 α
1662 1693 1735 1748 Finis
1749 1709 1810 1750 vero

162 1783 209 1839 bet
222 1781 329 1837 afflictio
344 1781 398 1835 ulla
413 1788 458 1835 aut
480 1778 645 1835 detentionis
669 1779 797 1850 injuriare
819 1781 961 1847 custodia;
1019 1779 1141 1849 eiusdem
1152 1797 1242 1836 causae
1256 1781 1291 1836 ud
1312 1783 1404 1838 sedem
1422 1783 1598 1853 apostolicam
1619 1782 1770 1849 deleratur,
1784 1791 1809 1837 ut

163 1871 211 1927 sed
225 1870 304 1927 liceat
318 1869 477 1940 appellatori
499 1868 616 1923 vitiatam
641 1885 751 1924 causam
775 1869 963 1941 appellationis
1017 1868 1118 1925 ibidem
1142 1869 1309 1935 terminetur,
1335 1887 1385 1927 nec
1407 1880 1486 1928 antea
1509 1870 1618 1927 liniatur
1650 1886 1733 1945 quatu
1757 1872 1810 1941 ejus

163 1959 285 2015 remedio
316 1958 469 2025 sublevare,
492 1957 572 2014 liceat
599 1959 626 2013 in
654 1959 745 2014 causis
775 1959 963 2015 criminalibus
1018 1957 1356 2015 auctoritatelulciatur.n

164 2048 321 2121 appellare;
337 2063 389 2104 nec
402 2063 457 2103 vox
469 2046 625 2117 appellandi
644 2046 796 2120 denegetur
820 2047 855 2114 ei,
877 2063 962 2117 quarn
1236 2048 1362 2122 Explicit
1376 2049 1501 2107 secanda
1515 2067 1593 2124 pars.

761 2310 924 2415 PARS
967 2311 1210 2416 TERTIA

166 2583 231 2638 Cer.
247 2582 273 2637 1.
289 2576 366 2649 Quod
380 2581 506 2650 quatuor
520 2573 625 2649 species
639 2588 736 2631 coriam
749 2573 965 2646 sunt‚qaisant
1019 2574 1083 2630 durn
1107 2584 1147 2632 est
1170 2583 1223 2632 tarn
1246 2577 1273 2632 in
1295 2577 1477 2637 schismaticis
1504 2596 1586 2650 quarn
1610 2581 1638 2635 in
1663 2581 1809 2639 haereticis.

203 2659 288 2709 extra
311 2651 477 2720 Etb'lffl'stms
501 2652 529 2704 02
551 2661 672 2719 lumin
702 2649 884 2702 mmmm
906 2661 964 2701 ἢθη
1019 2662 1117 2719 Omnia
1133 2675 1303 2722 sacramenta
1317 2684 1331 2722 a
1347 2685 1509 2741 quocunque
1529 2670 1557 2724 in
1572 2670 1710 2726 Trinitatis
1725 2671 1812 2727 nomi-

201 2726 271 2781 Μ’
286 2726 365 2777 ram·
1018 2768 1053 2807 ne
1067 2763 1224 2809 consecrata
1239 2765 1311 2826 sunt,
1328 2767 1456 2828 quantum
1471 2759 1550 2814 adse
1575 2774 1638 2815 vera
1658 2765 1685 2815 et
1710 2766 1810 2826 sancta,

204 2875 273 2946 Quia
288 2873 413 2945 superius
427 2871 460 2927 da
475 2868 664 2926 misericordia
682 2868 727 2923 rel
745 2868 853 2938 justitia
875 2868 965 2924 eccle·
1017 2849 1045 2895 ¹¹¹
1059 2841 1087 2895 ⁵¹¹
1102 2845 1278 2914 sequemiblss
1291 2847 1394 2916 9⁸¹⁰bl²
1411 2865 1417 2901 ²
1434 2847 1482 2903 sed
1502 2855 1630 2919 inimum
1646 2847 1681 2902 Μ
1703 2847 1812 2904 ‘fleam

168 2965 271 3020 siastici
296 2962 487 3035 peccatoribus
518 2957 682 3025 exhibenda,
712 2965 842 3029 quantum
871 2957 965 3012 annuit
978 2937 1577 3066 Gsuttsmequevera,nequamneuam
1601 2937 1704 3006 pullula
1726 2945 1754 2993 al
1775 2952 1812 2992 sa-

167 3054 259 3109 dirina
273 3052 368 3124 pietas,
383 3049 593 3121 perstrinximus
609 3065 615 3101 :
633 3061 704 3102 nunc
725 3046 760 3101 de
775 3045 873 3117 hisqui
888 3054 962 3100 extra
1018 3019 1131 3092 “medas
1148 3037 1213 3093 ‘lum
1230 3039 1284 3079 n0n
1300 3025 1444 3080 cOnsetunl
1457 3025 1583 3092 salutem,
1599 3025 1647 3080 sed
1663 3025 1809 3081 damnatio·

167 3141 319 3199 Ecclesiam
334 3145 399 3196 sunt
414 3147 623 3211 pertractemus.
640 3137 746 3191 llorum
772 3143 834 3189 sunt
849 3143 965 3207 quatuor
1018 3125 1080 3163 ”⁸¹¹¹
1099 3129 1108 3162 ·‘
1123 3110 1193 3181 ‘1¹¹0d
1210 3112 1327 3212 primurn
1342 3112 1376 3169 de
1391 3113 1812 3185 ⁸⁰hi5ffllli⁰i⁸oll⁰⁸¹m⁰d⁰fflll·

165 3232 282 3304 specics,
310 3227 543 3295 excommunicati,
565 3224 695 3293 damnati,
712 3224 884 3291 schismatici,
909 3224 965 3279 hae·
1016 3197 1130 3254 dmm
1144 3199 1178 3256 de
1194 3201 1340 3257 haes⁰²¹⁰¹⁸·

164 3319 252 3384 retici,
287 3332 403 3387 quorum
436 3313 616 3370 sacramentis
654 3310 800 3382 aliquando
833 3311 964 3367 interesse
1018 3321 1083 3376 cap,
1101 3323 1647 3391 utquodwppgmappcpmmmmm
1658 3331 1811 3386 ,mmm

167 3406 323 3463 damnabile
338 3414 391 3462 est.
408 3403 485 3460 Unda
501 3403 653 3474 Gregorius
667 3401 696 3455 in
711 3401 838 3472 Registro
861 3415 911 3455 suo
930 3399 964 3455 dc

164 3494 405 3554 excommunicatis
420 3492 478 3562 (lib.
495 3507 595 3561 1r,ep.
622 3490 669 3560 at)
686 3506 692 3543 :
711 3511 722 3536 .
738 3489 797 3545 Nos
816 3503 963 3544 consecra-

1085 3398 1155 3449 runt
1167 3411 1217 3466 pro
1232 3396 1320 3464 nobis,
1336 3414 1394 3455 oon
1409 3398 1440 3452 in
1451 3400 1615 3455 schismatis
1629 3402 1759 3457 vulnere.

1059 3494 1136 3551 Unde
1151 3494 1315 3565 augustinus
1332 3495 1358 3548 in
1375 3495 1445 3552 libro
1461 3497 1500 3552 De
1515 3496 1663 3568 baptismo,
1673 3513 1735 3570 rap.
1746 3503 1809 3556 237:

164 3590 266 3642 tionem
280 3581 437 3640 nullomodo
451 3581 544 3636 dicere
559 3594 713 3650 possumus,
725 3593 785 3648 quae
801 3577 836 3632 ab
852 3593 964 3632 excom·
1021 3610 1032 3635 a
1050 3584 1101 3655 Qui
1117 3584 1223 3655 seipsos
1237 3600 1252 3639 a
1266 3584 1396 3640 societate
1412 3594 1572 3641 caeterorum
1588 3598 1745 3658 separantes
1758 3588 1812 3644 unp.

163 3673 308 3730 manicatis
322 3680 365 3729 est
379 3670 535 3726 bominibus
549 3668 695 3723 celebrata.
717 3688 728 3714 ι
747 3668 814 3721 item
828 3666 963 3722 innocen·
1019 3676 1081 3731 raris
1096 3673 1232 3729 vinculum
1247 3682 1384 3744 rumpunt,
1400 3675 1424 3728 si
1438 3674 1505 3729 nihil
1528 3674 1630 3730 iaciunt
1645 3691 1740 3731 eorum
1755 3692 1812 3749 que

162 3762 217 3819 ¹5⁰³
234 3762 269 3818 (¹⁰
295 3758 549 3824 ⁸⁰⁰⁰⁸⁰d³ffl¹¹⁰¹⁰i
566 3757 700 3825 081»ῧὸζ
719 3777 730 3803 ·
748 3754 850 3824 Οΰῑθᾶ
875 3756 964 3811 30ῡο-
1018 3760 1046 3816 in
1068 3760 1167 3814 unitate
1191 3766 1363 3829 acceperunt,
1387 3759 1414 3813 in
1442 3759 1569 3814 omnibus
1591 3761 1710 3831 separati
1733 3771 1809 3817 suut:

163 3868 224 3908 sum
239 3852 373 3905 transiere
387 3849 557 3909 demnatum,
573 3854 600 3900 et
615 3860 645 3900 se
659 3844 733 3915 passi
757 3852 830 3911 suut,
847 3844 890 3899 vel
914 3859 964 3900 cu·
1019 3849 1117 3905 enideo
1133 3864 1214 3920 quem
1228 3847 1280 3903 sihi
1295 3848 1409 3915 sociant,
1425 3849 1448 3902 si
1462 3848 1496 3903 ad
1519 3849 1665 3905 Ecclesiam
1690 3850 1810 3916 redierit,

163 3942 272 4015 piemnt
285 3936 413 4002 ordinari,
429 3935 496 3990 nihil
510 3942 674 4005 acceperuut
696 3934 731 3989 ab
746 3949 790 4002 eo,
806 3941 833 3990 et
848 3934 888 3989 rei
903 3940 965 3988 sunt
1019 3938 1099 3993 debet
1113 3939 1203 3992 omnia
1218 3952 1279 4008 quaa
1303 3952 1357 3992 uon
1383 3937 1520 4009 acceperit
1542 3937 1676 4009 accipere.
1692 3938 1721 3994 si
1747 3954 1810 3996 perp

163 4036 302 4101 ¹¹³¹¹sp³¹ae
316 4024 466 4099 dignum&
480 4048 492 4072 '³
1017 4025 1148 4082 nonnulla
1164 4025 1259 4081 eadem
1276 4024 1386 4092 iaciunt,
1402 4041 1456 4081 non
1471 4043 1501 4081 se
1515 4027 1542 4081 in
1555 4027 1594 4081 eis
1609 4036 1808 4098 separaverunt,

167 4130 234 4183 Cae.
248 4127 281 4180 ll.
298 4124 333 4179 In
351 4138 403 4197 pao
419 4121 556 4193 differant
569 4120 745 4177 schismatici
759 4119 793 4176 nb
811 4119 962 4176 hereticis.
1017 4124 1093 4172 etex
1117 4130 1149 4170 ea
1168 4122 1243 4186 parte
1268 4114 1399 4171 Ecclesiae
1422 4123 1639 4172 connectuntur:
1656 4123 1683 4171 et
1705 4117 1768 4174 ideo
1791 4116 1809 4171 si

201 4218 236 4273 Ut
256 4230 325 4287 ergo
347 4212 381 4268 de
402 4210 703 4266 excommunicatorum
726 4218 752 4265 et
775 4210 962 4264 damnatorum
1017 4206 1079 4276 quis
1095 4205 1133 4260 eis
1156 4204 1275 4260 sociatus
1296 4204 1329 4259 ed
1351 4205 1501 4261 Ecclesiam
1526 4206 1619 4262 venire
1642 4206 1770 4274 voluerit,
1786 4208 1809 4261 in

165 4303 344 4363 sacramentis
357 4299 474 4356 vitandis
496 4301 564 4354 satis
586 4299 687 4355 dictum
712 4299 757 4367 sit,
770 4298 803 4353 dc
826 4298 961 4354 schisma·
1017 4310 1050 4351 eo
1065 4301 1178 4349 sanatur
1191 4294 1236 4348 ubi
1252 4294 1366 4349 errabat.
1391 4294 1468 4350 «Ubi
1494 4311 1559 4351 vero
1580 4295 1682 4352 sanctis
1706 4312 1809 4353 corrues.

167 4396 228 4452 licis
242 4401 269 4449 et
282 4390 418 4448 haereticis
432 4388 572 4444 videamus
588 4387 724 4457 quomodo
739 4401 756 4441 a
781 4402 810 4441 se
830 4384 967 4455 differant,
1010 4383 1141 4452 clehatur,
1152 4399 1209 4438 non
1223 4390 1344 4450 curatur,
1358 4383 1406 4438 sed
1430 4383 1592 4456 agnoscitur,
1605 4401 1639 4440 na
1662 4400 1724 4442 cum
1745 4401 1809 4441 sena

164 4485 209 4540 vel
224 4479 444 4538 insacramentis
458 4478 517 4533 suis
541 4484 667 4532 noceant.
680 4475 757 4532 Unde
778 4477 961 4548 Hieronymus
1015 4487 1111 4529 curare
1133 4470 1267 4538 volumus,
1293 4473 1472 4528 vulneremus.
1498 4474 1527 4527 In
1550 4474 1690 4530 sanctitate
1714 4489 1809 4531 sacra-

166 4590 248 4645 super
270 4568 422 4642 epistolas:
452 4590 463 4614 α
480 4568 554 4621 Inter
576 4565 698 4620 heresim
723 4573 750 4619 et
770 4563 889 4620 schisma
910 4565 963 4619 hoc
1015 4561 1111 4625 monti,
1127 4576 1181 4633 qua
1196 4568 1289 4617 contra
1304 4576 1353 4616 nos
1367 4577 1421 4616 non
1446 4569 1517 4628 sunt,
1530 4578 1578 4633 pro
1593 4562 1670 4618 nobis
1685 4571 1766 4628 sunt;
1783 4564 1808 4619 in

166 4678 226 4719 esse
249 4659 423 4725 arbitramur,
448 4654 521 4727 quod
546 4653 657 4709 haeresis
678 4668 836 4722 perversum
861 4653 964 4724 dogma
1015 4649 1167 4706 schismatis
1180 4650 1302 4711 vulnere,
1317 4650 1364 4723 qui
1378 4667 1440 4707 cum
1463 4651 1568 4707 Christo
1590 4667 1643 4708 uon
1667 4653 1806 4726 colligunt,

166 4748 400 4813 habeat,schisma
415 4759 464 4817 per
476 4742 642 4798 decisionem
657 4742 691 4797 ab
706 4742 827 4798 Ecclesia
842 4748 960 4811 separet.
1015 4746 1156 4811 spargunt.
1176 4761 1187 4787 »

168 4842 302 4896 Craterum
319 4836 419 4891 nullam
434 4834 555 4889 schisma
569 4846 623 4886 non
638 4830 830 4903 sibiconiingit
842 4830 960 4903 aliquam
1016 4858 1078 4914 CM,
1101 4859 1146 4914 lv·
1174 4859 1251 4926 Quod
1272 4859 1516 4917 schismaticorum
1546 4861 1686 4932 baptisma
1708 4878 1804 4918 „mm

166 4927 304 4990 heresim,
315 4933 343 4980 ut
356 4932 429 4980 recte
443 4923 478 4979 ab
492 4921 616 4978 Ecclesia
630 4921 776 4977 recessisse
791 4920 925 4975 videatur.
946 4947 959 4968 ι
1050 4931 1160 5003 qnidam
1178 4935 1231 5000 est,
1247 4933 1294 4987 ssd
1318 4948 1375 4987 non
1396 4932 1510 5003 prodest
1532 4933 1659 5009 qnandiu
1680 4938 1751 4990 sant
1774 4935 1804 4989 in

167 5021 234 5075 item
250 5014 416 5088 Augustinus
432 5030 438 5065 :
457 5034 468 5059 a
485 5012 635 5067 Haercticus
650 5018 690 5065 est
708 5009 821 5080 quinon
838 5010 962 5080 sequitur
1049 5001 1210 5057 schismate.

165 5107 324 5165 catholicam
340 5103 479 5158 veritatem
493 5118 499 5164 ;
515 5100 701 5157 schismaticus
715 5106 756 5154 est
772 5099 817 5171 qui
833 5113 887 5154 non
898 5114 960 5154 arn·
1050 5102 1118 5159 Item
1138 5104 1166 5159 in
1181 5103 1287 5170 eodem,
1303 5120 1365 5176 cap.
1388 5105 1440 5160 ets
1457 5123 1463 5157 ι
1489 5127 1500 5153 «ι
1518 5103 1642 5174 Objectio
1657 5103 1808 5159 Donatista·

164 5196 293 5271 plectitur
313 5192 469 5250 catholicam
490 5206 625 5262 pacem.»
650 5188 785 5259 Scriptum
806 5197 846 5244 est
867 5207 872 5242 :
901 5189 961 5245 Veri
1014 5209 1073 5248 rum
1090 5211 1096 5246 :
1113 5194 1167 5249 Sed
1182 5193 1310 5249 videntur
1324 5193 1374 5247 sibi
1389 5194 1562 5266 argutissime
1584 5210 1704 5265 quaerere
1719 5203 1806 5249 utrum

164 5285 299 5347 cornicis·
314 5286 390 5339 iocur
400 5284 485 5337 cntra
500 5281 654 5336 Ecclesiam
663 5295 721 5334 non
729 5282 781 5335 ast.
792 5278 870 5334 Unde
883 5278 960 5334 Pela·
1013 5289 1126 5353 generet
1141 5280 1210 5338 lilios
1226 5282 1375 5352 baptismus
1394 5282 1492 5337 Christi
1515 5282 1541 5336 in
1557 5291 1635 5352 parte
1648 5282 1756 5349 Dorrati,
1770 5296 1805 5337 an

164 5375 226 5446 gius
242 5373 343 5428 Victori
357 5383 385 5427 et
401 5369 543 5426 Pancratio
558 5369 628 5425 inter
641 5378 740 5425 caetera
757 5368 960 5424 nhschisma·
1013 5386 1066 5426 non
1080 5380 1208 5444 generet:
1222 5378 1250 5426 ut
1263 5371 1284 5425 si
1299 5371 1482 5427 consentimus
1498 5371 1569 5444 qnod
1584 5380 1709 5445 generet,
1726 5387 1803 5427 susm

164 5463 279 5518 ticorum
302 5458 450 5519 sacrificiis.
475 5458 665 5529 potiusautem
688 5458 849 5527 sacrilegiis,
871 5457 957 5514 absti-
1011 5468 1170 5516 assererent
1183 5459 1334 5515 Ecclesiam
1349 5468 1475 5527 matrem,
1492 5476 1552 5532 quae
1567 5457 1638 5517 lilios
1660 5460 1751 5533 potuit
1772 5460 1805 5515 de

164 5565 232 5608 nere
245 5548 358 5607 debetis.
375 5568 388 5600 s
412 5547 493 5617 Quod
505 5554 601 5604 uncte
613 5546 785 5604 etcatholioc
798 5546 957 5621 intelligen-
1010 5548 1111 5607 Christi
1124 5549 1288 5622 baptismata
1306 5566 1442 5623 generare
1459 5568 1466 5607 z
1482 5558 1509 5606 et
1529 5550 1594 5622 quia
1614 5558 1724 5623 oportet
1746 5566 1807 5608 essa
