3728 6000
91 263 145 322 {bb
769 264 921 326 AENIGllA
937 263 1047 325 most.
1686 263 1740 324 lit

91 386 172 459 qnasi
183 401 298 459 corpora
312 395 493 447 contuemur:
509 389 928 453 undasnntsllamviaionssa
978 389 1031 446 Sed
1045 396 1119 447 tanta
1145 389 1188 446 vla
1215 395 1255 447 εει
1269 388 1411 446 amorisnt
1425 402 1457 445 aa
1486 404 1546 462 quas
1564 402 1626 446 cum
1640 402 1736 445 amora

90 491 154 547 qua
183 476 212 529 in
240 476 343 531 somnis
366 476 410 532 val
437 478 463 531 in
491 477 584 547 aliquo
599 478 696 532 mentis
717 494 830 534 excessu
845 478 888 532 bis
941 478 987 533 diu
998 478 1157 551 cogitaverit
1180 478 1314 533 humanus
1333 478 1450 542 animus,
1468 477 1562 547 eisque
1589 492 1662 533 cnrae
1677 477 1738 549 glu-

91 564 173 636 quasi
196 564 327 620 localibus
353 566 552 637 quantitatibus
576 567 738 637 ingeruntur
753 585 760 629 ;
778 569 888 621 ιειιιιιιιι
942 568 995 622 tine
1017 568 1180 630 inhaerescit,
1197 570 1315 622 attrabat
1338 583 1441 633 secum,
1457 567 1538 622 etiam
1567 583 1627 622 cum
1646 567 1689 621 vel
1704 567 1739 622 ad

89 652 128 706 ab
141 661 261 726 utroque
274 653 432 719 discretum,
443 655 514 724 qood
528 671 617 727 neque
630 656 664 709 sit
680 671 790 726 corpus,
801 671 888 726 neque
941 656 1059 727 seipsum
1088 657 1168 721 redit,
1184 656 1242 712 sive
1266 657 1300 710 ad
1324 672 1383 711 earn
1400 671 1459 727 quae
1474 672 1556 725 supra
1580 656 1669 726 ipsum
1684 662 1736 720 est,

90 741 193 796 babeat
216 741 334 811 aliquam
358 743 565 798 similitudinem
583 744 718 815 corporis,
743 744 822 800 sicuti
850 752 889 799 εει
942 754 1062 799 naturam
1073 744 1222 799 divinitatis
1235 761 1240 798 :
1253 753 1279 799 ει
1294 745 1359 815 quia
1387 745 1434 798 illa
1449 759 1565 815 corpora
1589 752 1661 810 sunt,
1678 758 1738 813 quae

90 830 239 901 sapientia,
255 846 315 900 qum
343 838 434 885 mente
463 831 601 887 intellecta
625 832 803 903 conspicitur,
820 836 846 888 et
862 833 889 885 in
943 832 1011 888 ioris
1022 849 1071 903 per
1083 849 1181 887 sensus
1205 833 1326 902 corporis
1345 832 1494 896 adamavit,
1510 832 1739 901 eorumquedia-

89 918 170 987 cnjus
185 919 245 975 lnce
272 919 305 974 de
321 919 362 974 liis
382 920 509 975 omnibus
536 922 671 975 veraciter
688 921 824 989 judicatur
839 936 845 983 ;
862 921 891 974 ln
942 928 1021 975 torna
1035 921 1153 990 quadam
1165 919 1348 975 familiaritate
1359 920 1511 991 implicatus
1522 929 1633 988 estnec
1644 936 1740 975 secum

89 1022 147 1078 quo
175 1007 287 1061 istorum
316 1022 445 1077 generum
475 1008 610 1063 credenda
638 1015 689 1073 eat,
706 1024 786 1080 quam
810 1024 889 1063 nosse
944 1018 1031 1079 potest
1046 1011 1197 1064 introrsum
1210 1017 1339 1079 tanquam
1351 1009 1377 1062 in
1387 1009 1525 1080 regionem
1544 1024 1682 1079 corporeas
1695 1025 1742 1064 na·

88 1096 231 1158 volumus,
247 1096 362 1149 Trinitas
390 1096 486 1150 Densi
503 1096 628 1151 Proiecto
658 1104 705 1150 aut
731 1096 758 1151 in
787 1097 888 1167 aliquo,
944 1097 1187 1165 turareainierre;
1206 1098 1339 1168 imagines
1356 1112 1449 1151 eorum
1474 1113 1565 1150 sarcum
1584 1097 1740 1163 trabit,vix

90 1192 137 1238 ant
152 1184 181 1237 in
206 1185 291 1238 nulle.
308 1184 336 1238 Si
349 1184 375 1238 in
398 1185 500 1255 aliquo,
514 1200 546 1239 eo
563 1186 657 1256 utique
685 1185 758 1255 quod
773 1194 814 1239 est
829 1186 890 1239 aliis
942 1187 1119 1256 semetipsum
1137 1187 1180 1240 vel
1196 1195 1332 1249 naturum,
1345 1193 1373 1238 ut
1395 1185 1496 1240 dictam
1516 1193 1566 1251 est,
1581 1185 1740 1253 divinitatis,

89 1272 201 1327 dnobus
216 1273 400 1343 praestantius,
416 1272 485 1327 sicut
495 1281 534 1327 est
549 1275 691 1344 sapientia.
708 1272 790 1341 Quod
805 1273 827 1327 si
843 1275 891 1328 do·
943 1274 1016 1327 aliud
1026 1275 1261 1346 esseimaginans,
1274 1291 1355 1345 quem
1367 1274 1404 1338 id,
1415 1275 1536 1345 sineque
1551 1274 1742 1346 earnongitare

88 1377 156 1415 num
171 1363 230 1428 ejus
245 1362 273 1414 in
288 1361 368 1415 nobis
382 1368 431 1428 est,
447 1370 472 1416 ει
488 1361 576 1415 minua
602 1369 643 1416 est
657 1377 738 1433 qaam
752 1361 797 1415 illa
812 1377 889 1415 sum·
943 1370 1103 1433 nonpotest.
1116 1364 1180 1417 llaec
1201 1364 1274 1417 enim
1288 1369 1329 1416 est
1351 1363 1515 1428 maledictio,
1529 1364 1643 1417 Domine
1660 1364 1741 1430 Dens,

86 1464 134 1503 ma
148 1457 176 1504 ει
190 1449 419 1504 incommutabilis
446 1450 667 1520 sapientiaque
683 1450 730 1504 Dei
755 1449 890 1520 sapientia
944 1466 996 1519 qua
1025 1450 1189 1505 maledixisti
1217 1459 1316 1505 terram
1342 1451 1369 1504 in
1384 1451 1568 1520 operandam
1584 1450 1742 1505 etliliorunr

89 1537 205 1605 dicitur;
216 1542 283 1607 pulo
308 1537 380 1606 quod
395 1553 449 1593 non
468 1537 600 1593 debemus
614 1539 686 1592 dono
710 1552 759 1592 suo
773 1538 889 1592 inferius
944 1541 1019 1609 ejus:
1033 1556 1116 1611 quam
1131 1555 1193 1595 cum
1207 1539 1310 1609 operati
1328 1537 1435 1605 inerint,
1452 1555 1505 1593 non
1519 1540 1609 1593 reddit
1626 1539 1742 1594 tractum

88 1626 213 1697 cogitare
228 1624 384 1680 donantem.
402 1626 435 1679 Si
460 1633 554 1681 autem
570 1627 668 1697 aliquis
689 1626 818 1696 splendor
832 1627 889 1696 ejus
944 1629 1097 1691 snum,sed
1127 1630 1218 1698 spinas
1247 1643 1280 1683 ac
1303 1627 1419 1681 tribulos
1443 1627 1579 1698 germinat
1607 1626 1742 1689 eis,utin

89 1723 133 1769 cst
147 1715 176 1767 in
190 1713 280 1779 nobis,
296 1729 356 1785 quse
371 1721 460 1768 nostra
473 1714 604 1785 sapientia
617 1715 725 1779 dicitur,
743 1723 888 1785 quantum·
903 1743 930 1806 B
944 1718 1042 1771 sudore
1057 1717 1147 1772 vultus
1163 1717 1203 1771 sui
1226 1716 1368 1772 comedant
1391 1731 1488 1786 panem
1504 1732 1582 1770 strum
1597 1717 1678 1786 (Gen.
1692 1716 1741 1785 aar).

87 1802 273 1874 cunqueejus
295 1818 345 1873 per
373 1804 512 1873 speculum
541 1813 567 1858 ει
580 1803 606 1857 in
622 1804 767 1876 aenigmate
791 1819 888 1873 capere
944 1807 978 1860 Et
994 1806 1039 1877 qui
1055 1805 1257 1875 lacientpusilli
1274 1805 1322 1869 tui,
1338 1804 1385 1858 lilii
1412 1805 1610 1871 hominis,non
1637 1803 1743 1858 tamda

89 1906 246 1963 possumus,
260 1896 366 1959 oportet
384 1898 411 1944 ut
433 1907 494 1945 eam
510 1899 536 1945 et
562 1891 596 1944 ab
610 1891 738 1945 omnibus
761 1890 890 1959 corpori-
943 1902 1015 1949 terra
1031 1894 1138 1960 terreni,
1154 1910 1233 1965 quam
1259 1893 1292 1948 de
1307 1894 1377 1948 cmlo
1397 1893 1528 1960 coelestis,
1545 1894 1594 1947 viri
1622 1893 1743 1948 dexterae

90 1979 153 2044 bus,
165 1987 190 2034 et
206 1978 240 2032 ab
253 1978 379 2032 omnibus
394 1979 581 2048 corporalibus
593 1993 777 2034 secernamus.

127 2068 157 2123 Si
171 2074 261 2121 autem
276 2066 304 2119 in
319 2068 394 2121 nullo
422 2083 552 2138 generum
569 2068 664 2121 horum
690 2066 891 2139 pronuntianda

89 2164 208 2211 estesse
233 2156 285 2209 ista
306 2155 434 2222 Trinitas,
445 2164 470 2209 et
499 2156 538 2210 sic
566 2165 607 2210 est
619 2156 772 2223 invisibilis,
788 2163 817 2210 ut
840 2170 890 2211 nec

88 2252 182 2300 ruente
196 2244 329 2311 videatur,
346 2243 531 2297 multominus
546 2245 580 2298 de
601 2245 646 2297 illa
663 2244 819 2314 opinionem
834 2246 887 2298 hu-

86 2328 208 2396 iusmodi
224 2329 324 2383 habere
354 2328 495 2392 debemus,
512 2336 542 2381 ut
561 2344 621 2383 eam
645 2329 729 2382 rebus
743 2328 890 2399 corporali-

89 2418 152 2485 bus,
182 2416 226 2472 vel
250 2415 433 2487 corporalium
460 2431 551 2470 rerum
580 2415 743 2486 imaginibus
766 2416 888 2470 similem

90 2520 155 2561 essa
180 2504 333 2560 credamus.
358 2506 419 2559 Non
444 2505 515 2558 enim
543 2519 659 2574 corpora
686 2504 889 2573 pulchritudine

88 2602 135 2649 ant
150 2593 229 2648 molis
246 2593 430 2664 magnitudine
453 2597 573 2662 superat,
593 2591 642 2646 sed
671 2592 889 2648 dissimilitudine

88 2696 122 2737 ac
136 2680 320 2753 disparilitate
347 2689 459 2749 naturae,
473 2681 521 2734 etsi
548 2680 667 2734 discreta
693 2687 732 2734 est
746 2696 761 2734 a
776 2695 889 2749 compa>-

86 2771 195 2825 ratione
210 2771 341 2824 bonarum
356 2768 440 2823 animi
456 2768 553 2834 nostri,
569 2769 663 2838 qualia
691 2775 752 2822 saint
772 2769 886 2837 justitia,

87 2858 232 2928 sapientia,
255 2858 380 2922 charitas,
400 2863 427 2911 et
441 2865 539 2912 caetera
555 2857 617 2910 talia
634 2874 640 2910 ε
658 2873 718 2926 quaa
743 2865 818 2911 certe
834 2872 888 2911 non

52 3002 61 3019 0
86 2946 235 3017 pendimus
249 2946 321 3000 mole
337 2946 470 3015 corporis,
482 2961 532 2999 nec
542 2960 636 2999 eorum
648 2945 724 3014 quasi
739 2960 888 3015 corporeas

87 3034 194 3089 formas
206 3033 369 3105 cogitatione
385 3032 535 3105 figuramus
550 3051 557 3099 3
574 3033 676 3097 sedes,
694 3033 802 3103 qnando
812 3040 887 3088 recte

943 1992 995 2037 tuae
1024 1998 1104 2054 quem
1133 1982 1305 2036 confirmasti
1326 1981 1383 2048 tibi,
1397 1981 1456 2049 jam
1485 1980 1617 2050 primitias
1632 1981 1743 2051 spiritus

941 2072 1083 2136 habentes,
1094 2079 1121 2124 et
1132 2087 1166 2124 ex
1177 2071 1443 2140 ipsisexspectnntes
1451 2069 1668 2138 redemptionem
1678 2083 1744 2123 cor-

942 2161 1017 2231 poris
1032 2159 1073 2213 sui
1086 2161 1100 2212 ‘i
1115 2159 1183 2212 Nam
1199 2166 1226 2212 et
1253 2158 1303 2227 ipsi
1326 2157 1398 2211 intra
1413 2173 1443 2211 se
1468 2157 1659 2227 ingemiscunt,
1684 2157 1743 2225 jam

945 2249 1010 2304 olim
1027 2263 1043 2301 a
1069 2256 1180 2317 peccato
1196 2245 1312 2313 liberati,
1329 2245 1376 2299 sed
1402 2245 1551 2299 nonduma
1576 2260 1657 2315 paena
1673 2258 1743 2314 pec-

943 2336 995 2390 cati
1013 2352 1020 2397 ;
1037 2351 1071 2388 ex
1087 2350 1165 2405 pirna
1181 2334 1257 2403 primi
1274 2332 1427 2402 peccatoris
1449 2341 1543 2386 euntes
1557 2339 1584 2386 et
1606 2332 1702 2386 llentes
1716 2339 1744 2387 et

943 2422 1077 2477 mittentes
1101 2421 1206 2475 semina
1234 2421 1421 2486 sua3etlicet
1445 2420 1567 2474 viventes
1596 2420 1744 2474 demensa
1826 2478 1830 2483 ,

944 2519 1008 2572 ιιιε;
1026 2509 1070 2564 ιιι
1086 2517 1178 2562 ιειιιειι
1194 2507 1342 2577 aliquande
1370 2507 1422 2560 nisi
1438 2514 1498 2575 pest
1512 2507 1682 2577 lacrymosos
1694 2522 1742 2559 su-

942 2597 1026 2652 dores
1041 2604 1067 2650 ει
1082 2597 1206 2664 spinosas
1233 2595 1457 2666 compunctiones
1472 2610 1542 2664 pane
1568 2610 1648 2649 suam
1676 2608 1744 2665 quo·

942 2684 1072 2739 talianum
1088 2684 1257 2751 accipientes
1268 2683 1302 2737 de
1318 2698 1400 2736 manu
1412 2690 1464 2737 loa.
1479 2683 1561 2736 Panis
1579 2682 1648 2737 enirn
1664 2682 1742 2738 vivas

943 2782 969 2828 et
983 2771 1173 2827 viviticanseis
1189 2772 1372 2826 estmemoria
1397 2769 1575 2825 abundantia
1603 2770 1744 2825 suavitatis

944 2870 1005 2928 tuae,
1029 2862 1116 2932 gratia
1143 2859 1313 2925 visitationis,
1326 2867 1352 2914 et
1375 2859 1492 2927 alicujus
1521 2859 1633 2914 visionis
1665 2867 1741 2922 tuae;

942 2950 1076 3021 gaudium
1087 2948 1112 3001 in
1124 2964 1207 3002 sensu
1226 2947 1328 3001 amoris
1343 2948 1380 3000 tui
1392 2955 1418 3001 et
1429 2947 1625 3002 bonitatistuae.
1641 2946 1742 3002 Mundo

943 3054 1059 3109 namque
1085 3036 1232 3108 gaudente,
1249 3039 1323 3106 ipsos
1344 3036 1480 3106 permittis
1508 3036 1573 3090 llere
1589 3050 1622 3089 ac
1635 3034 1740 3105 lugere,

85 3137 121 3177 ca
134 3121 326 3193 intelligimus,
342 3120 399 3175 sinc
427 3120 520 3192 aliqua
537 3122 705 3191 corpulentia
729 3121 774 3178 vel
788 3120 885 3175 simili·
902 3095 926 3159 C
941 3127 992 3180 illis
1006 3126 1211 3189 desolationem,
1223 3124 1282 3178 istis
1296 3138 1363 3180 vero
1386 3124 1549 3194 promittens
1573 3123 1742 3178 consolatio-

85 3211 181 3266 tudine
194 3209 369 3280 corpulentiae
384 3208 410 3263 in
426 3209 596 3263 incantantis
624 3209 778 3279 aspicimus,
796 3224 885 3279 qoun-

86 3304 145 3353 tum
161 3305 203 3352 est
228 3299 263 3352 ab
292 3298 414 3352 omnium
443 3298 649 3367 comparatione
666 3297 844 3368 quantitatum
860 3305 888 3352 et

85 3387 247 3459 qualitatum
275 3386 414 3441 discretior
426 3387 441 3437 ‘l
452 3387 510 3440 Nec
537 3395 626 3440 tamen
642 3402 702 3440 enm
726 3386 836 3440 omnino
852 3386 886 3440 ab

85 3476 227 3531 intellecta
239 3478 333 3530 nostro
343 3475 501 3539 abhorrere,
520 3477 667 3543 Apostolus
682 3475 759 3528 testis
775 3482 823 3540 est,
839 3474 886 3528 ubi

84 3564 143 3620 ait:
162 3563 337 3618 ·lnvisibilra
351 3563 410 3631 ejus
425 3578 474 3632 per
502 3578 535 3616 ea
550 3579 610 3633 quae
627 3563 698 3616 laeta
720 3573 790 3627 sunt,
808 3561 885 3617 rutel-

83 3653 160 3708 lecta
173 3652 391 3721 conspiciuntur;
409 3652 574 3721 sempiterna
598 3667 706 3721 apioque
728 3653 786 3719 ejus
801 3652 885 3705 virius

84 3757 119 3796 ttc
146 3740 275 3794 divinitas
304 3740 440 3809 (atoma.
460 3761 470 3786 a
491 3739 661 3808 Quapropter
689 3741 749 3793 licet
771 3756 841 3808 eam,
858 3740 884 3794 in

84 3829 130 3884 bis
146 3845 207 3899 qun
221 3830 319 3883 nostris
334 3829 460 3896 adiacent
485 3827 615 3882 sensibus
630 3828 827 3897 corporalibus,
843 3829 885 3882 vel

84 3918 160 3989 qnod
177 3932 226 3971 nos
252 3917 303 3986 ipsi
334 3918 359 3969 iu
389 3915 515 3970 interiore
532 3917 642 3970 bomine
671 3924 763 3970 nestro
781 3933 883 3981 sarnus,

83 4006 199 4061 scientia
213 4005 445 4075 comprehendere
455 4005 619 4066 laboremus,
631 4020 680 4059 nec
691 4003 858 4058 sufficiamus
875 4019 882 4073 ;

82 4097 246 4145 nontamen
273 4089 444 4157 impudenter
472 4089 500 4142 in
514 4104 547 4142 ea
562 4105 623 4159 quae
650 4104 732 4157 supra
748 4103 798 4143 nos
812 4096 883 4158 sunt,

83 4178 180 4232 divina
194 4185 220 4231 et
236 4175 390 4243 ineffabilia,
402 4176 491 4245 pietas
502 4175 590 4229 tidelis
612 4176 761 4230 inardescit
778 4195 784 4229 :
802 4192 883 4245 quam

941 3231 1002 3270 nem
1020 3234 1026 3268 ε
1044 3216 1089 3268 vis
1110 3230 1157 3269 eos
1186 3214 1287 3268 esurire
1315 3228 1348 3266 ac
1376 3211 1459 3276 sitive,
1476 3212 1525 3266 sed
1553 3211 1687 3281 promittis
1699 3212 1743 3265 eis

941 3312 1069 3358 aternam
1089 3302 1252 3355 satietatem.
1268 3300 1325 3354 Sed
1345 3299 1413 3353 facia
1429 3298 1587 3353 dilationem
1616 3299 1648 3351 ad
1665 3314 1742 3353 exer-

941 3391 1035 3445 citium
1052 3389 1162 3451 amoris,
1180 3402 1342 3458 rursumque
1365 3401 1560 3454 nonnunquam
1578 3384 1740 3439 visitationis

941 3494 972 3531 ac
987 3478 1099 3532 visionis
1112 3486 1165 3530 tua>
1180 3478 1297 3546 aliquam
1309 3475 1349 3528 eis
1365 3474 1470 3543 copiam
1488 3474 1555 3528 lacis
1565 3474 1598 3526 ad
1610 3474 1735 3527 solatium

945 3566 1092 3619 dilationis.
1105 3566 1138 3618 ιιι
1154 3565 1198 3617 ubi
1225 3579 1274 3633 per
1289 3563 1497 3633 praeveuientem
1514 3561 1627 3633 gratiam
1643 3577 1739 3631 puram

943 3650 1051 3702 invenis
1067 3648 1231 3701 voluntatem
1257 3653 1284 3700 et
1311 3647 1498 3710 intentionem,
1516 3645 1586 3698 tuin
1610 3646 1678 3698 hors
1692 3645 1738 3699 illa

939 3737 1097 3791 visitationis
1121 3740 1183 3799 tuae,
1215 3734 1312 3789 virtute
1337 3732 1488 3803 praesentias
1515 3740 1541 3787 et
1569 3732 1738 3788 abnndantia

939 3823 1034 3893 gratiae
1062 3831 1123 3886 tuae,
1140 3819 1246 3890 perlicis
1273 3819 1301 3872 in
1331 3815 1508 3871 mentelideli
1532 3818 1692 3887 puritatem;
1710 3827 1740 3872 et

940 3906 1041 3976 puritas
1057 3920 1107 3974 pro
1122 3912 1203 3973 capta
1231 3917 1280 3956 sao
1309 3909 1428 3955 meretur
1441 3901 1583 3963 visionem,
1600 3901 1647 3954 sed
1665 3900 1738 3956 sicat

939 3994 1084 4063 Apostolus
1112 3993 1187 4056 dicit,
1206 4012 1217 4042 ι
1235 4006 1267 4045 ex
1296 3997 1371 4060 parte
1388 4004 1394 4055 ;
1411 4003 1461 4059 ρει
1488 3989 1643 4058 speculam,
1660 3997 1686 4043 et
1708 3988 1737 4043 in

938 4083 1083 4153 ariigmate
1098 4080 1130 4148 (l.
1149 4079 1213 4135 Cor.
1232 4084 1305 4143 ιιιιιι.
1329 4104 1340 4129 ι

974 4169 1098 4237 Quandiu
1109 4169 1180 4223 enirn
1196 4168 1441 4239 peregrinantium
1456 4183 1538 4222 carne
1553 4181 1568 4219 a
1581 4173 1605 4220 ιε
1621 4165 1736 4221 Domino

84 4281 143 4321 nou
157 4264 257 4320 virium
271 4280 379 4319 suarum
395 4265 550 4333 arrogantia
570 4263 644 4317 inllat
660 4281 666 4325 ;
684 4264 732 4317 sed
753 4265 843 4335 gratia
858 4270 883 4318 et
938 4260 996 4311 Deo
1011 4273 1070 4322 suo,
1087 4272 1260 4326 nequaquam
1279 4257 1390 4311 videndi
1403 4263 1430 4310 ιε
1453 4256 1607 4309 facultatem
1622 4253 1732 4319 liabent,

83 4353 252 4408 desiderium
277 4352 363 4423 ipsius
391 4352 543 4407 Conditoris
571 4368 602 4405 ac
623 4351 809 4421 Redemptoris
838 4352 882 4406 in·
936 4346 987 4400 nisi
1001 4360 1036 4399 cx
1050 4352 1135 4414 parte,
1153 4345 1307 4416 inquantum
1323 4345 1389 4399 vivit
1401 4345 1427 4398 in
1443 4345 1483 4398 eis
1499 4344 1586 4396 adbuc
1600 4349 1734 4410 exparte,

82 4441 224 4496 llammat.
243 4440 472 4495 Attendatautem
500 4440 583 4495 homo
599 4441 735 4495 intellecta
763 4456 814 4495 suo
830 4456 884 4511 qua
900 4434 1010 4506 unod
1027 4434 1059 4487 ad
1077 4435 1222 4488 vivendum
1240 4441 1266 4488 ιε
1280 4433 1348 4489 laicis
1373 4432 1406 4486 ad
1422 4432 1529 4497 laniem,
1545 4437 1571 4482 et
1598 4429 1676 4483 sicuti
1692 4444 1735 4495 es,

82 4531 174 4585 Deum
203 4544 299 4601 capere
327 4529 477 4593 desiderat,
494 4529 531 4582 uil
557 4536 652 4582 natura
669 4544 716 4582 sua
745 4544 882 4583 esseme-

84 4620 139 4674 lius
154 4637 161 4682 ;
177 4627 204 4673 ει
214 4619 305 4672 videat
319 4625 407 4671 utrum
419 4616 456 4670 ibi
472 4616 564 4671 videat
579 4617 634 4670 nlla
649 4616 812 4670 lineamenta
823 4617 882 4671 ior-

82 4723 203 4777 nanrum,
230 4706 331 4761 nitores
357 4706 489 4768 colorum,
513 4705 661 4775 spatiosam
690 4704 882 4775 granditatem,

83 4796 203 4868 partium
219 4795 384 4859 distantiam,
396 4794 476 4849 molis
495 4793 699 4859 ‹listensionem,
717 4794 822 4863 aliquas
838 4808 886 4864 ρει

82 4883 364 4938 locorumintervalla
393 4882 535 4949 motiones,
552 4882 595 4936 vel
618 4881 681 4952 qaid
708 4879 880 4948 hujusmodi.

84 4982 131 5037 Nil
145 4985 222 5037 certe
233 4981 286 5035 tale
303 4980 456 5034 invenimus
468 4980 493 5033 in
513 4995 555 5046 eo,
569 4996 622 5050 que
638 4979 664 5032 in
680 4987 777 5033 natura
792 4982 886 5033 nostra

84 5077 154 5133 nibil
164 5077 260 5131 melius
276 5076 447 5142 invenimus;
465 5079 517 5132 boc
532 5084 573 5130 est
588 5076 615 5129 in
631 5075 766 5130 intellecta
781 5084 885 5143 nostro,

85 5187 141 5242 quo
155 5171 315 5242 sapientiam
331 5170 416 5240 ipsam
445 5170 574 5240 capimus,
585 5169 746 5240 inquantum
762 5171 822 5239 ejus
838 5187 887 5226 ca-

85 5285 171 5340 paces
185 5284 288 5322 sumus.
304 5266 384 5335 Quod
399 5284 464 5339 ergo
477 5284 532 5321 non
562 5267 716 5321 invenimus
733 5269 760 5321 in
775 5268 889 5323 meliore

85 5376 194 5436 nostro,
205 5382 377 5438 nequaquam
406 5366 548 5421 admittere
563 5368 694 5422 debemus
722 5368 748 5421 in
765 5369 890 5439 cogitan-

86 5464 134 5529 do,
151 5461 180 5516 id
195 5462 268 5535 quod
296 5468 350 5515 tam
379 5463 624 5535 incomparabiliter
638 5464 735 5518 melius
750 5470 792 5518 est
816 5465 890 5518 omni

88 5559 204 5615 meliore
219 5565 326 5613 nostro

938 4521 1058 4592 periecte
1095 4523 1276 4587 tendentibus,
1305 4523 1378 4592 prius
1419 4518 1633 4574 mortificandam
1675 4532 1738 4573 esse

939 4617 1052 4665 testatur
1062 4611 1192 4664 Dominus
1203 4612 1316 4679 loquens
1326 4611 1360 4663 ad
1379 4611 1487 4679 llloysen
1501 4623 1506 4660 :
1526 4630 1536 4654 s
1554 4607 1615 4660 Non
1626 4607 1733 4672 enim,-

938 4700 1035 4770 inquit,
1048 4721 1058 4746 n
1070 4699 1171 4752 ridebit
1186 4715 1229 4751 me
1254 4701 1335 4752 homo
1354 4707 1380 4751 et
1400 4695 1578 4761 vivetiliaod.
1593 4696 1702 4757 xxxiiii.
1723 4716 1734 4742 ι

940 4787 1017 4855 Qaaod
1029 4787 1091 4855 qnid
1109 4795 1159 4850 est,
1177 4786 1226 4840 nisi
1242 4801 1342 4855 corpus
1358 4787 1385 4838 in
1406 4786 1485 4839 nobis
1508 4784 1610 4854 peccati
1632 4791 1739 4836 natura·

940 4885 1000 4937 liter
1014 4891 1201 4938 concretarum
1225 4884 1303 4937 nobis
1326 4881 1602 4952 concnpiseentiarum
1624 4880 1740 4936 carnis?

941 4980 1139 5048 Hincnamque
1166 4988 1218 5033 tam
1249 4980 1369 5033 anxieet
1398 4977 1607 5049 lacrymabiliter
1633 4977 1740 5033 liberari

941 5077 1116 5146 deposcebat,
1135 5078 1182 5149 qui
1207 5075 1316 5130 «licebat
1333 5094 1339 5128 :
1359 5098 1369 5123 a
1386 5074 1485 5129 infelix
1501 5090 1554 5146 ego
1578 5077 1669 5141 homo,
1682 5075 1742 5146 qais

942 5192 986 5230 mc
999 5174 1124 5229 liberabit
1139 5173 1173 5228 de
1194 5188 1308 5242 corpore
1329 5175 1428 5227 mortis
1456 5172 1537 5240 bajus
1549 5172 1562 5225 ‘i
1576 5172 1670 5226 Gratia
1693 5174 1744 5227 Dei

943 5289 993 5342 per
1008 5270 1151 5325 Dominum
1167 5278 1291 5324 nostrum
1306 5270 1397 5323 lesam
1411 5268 1641 5337 consummem.
1655 5270 1715 5340 vn).
1728 5289 1740 5319 ι

946 5367 1075 5436 Quicnim
1092 5368 1143 5421 lroc
1157 5366 1273 5432 dicebat,
1290 5381 1463 5439 nequaquam
1480 5383 1529 5436 per
1544 5365 1740 5435 impatientiam

945 5465 1025 5533 hujus
1040 5464 1101 5520 vitm
1117 5464 1289 5518 desiderabat
1310 5463 1484 5534 corporaliter
1499 5463 1566 5519 mori
1583 5479 1589 5531 3
1605 5464 1653 5519 sed
1668 5465 1739 5519 avi-

945 5563 1069 5616 ventibus
1081 5562 1168 5616 adhuc
1177 5562 1204 5616 in
1221 5578 1252 5617 oo
1267 5562 1404 5634 aliquibus
1418 5561 1646 5633 concupiscentiis
1655 5561 1746 5616 carnis
