3728 6000
101 270 155 335 bii
430 274 479 332 titt
496 275 639 335 Natutt
656 267 831 332 CORPORIS
850 268 894 328 ΕΤ
912 271 1035 367 ANllfAEi
1052 274 1141 334 trent
1159 278 1241 336 DUO.
1262 310 1295 322 --
1316 281 1379 336 Llll.
1402 281 1422 337 Ι.
1698 284 1750 340 aaa

100 401 261 477 conjnacdo
277 418 285 474 ;
301 419 362 478 quse
374 399 400 461 si
410 404 524 478 aequalis
538 410 580 461 est
607 409 635 461 et
647 401 718 460 bene
741 397 900 474 composita,
915 397 944 461 Α
959 408 1046 462 tcmm
1062 419 1070 475 3
1085 406 1174 462 statim
1189 422 1253 463 cum
1268 406 1391 465 facuest
1404 407 1535 481 digestio,
1550 415 1577 467 et
1597 423 1649 480 per
1674 409 1751 482 dige-

100 501 130 550 nt
157 489 296 552 contraria
323 508 378 550 non
399 493 592 567 impugnentur
619 490 663 550 vel
683 490 857 548 destruantur
885 503 903 546 a
956 493 1072 550 ationem
1083 494 1125 550 rei
1140 494 1255 568 digestae
1266 495 1402 564 alteratio,
1419 497 1542 570 sequitur
1568 513 1661 554 eorum
1689 515 1750 571 quta

101 582 259 650 conbariis,
270 581 317 637 sed
332 579 418 638 calida
434 588 621 655 temperentur
635 597 651 637 a
666 579 783 655 frigidis,
799 576 902 651 frigida
955 580 1099 639 faculenta
1110 590 1172 639 sunt
1185 585 1299 656 egestio.
1318 586 1474 658 Suscipiunt
1500 592 1529 643 et
1549 585 1603 642 alia
1624 587 1751 644 intestina

102 682 119 729 a
133 669 240 740 calidis,
251 670 346 744 sieque
359 669 394 727 da
409 669 530 742 reliquis,
546 670 619 728 bona
641 667 671 725 tit
696 666 859 742 complexio,
874 673 902 722 et
955 687 1016 742 qum
1030 680 1187 745 egeruntur,
1203 674 1255 730 tria
1269 674 1377 733 subtilia
1393 677 1518 748 superius
1545 675 1620 733 circa
1647 691 1679 732 os
1693 682 1750 733 ato·

101 758 291 818 consentiente
304 765 400 815 natura
411 758 439 814 lit
450 757 586 827 eucrasia,
599 758 670 814 bona
697 755 802 813 scilicet
828 761 900 812 teru-
954 760 1053 828 machi,
1069 761 1121 818 tria
1135 777 1232 835 gmsaa
1245 762 1370 820 inferius.
1387 764 1434 820 Est
1455 773 1543 821 autem
1571 762 1684 820 inferius
1709 765 1750 821 in-

100 847 224 922 potentia
239 854 353 920 quatuor
367 847 536 919 qualitatum.
553 847 644 905 liebus
673 845 745 902 enim
769 843 901 900 naturali·
955 849 1080 907 teatinum
1093 867 1175 907 unum
1191 851 1290 907 subtile
1311 860 1448 922 vocatum,
1473 852 1500 908 in
1514 854 1587 925 quod
1606 860 1665 924 post
1689 867 1749 911 eam

99 935 153 994 bus
167 935 196 993 in
211 943 428 1008 temperamento
455 935 638 1002 manentibus,
666 932 835 1006 impossibile
860 939 902 988 est
954 954 1037 1012 quam
1047 938 1164 996 diximus
1173 939 1356 1012 digestionem
1370 939 1468 999 factam
1485 942 1512 997 in
1523 943 1672 1010 stomach0,
1688 958 1749 999 cum
1840 970 1843 975 ·

98 1026 251 1083 humanam
266 1039 367 1097 corpus
381 1024 415 1080 ab
431 1025 522 1097 aliquo
537 1023 634 1080 morbo
649 1021 774 1079 infestati
789 1041 796 1088 ;
812 1021 835 1077 ti
849 1029 899 1089 θεῖ,
954 1025 1128 1085 descenderit
1143 1028 1215 1100 quod
1226 1038 1349 1101 egestum
1360 1038 1411 1096 est,
1424 1029 1582 1104 aliquandiu
1606 1031 1642 1086 ibi
1658 1031 1750 1089 immo

103 1123 133 1171 nt
147 1113 251 1171 dictum
269 1120 320 1182 est,
332 1113 509 1180 eucraticum,
524 1112 552 1169 id
566 1121 608 1169 est
631 1112 712 1169 bonae
728 1109 901 1182 complexio·
954 1124 1039 1183 ratur,
1062 1117 1195 1174 douceibi
1214 1119 1335 1175 secunda
1346 1118 1462 1190 quadam
1477 1119 1633 1193 digestione
1654 1120 1751 1177 melius

102 1203 157 1259 nis.
182 1202 232 1258 liis
260 1206 352 1258 autem
371 1200 580 1275 distemperatis,
598 1215 711 1258 nccoesc
730 1208 772 1256 cst
796 1197 902 1255 alterari
955 1220 1054 1262 succus
1068 1204 1114 1263 ille
1126 1205 1276 1279 depuratus
1289 1216 1315 1264 et
1342 1207 1494 1264 subtiliatus
1517 1225 1567 1279 per
1590 1224 1750 1282 venasquas

102 1308 214 1364 corpus.
227 1290 281 1348 Sed
290 1291 324 1347 de
345 1291 388 1346 bis
400 1289 479 1348 alias.
494 1291 573 1347 Nunc
590 1289 738 1348 videndum
753 1288 824 1344 unde
852 1287 903 1361 ipsi
955 1294 1050 1352 dieunt
1063 1295 1238 1365 mesaraicas,
1255 1297 1328 1367 quod
1342 1297 1440 1354 subtile
1454 1306 1494 1353 esi
1521 1305 1548 1353 er
1578 1314 1687 1370 purum,
1703 1313 1752 1355 η.

105 1388 223 1453 quatuor
247 1381 376 1436 humores
391 1385 541 1436 nascuntur
554 1378 598 1436 vel
619 1378 781 1435 nutriuntur.
806 1376 902 1434 Omnis
955 1384 1037 1440 mittit
1051 1383 1088 1439 ad
1103 1398 1183 1455 epar.
1203 1383 1348 1441 Sciendum
1362 1387 1525 1456 cutemquia
1546 1387 1573 1440 in
1600 1387 1751 1460 digestione

103 1468 182 1527 cibus
197 1468 375 1541 undecunque
390 1477 521 1537 sumatur,
535 1468 603 1524 sieut
630 1483 716 1539 supra
732 1467 767 1523 de
788 1481 903 1538 corpore
955 1472 1001 1529 aiii
1013 1473 1143 1530 suntoibi
1156 1472 1319 1544 quimutaut
1333 1481 1425 1531 elnon
1440 1483 1589 1542 mutantur,
1605 1483 1634 1530 ut
1648 1476 1751 1549 diagri.

104 1558 217 1615 animali
232 1557 446 1614 deamontratum
457 1565 509 1627 est,
525 1574 561 1614 ex
575 1560 695 1629 quatuor
723 1562 827 1613 maslot
853 1556 903 1612 elc-
955 1561 1031 1617 dium
1047 1576 1054 1632 ;
1070 1561 1116 1617 alii
1128 1569 1264 1618 mutantur
1279 1566 1305 1619 el
1318 1564 1469 1635 mutantfut
1481 1580 1556 1635 caspe
1571 1573 1598 1620 et
1612 1564 1753 1638 alliaque

103 1647 216 1705 nentis.
227 1646 284 1703 Sed
299 1662 379 1719 qtttttn
394 1645 620 1718 multipliciteret
634 1643 802 1701 dissimiliter
816 1644 845 1699 in
860 1643 902 1700 eis
954 1657 982 1706 et
1005 1651 1061 1707 eibi
1088 1659 1150 1708 sunt
1164 1659 1191 1707 et
1205 1651 1355 1708 medicina.
1373 1653 1446 1724 Epar
1462 1653 1619 1725 praedicturn
1642 1669 1752 1711 succum

103 1751 164 1810 qnae
185 1735 260 1793 vesei
275 1742 399 1807 possunt,
416 1744 512 1791 natura
531 1735 729 1792 elementorum
744 1749 776 1790 ac
802 1733 902 1789 habeat
915 1755 943 1816 Β
957 1739 1111 1811 suscipiens
1125 1757 1175 1812 per
1189 1755 1274 1797 renus
1288 1741 1444 1812 praedictas,
1464 1751 1490 1799 et
1503 1758 1561 1798 eam
1585 1741 1753 1815 quaedicitur

103 1825 256 1883 mcundutn
270 1823 435 1882 caliditatem
450 1832 477 1880 et
491 1824 680 1898 frigiditatem,
701 1822 848 1880 siccitatem
877 1828 903 1879 et
957 1837 1045 1902 porta,
1062 1828 1089 1883 in
1104 1829 1146 1884 sui
1161 1835 1286 1885 naturam
1301 1834 1474 1898 transmutat,
1504 1831 1599 1887 iterum
1628 1832 1753 1905 digeren-

103 1915 303 1983 humiditatem,
319 1912 904 1987 libergranduumdemonatrat.Cumigitur
957 1917 1034 1973 dunt.
1048 1914 1185 1990 Quidquid
1201 1917 1306 1974 enimin
1317 1934 1349 1974 eo
1364 1919 1474 1991 igneum
1487 1926 1538 1987 ast,
1552 1919 1587 1975 ad
1608 1920 1754 1977 nutrimen·
1853 1972 1856 1977 .

103 2003 181 2062 cibus
194 2002 335 2077 accipitur,
348 2005 507 2076 caprimum
522 2004 632 2075 adaptat
645 2002 722 2059 illurn
743 2001 771 2057 in
790 2000 905 2057 subtiles
959 2015 1015 2062 tum
1044 2008 1086 2061 aui
1102 2004 1216 2061 assumit
1228 2007 1339 2063 cholera
1355 2009 1436 2063 rubea
1449 2023 1456 2076 ;
1469 2007 1604 2081 quidquid
1628 2024 1751 2081 cereum,

104 2100 131 2149 et
146 2092 266 2149 minutas
294 2101 386 2163 partes
401 2108 462 2150 cum
477 2091 603 2149 dentibus
629 2099 656 2148 et
681 2091 786 2162 lingua.
801 2089 904 2164 Lingua
958 2094 1071 2168 sanguis
1087 2109 1095 2164 ;
1111 2095 1244 2167 quidquid
1258 2112 1389 2168 aquosum
1406 2095 1448 2152 val
1463 2096 1614 2167 humidum,
1630 2097 1751 2172 flegma:

104 2181 206 2255 qnippe
222 2181 369 2250 ministrat,
383 2182 479 2238 dentes
494 2182 621 2254 frangunt
643 2190 671 2237 et
697 2179 899 2237 comminuunt.
959 2183 1088 2255 quidquid
1108 2199 1234 2255 grossum
1254 2192 1280 2238 et
1312 2193 1458 2253 terrenum,
1488 2187 1679 2243 melancholia.
1709 2188 1755 2245 Sic

103 2269 154 2327 Sic
168 2278 324 2342 preparata
339 2285 404 2327 esca
418 2270 612 2326 transmittitur
624 2270 766 2326 stomacho
780 2285 830 2341 per
842 2276 905 2341 gut·
959 2273 1042 2346 igitur
1056 2272 1185 2329 humores
1200 2282 1317 2347 quatuor
1330 2274 1357 2328 in
1373 2283 1453 2345 epate
1466 2278 1559 2342 creati,
1588 2284 1615 2330 et
1628 2275 1663 2331 ab
1677 2284 1756 2348 epate

102 2365 184 2416 taret
197 2359 303 2426 ιιιειίιιι,
314 2360 360 2414 vix
374 2359 410 2414 ad
435 2375 594 2416 mensuram
621 2357 706 2431 palmi
729 2358 784 2415 vim
799 2355 905 2427 saporis
959 2361 987 2416 in
1002 2370 1087 2417 totum
1103 2377 1201 2433 corpus
1214 2363 1360 2428 distributi,
1377 2364 1400 2419 si
1420 2364 1568 2420 seeundum
1581 2373 1684 2420 rectam
1707 2379 1754 2421 na·

102 2447 273 2521 producens.
288 2448 335 2505 Est
348 2457 437 2505 antem
453 2448 537 2505 meris
557 2448 710 2504 membrum
737 2447 849 2519 longum
875 2453 906 2503 et
960 2458 1028 2504 turae
1043 2447 1166 2521 regulam
1177 2449 1316 2518 incedunt,
1336 2450 1460 2522 quamvis
1483 2451 1597 2508 diverses
1610 2451 1663 2507 sint
1689 2468 1755 2524 qua·

103 2535 254 2595 notandum
270 2546 298 2594 et
311 2552 462 2595 concavum
486 2545 513 2594 et
532 2537 604 2593 intus
632 2535 770 2607 villosum,
799 2536 905 2593 babens
958 2535 1053 2602 litatis,
1068 2552 1150 2592 unam
1161 2545 1255 2592 umen
1269 2538 1383 2594 formam
1397 2548 1545 2611 operantur
1558 2539 1690 2605 scuimtis,
1712 2540 1755 2596 in·

102 2624 252 2683 introrsum
266 2626 341 2699 pilos
355 2625 544 2698 longos,alios
562 2626 591 2680 in
618 2632 815 2692 transversum,
836 2625 904 2681 alica
958 2624 1046 2682 vicem
1074 2627 1256 2698 cooperando,
1274 2627 1390 2683 invicem
1412 2627 1618 2698 seadjuvando.
1640 2628 1755 2686 Cholera

101 2731 210 2773 ωιειιιιι
223 2715 258 2772 ad
273 2731 322 2773 eos
336 2715 467 2774 directos.
487 2715 536 2772 Pili
551 2730 658 2771 sursum
673 2713 767 2770 directi
781 2713 904 2770 naturali·
959 2714 1069 2784 quidem
1085 2715 1178 2781 rubea,
1195 2731 1254 2771 curn
1269 2715 1306 2771 sit
1321 2715 1407 2771 calida
1422 2725 1448 2770 et
1462 2716 1542 2784 sicca,
1554 2716 1689 2774 caliditate
1705 2733 1754 2775 sua

102 2803 392 2863 tercibumattrahunt
408 2824 417 2872 3
433 2804 479 2875 qui
505 2819 571 2860 vero
586 2803 614 2860 in
641 2811 824 2859 transversum
849 2810 904 2858 sto-
957 2802 1121 2876 sanguinem
1134 2804 1262 2871 subtiliat,
1291 2814 1318 2860 et
1341 2820 1402 2861 cum
1416 2805 1600 2863 eavaditsine
1618 2806 1752 2874 acumine,
1857 2834 1861 2841 ·

102 2895 204 2965 machi,
220 2894 368 2967 stringunt,
383 2891 576 2966 etstriagendo
589 2893 616 2947 in
631 2907 742 2949 succum
770 2900 904 2947 transmu-
956 2891 1125 2958 subtiliatus,
1150 2903 1177 2948 ut
1199 2893 1239 2948 eis
1266 2892 1398 2950 membris
1425 2910 1485 2965 quae
1511 2894 1621 2950 subtilia
1639 2884 1711 2962 sunt,
1726 2902 1755 2951 et

101 2990 170 3054 unt,
184 2990 212 3040 et
225 2983 357 3056 paulatim
371 2982 400 3038 in
414 2998 462 3039 eos
476 2980 612 3039 stomachi
625 2980 778 3037 demittunt.
795 2982 901 3038 Stoma·
955 2980 1083 3038 subtilem
1096 2981 1190 3038 cibum
1205 2981 1371 3048 desiderant,
1383 2998 1534 3057 congruum
1547 2983 1660 3058 sanquis
1681 2998 1754 3055 praa·

100 3073 172 3132 chus
187 3087 254 3129 vero
269 3071 413 3130 duobabet
426 3086 485 3141 ora,
498 3071 611 3128 alterurn
635 3070 772 3141 superius,
785 3070 900 3126 alterurn
958 3069 1021 3126 beat
1048 3069 1217 3126 alimentum.
1248 3071 1366 3144 Sanguis
1383 3086 1458 3139 vero,
1487 3086 1549 3128 cum
1566 3072 1600 3127 sit
1614 3071 1754 3129 cahduset

101 3159 216 3219 inferius
233 3179 242 3229 ς
257 3176 319 3234 quas
329 3161 415 3216 etism
425 3167 511 3232 portae
532 3165 672 3225 vocantur,
689 3161 755 3232 quia
768 3159 899 3216 claudun·
957 3158 1096 3227 humidus,
1110 3158 1270 3215 humiditate
1284 3158 1413 3216 suaitlins
1429 3167 1560 3232 temperat
1586 3159 1749 3218 siccitatem.

101 3257 145 3306 tur
158 3266 211 3323 per
220 3250 318 3316 boras,
335 3258 362 3307 et
376 3248 542 3320 aperiuntur.
558 3247 690 3320 Superius
704 3248 777 3304 enirn
791 3264 822 3306 os
843 3256 903 3305 sto·
956 3247 1079 3321 flegma,
1108 3263 1169 3305 ram
1184 3248 1217 3304 sit
1231 3247 1361 3322 frigidum
1389 3258 1416 3305 et
1429 3248 1581 3318 humidum,
1606 3248 1754 3321 frigiditate

103 3338 193 3396 macbi
218 3346 330 3409 accepto
352 3338 414 3395 cibo
450 3337 584 3394 clauditur
624 3337 711 3394 donec
751 3336 901 3410 digeratur.
957 3351 1005 3391 sua
1019 3335 1107 3393 servit
1120 3335 1204 3395 calori
1217 3336 1371 3409 sanguinis,
1383 3336 1542 3392 humiditate
1551 3336 1677 3393 subvenit
1703 3336 1753 3395 sic

105 3427 209 3485 oenoe
224 3427 259 3485 de
276 3426 337 3499 ipsa
351 3425 505 3498 digestione
527 3427 646 3482 retinens
656 3426 728 3498 quod
741 3427 798 3481 suis
811 3434 903 3498 aptum
957 3424 1032 3483 citati
1045 3424 1245 3493 melancholia,
1255 3426 1298 3482 cui
1313 3441 1349 3482 ex
1358 3424 1505 3499 frigiditate
1512 3426 1673 3482 concordet.

106 3515 281 3573 nutrimentis
295 3515 408 3582 invenit,
420 3522 530 3583 catera,
545 3522 626 3587 porta
649 3513 770 3571 inferiori
797 3522 901 3585 aperta,
994 3513 1028 3568 lit
1044 3521 1109 3569 nota
1132 3511 1202 3570 filios
1224 3515 1422 3570 elementorum
1448 3514 1577 3571 incedere
1603 3515 1753 3574 secundum

106 3604 195 3679 egerit
209 3604 238 3660 iu
253 3602 395 3662 inferiora.
416 3602 550 3676 Operatur
564 3611 653 3660 autern
668 3604 726 3660 hac
744 3601 904 3660 stomachus
957 3601 1031 3660 ιίιιιιι
1053 3609 1160 3674 patrum
1175 3617 1295 3658 snorum.
1311 3602 1416 3659 Eodem
1430 3603 1504 3658 enim
1518 3603 1601 3660 modo
1620 3602 1754 3662 elementa

106 3702 285 3769 perquatucr
295 3693 430 3767 quasdam
460 3692 573 3750 virtutes
584 3709 645 3766 quae
660 3701 725 3748 suut
753 3693 778 3747 ei
807 3702 905 3747 natura
959 3689 1147 3763 operanturin
1159 3691 1261 3746 mundo
1270 3690 1379 3762 maiori,
1394 3706 1449 3762 quc
1465 3697 1610 3764 operantur
1637 3700 1755 3765 quatuor

103 3780 154 3854 les,
174 3781 361 3855 appetitivam,
374 3782 567 3849 contentivam,
591 3781 765 3854 digestivam,
788 3779 904 3852 expulsi·
957 3779 1089 3837 humores
1117 3780 1146 3836 in
1167 3779 1270 3836 mundo
1298 3780 1407 3848 minori,
1422 3779 1467 3851 qui
1487 3789 1527 3837 est
1550 3781 1643 3849 bomo,
1670 3782 1756 3840 idest

104 3888 165 3929 vam
182 3887 189 3940 ;
208 3871 305 3944 quibus
314 3872 396 3928 etiam
410 3879 519 3928 cetera
533 3869 670 3927 nonnulle
682 3869 903 3942 partescorpnris
958 3868 1164 3938 micmcosnms,
1180 3877 1301 3939 utsupra
1315 3867 1471 3925 dictumest
1485 3887 1492 3933 ;
1508 3885 1542 3926 er
1564 3886 1614 3926 sua
1635 3870 1687 3926 sibi
1715 3869 1754 3926 di·

102 3978 157 4019 non
171 3964 275 4029 caram,
286 3961 337 4017 sed
351 3961 471 4016 maxime
481 3969 597 4033 quatuor
608 3959 664 4015 tttae
675 3966 837 4032 partesque
844 3973 903 4016 cor·
958 3957 1086 4016 versitate
1099 3957 1305 4024 concordantia,
1316 3963 1345 4013 et
1358 3973 1409 4030 per
1422 3958 1586 4016 concordem
1612 3958 1755 4016 diversita-

102 4051 175 4125 poris
188 4050 319 4107 dicuntur
329 4049 517 4116 fundamenta,
531 4048 558 4105 id
571 4056 612 4104 est
628 4047 769 4105 cerebrum
792 4055 905 4119 propter
959 4055 1013 4103 ιειιι
1044 4047 1172 4104 facientia
1192 4047 1512 4119 pulcherrimamordinis
1532 4047 1574 4104 sui
1605 4049 1750 4106 unitatem.

101 4141 248 4198 animalem
263 4140 308 4196 vel
322 4138 478 4197 sensualem
492 4138 628 4207 virtutem,
639 4152 686 4196 cor
711 4145 822 4210 propter
843 4136 903 4209 spi·
958 4137 999 4193 fia
1010 4135 1163 4209 digestione
1177 4137 1261 4192 etiam
1293 4136 1346 4194 ista
1373 4136 1466 4193 fumus
1485 4138 1639 4193 ascendens
1654 4137 1754 4195 leniset

100 4231 242 4299 ritnaiem,
254 4244 323 4303 epar
334 4237 445 4303 propter
458 4227 617 4295 naturalem,
640 4225 773 4299 genitalia
791 4235 903 4298 propter
958 4225 1059 4294 suavis,
1076 4224 1195 4282 molliter
1208 4225 1294 4299 tangit
1307 4225 1460 4292 cerebrum,
1469 4234 1496 4281 et
1510 4225 1676 4282 ventriculus
1696 4226 1756 4297 ejus

100 4319 289 4395 generativam
304 4319 439 4375 virtutem.
457 4316 610 4389 ltppetitiva
623 4323 650 4372 et
664 4316 800 4389 digestiva
826 4315 902 4371 desi·
957 4315 1100 4386 opprimit,
1115 4315 1144 4370 in
1156 4319 1261 4371 tantum
1274 4322 1303 4369 ut
1317 4329 1412 4371 omncs
1425 4313 1486 4385 ejus
1499 4315 1620 4371 actiones
1639 4315 1730 4386 sopiat
1745 4328 1753 4371 ε

101 4409 208 4466 derium
225 4408 329 4466 factunt
346 4422 354 4478 ;
370 4406 459 4463 media
470 4406 625 4463 contentiva
639 4405 725 4460 servit
745 4404 902 4477 digestioni,
957 4404 1002 4461 hie
1012 4411 1054 4460 eat
1068 4419 1189 4461 somnus.
1206 4406 1235 4460 ln
1251 4419 1315 4476 quo,
1331 4402 1501 4460 cessantibus
1519 4402 1646 4460 omnibus
1657 4402 1756 4459 animae

104 4499 247 4557 contineas
261 4495 366 4554 scilicet
380 4494 483 4566 cibum,
498 4510 533 4551 ιιε
547 4494 641 4550 redeat
656 4494 727 4549 unde
746 4492 898 4561 descendit,
913 4495 941 4556 l)
956 4493 1114 4560 virtutibus,
1126 4494 1185 4550 sole
1195 4493 1270 4566 viget
1280 4492 1363 4547 virtus
1373 4491 1515 4560 naturalis,
1532 4507 1594 4562 quse
1607 4499 1671 4548 tuuc
1680 4497 1755 4548 tanto

106 4596 132 4645 et
144 4589 285 4660 stringens
296 4593 323 4642 et
336 4584 467 4656 paulatim
480 4600 532 4656 ρει
546 4591 637 4655 partes
654 4582 841 4638 transmittens
864 4582 905 4637 in·
959 4581 1089 4640 intentius
1110 4587 1246 4654 operatur,
1276 4587 1377 4651 quanto
1405 4587 1462 4636 tota
1489 4580 1516 4634 ei
1539 4587 1619 4635 vacat
1650 4586 1754 4635 natura.

107 4676 203 4744 terius,
219 4683 257 4742 et,
277 4679 307 4731 ut
320 4676 461 4746 competit,
475 4672 584 4729 ordinat
596 4673 755 4746 digestioni.
771 4671 906 4743 Appetitio
959 4671 1060 4729 Anima
1074 4687 1139 4729 vero
1153 4671 1268 4725 interius
1282 4669 1465 4740 requiescens,
1481 4667 1603 4725 exclusis
1629 4666 1758 4724 omnibus

106 4775 195 4824 autem
206 4764 350 4821 stomachi.
365 4763 409 4819 vel
425 4762 572 4830 contentio,
602 4762 645 4818 rel
674 4762 808 4834 expulsio,
837 4763 908 4818 sicut
961 4777 1090 4818 sensuum
1105 4758 1214 4830 officiis,
1225 4759 1340 4815 revolvit
1354 4773 1440 4829 peaes
1460 4773 1490 4814 se
1513 4756 1662 4828 preterita,
1688 4772 1758 4830 prae-

109 4855 142 4912 de
157 4854 229 4911 meri
244 4854 347 4909 dictum
364 4860 415 4921 est,
431 4850 460 4905 ht
471 4850 622 4907 ministerio
637 4852 817 4923 quorumdum
837 4851 905 4923 pilo·
961 4850 1046 4906 sentia
1068 4856 1096 4905 et
1119 4848 1213 4904 futura
1230 4866 1236 4902 :
1252 4856 1279 4902 et
1304 4847 1365 4902 haec
1393 4859 1456 4901 suut
1470 4845 1584 4900 somnia.
1599 4844 1667 4902 Cum
1689 4861 1757 4902 vero

106 4960 165 5001 rum
181 4960 233 5016 ρει
248 4941 417 4998 stomachum
428 4941 454 4995 in
467 4939 664 5012 longitudinem
679 4948 705 4997 et
718 4942 747 4996 in
777 4949 909 4998 hausver·
961 4937 1112 5012 quatuorbi
1126 4937 1255 4993 humores
1269 4944 1395 4992 creantur
1406 4934 1434 4989 iu
1449 4945 1529 5005 epate
1542 4941 1569 4988 et
1597 4932 1757 5004 formantur,

105 5049 163 5092 aum
185 5041 377 5106 porrectorum
417 5030 608 5102 quibusetiam
626 5029 736 5104 quidam
775 5030 907 5088 nferiores
962 5035 1120 5086 nontamen
1134 5027 1319 5096 unusquisque
1334 5024 1361 5078 in
1376 5024 1512 5096 propriam
1525 5023 1641 5079 formam
1670 5038 1758 5080 secer·

103 5133 154 5189 sub
166 5131 308 5188 stomacho
319 5129 442 5186 intestini
458 5144 512 5186 non
524 5137 625 5186 carent.
643 5129 706 5185 ttae
720 5138 811 5186 autem
840 5129 906 5186 hunt
958 5128 1040 5196 nitur,
1067 5125 1116 5182 sed
1139 5124 1291 5181 secundum
1318 5122 1433 5178 formam
1461 5120 1545 5192 ipsius
1578 5120 1675 5192 epatis,
1695 5135 1758 5194 qum

104 5245 152 5304 per
162 5231 279 5302 primam
295 5229 494 5301 digestionem,
508 5227 607 5298 quaein
636 5227 777 5286 stomacho
792 5228 899 5302 peragi·
957 5225 1107 5299 sanguinea
1121 5228 1245 5295 apparet,
1262 5221 1374 5278 confusa
1389 5235 1486 5277 omnes
1495 5219 1690 5292 subsanguinei
1710 5234 1757 5290 ap-

102 5337 158 5388 tnr.
177 5330 230 5385 Eat
240 5337 330 5385 autem
344 5327 461 5399 digestio
475 5326 618 5398 cujuslibet
629 5327 668 5382 rei
678 5343 728 5398 per
754 5328 902 5384 naturalem
957 5330 1055 5397 parent
1071 5337 1078 5391 ;
1095 5329 1123 5377 et
1133 5320 1347 5392 unumquodque
1363 5319 1398 5373 ad
1410 5317 1584 5373 nutriendum
1608 5324 1635 5371 et
1664 5331 1759 5391 regen

105 5427 225 5484 calorem
235 5425 370 5482 ebullitio.
390 5426 483 5492 Porro,
494 5440 555 5497 qua
562 5439 612 5495 per
625 5423 779 5480 inferiorem
794 5431 901 5494 portam
957 5421 1022 5479 dnm
1037 5426 1124 5476 totum
1135 5434 1241 5491 corpus,
1260 5432 1389 5488 persnas
1410 5414 1477 5481 vias,
1495 5430 1627 5469 venarum
1653 5413 1759 5471 scilicet

103 5533 262 5598 egeruntur,
279 5522 392 5594 suscipit
403 5521 560 5578 duodenum
580 5520 735 5577 intestinam
752 5539 760 5588 ;
776 5519 850 5594 quod
861 5520 901 5577 sic
956 5527 983 5577 et
1004 5517 1177 5587 catenarum,
1203 5516 1405 5587 dispensantur,
1431 5512 1484 5569 hoc
1507 5514 1588 5568 ruodo
1617 5511 1754 5584 generati.

103 5629 230 5682 vacuum
243 5626 297 5688 est,
312 5619 373 5690 quia
385 5618 421 5676 ad
433 5633 588 5675 mensuram
603 5625 643 5674 est
656 5616 803 5676 duodecim
825 5614 899 5692 digi·
955 5614 1078 5674 Primum
1091 5613 1148 5672 cibi
1163 5612 1190 5670 in
1205 5610 1296 5670 medio
1311 5608 1444 5667 stomachi
1464 5607 1521 5665 albi
1543 5605 1707 5674 adiciuntur,
1729 5604 1758 5661 id
