3728 6000
63 246 117 307 lli

607 243 799 303 sxrostrto
818 243 911 305 ΑΜΕ
921 243 968 303 at
986 243 1023 301 ΙΝ
1041 243 1178 303 canrtc.

1665 246 1718 307 l'ld

62 370 152 442 primo
166 371 302 443 sponsalis
317 378 344 427 et
357 370 460 427 amoris
474 377 501 427 et
516 369 602 427 osculi
616 368 780 442 aliquantam
795 384 862 442 gra·
875 372 906 435 A
920 385 1012 438 sensu,
1028 368 1206 440 cogitationes
1221 369 1280 426 sine
1294 368 1441 442 intellectu,
1458 386 1567 426 sensum
1587 369 1630 426 val
1644 368 1715 427 aile-

61 458 131 513 tiam
147 457 273 530 indulsit,
289 458 388 514 deinde
402 473 469 514 vero
483 462 545 529 post
560 465 685 513 ostensas
701 457 725 513 ei
739 474 772 513 ex
787 466 864 528 parto

60 546 173 602 divitias
187 555 212 603 et
227 557 305 619 parte
318 547 415 619 gloria
427 563 494 615 sure,
507 552 534 602 et
543 562 559 602 a
568 556 662 602 mutua
673 547 865 616 conjunctione

61 646 88 692 et
101 636 138 690 ab
153 636 240 692 osculi
255 639 343 709 gratia
358 652 418 691 eam
433 636 542 698 amovit,
559 635 646 690 donec
668 636 797 709 AEgpptia
821 636 864 690 ni-

61 723 180 797 gredine
195 725 326 795 deposita,
343 725 470 780 barbarae
485 724 601 778 nationis
621 732 700 778 exuta
716 734 864 780 consuetu-

61 812 135 880 dine,
151 813 238 885 digna
253 813 339 878 lieret,
359 829 419 884 quae
433 813 466 867 ad
482 813 628 867 thalamum
645 815 753 884 regium
769 813 866 868 admit·

60 911 177 958 teretur.
198 902 301 958 Sensus
315 913 404 957 autem
421 902 567 972 spiritualis
591 901 637 956 hic
659 906 710 957 cst.
728 903 865 958 Conversa

60 991 96 1046 ad
121 991 210 1047 Deum
232 992 334 1058 anima,
356 1000 381 1048 et
402 991 486 1046 verbo
515 990 564 1045 Dei
588 990 751 1056 maritanda,
776 991 865 1062 primo

61 1080 259 1152 pravenientis
272 1080 367 1153 gratiae
382 1079 493 1135 divitias
517 1079 667 1151 intelligere
689 1079 863 1150 perdocetur,

60 1173 88 1223 et
102 1168 269 1239 permittitur
283 1173 394 1242 gustare
410 1167 537 1240 quoniam
553 1168 644 1223 suavis
660 1176 701 1223 εει
712 1168 861 1224 Dominus:

58 1257 240 1328 postmodum
255 1273 320 1317 vero
335 1257 364 1312 in
380 1257 492 1312 domum
507 1256 682 1312 conscientiae
698 1273 753 1312 suae
767 1258 863 1312 remit-

59 1345 127 1400 titur
140 1346 301 1411 erndienda,
325 1343 502 1401 castificanda
515 1345 707 1401 inobedientia
717 1346 863 1415 charitatis,

60 1442 87 1488 et
100 1433 223 1504 perlecta
235 1433 389 1489 mundanda
405 1450 421 1488 a
437 1434 517 1498 vitiis,
534 1442 562 1489 ει
585 1434 760 1505 perornanda
779 1435 864 1489 virtu·

61 1523 146 1590 libus,
165 1530 193 1576 ut
206 1523 240 1577 ad
255 1522 425 1592 spiritualem
438 1521 554 1594 gratiam
570 1523 677 1593 pietatis
696 1522 821 1590 admittit,
838 1530 865 1578 et

918 465 992 514 ctum
1007 457 1042 513 ad
1068 458 1158 514 Deum
1181 475 1234 513 non
1258 459 1368 529 requirit
1385 476 1392 514 :
1408 475 1500 530 quem,
1516 458 1621 514 etiamsi
1642 457 1716 530 quasi

920 548 990 602 ultro
1006 547 1030 601 ei
1053 546 1194 619 ingeritur,
1209 547 1236 602 iu
1258 547 1331 602 aliud
1356 549 1496 614 convertit,
1514 556 1540 603 et
1563 547 1625 602 ideo
1648 546 1718 602 sicut

919 634 1019 691 carnali
1036 634 1100 690 olim
1119 636 1200 691 lsrael
1225 652 1331 707 semper
1350 639 1374 692 ei
1395 637 1467 692 Deus
1488 635 1514 690 in
1538 635 1654 708 caligine
1677 643 1719 690 est

920 740 1000 795 quem
1015 733 1080 781 orat.

954 813 1032 869 Hunc
1046 817 1134 869 antem
1159 813 1289 869 orationis
1313 814 1424 870 modum
1449 813 1591 870 Canticum
1616 812 1717 867 amoris

919 917 974 957 uon
989 902 1095 973 recipit,
1112 902 1206 974 inquo
1223 919 1275 957 non
1291 903 1344 958 nisi
1360 920 1443 959 unum
1458 903 1537 973 petit,
1553 918 1634 955 unum
1645 907 1715 969 orat,

919 1008 980 1064 quae
1004 1008 1087 1046 unum
1113 993 1259 1061 desiderat,
1277 1010 1358 1048 unum
1384 1001 1467 1049 amat.
1482 994 1528 1047 Est
1548 992 1631 1047 etiam
1654 989 1715 1046 aui·

918 1079 997 1135 malis
1013 1080 1138 1151 quaedarn
1153 1091 1305 1137 sanctorum
1330 1082 1426 1143 oratio.
1441 1099 1502 1152 quae
1523 1081 1570 1136 etsi
1592 1079 1716 1150 aliquau-

917 1168 953 1224 do
972 1175 1013 1223 est
1035 1169 1114 1225 etiam
1141 1171 1167 1224 in
1190 1170 1363 1241 beneplacitis
1384 1171 1522 1227 hominurn
1547 1169 1715 1240 operantium

918 1257 1100 1328 iniquitatem,
1115 1259 1183 1313 sicut
1198 1261 1398 1330 protemporali
1415 1277 1489 1330 pace,
1507 1274 1554 1330 pro
1577 1257 1716 1313 fertilitate

919 1355 1006 1417 terrae,
1029 1365 1079 1420 pro
1103 1349 1219 1402 salsitate
1243 1364 1400 1418 corporum,
1422 1365 1475 1404 non
1500 1358 1590 1403 tamen
1614 1346 1643 1401 in
1663 1348 1714 1401 hoc

917 1439 1120 1493 communicant
1135 1454 1195 1491 cum
1222 1437 1314 1492 electis
1338 1454 1444 1503 eorum,
1460 1437 1533 1509 qnia,
1549 1436 1600 1490 etsi
1621 1442 1714 1504 petunt

918 1527 990 1582 aliud
1004 1542 1057 1582 non
1073 1534 1162 1581 tamon
1180 1535 1289 1596 propter
1302 1526 1375 1581 aliud
1391 1527 1434 1582 vel
1449 1527 1482 1580 nd
1498 1525 1570 1578 aliiid
1588 1520 1713 1595 quomod

58 1609 188 1666 affectum
203 1613 341 1680 virtutum,
369 1612 416 1682 qui
441 1611 534 1682 sponsi
558 1612 690 1667 thalamus
713 1620 764 1681 est,
780 1612 863 1685 digna
917 1633 1001 1670 uuum
1022 1616 1220 1671 Petuntautem
1236 1615 1290 1686 pie,
1300 1623 1403 1679 sancte,
1413 1614 1611 1671 committentes
1621 1620 1715 1679 totum,

58 1701 204 1756 habeatur.
876 1725 904 1787 Β
919 1720 951 1759 ac
966 1705 1130 1759 dimittentes
1146 1704 1274 1759 voluntati
1289 1703 1439 1775 ejusquem
1450 1709 1541 1769 orant,
1553 1708 1641 1755 utrum
1652 1699 1718 1753 dan·

63 1785 67 1791 '
94 1789 161 1844 llaec
181 1789 208 1843 in
233 1788 366 1860 principio
390 1789 516 1860 praemitti
537 1789 667 1860 oportuit,
682 1798 711 1844 ut
733 1789 864 1861 deinceps
918 1793 983 1848 durn
1003 1793 1037 1848 sit
1062 1793 1103 1848 rel
1128 1808 1182 1846 non
1206 1792 1324 1846 dandum
1349 1793 1420 1862 quod
1445 1791 1591 1862 postulant.
1608 1789 1642 1843 Et
1664 1788 1716 1843 ali-

56 1877 160 1933 itinere
174 1878 303 1947 expedito
318 1894 458 1934 curramus
482 1877 509 1932 iu
533 1878 645 1932 odorem
669 1879 772 1949 sponsi,
788 1895 865 1950 pras·
917 1882 1025 1952 quando
1047 1881 1156 1951 quidem
1182 1881 1227 1951 qui
1250 1881 1289 1936 sic
1313 1890 1354 1936 est
1377 1881 1506 1952 proponit
1533 1879 1632 1933 mentis
1660 1892 1717 1932 suae

56 1965 401 2031 fixatamenconditiona,
419 1975 456 2036 ut,
474 1968 498 2021 si
520 1967 618 2022 alicubi
642 1967 775 2022 interdurn
800 1968 864 2038 pul·
917 1971 1004 2026 oculis
1032 1970 1177 2025 Dominum
1213 1970 1381 2025 Salvatorem
1417 1968 1563 2024 secundnm
1601 1965 1716 2021 sormam

55 2055 186 2112 claritudo
202 2055 347 2125 riaepaulo
363 2055 522 2110 curiosiores
545 2071 596 2110 nos
619 2056 743 2111 babuerit
768 2055 864 2128 inspe-
917 2059 1073 2128 humanum,
1097 2066 1122 2114 et
1146 2059 1213 2113 sicut
1235 2060 1317 2114 homo
1343 2058 1378 2112 ad
1401 2058 1540 2113 hominem
1568 2057 1716 2109 humanam

56 2150 160 2210 atores,
177 2142 563 2200 nonollendatconriantem.
581 2145 635 2201 Sed
657 2152 683 2200 et
705 2146 863 2217 priusquam
918 2147 1066 2219 quamdam
1095 2155 1121 2201 et
1158 2146 1237 2216 quasi
1273 2161 1431 2216 corpoream
1468 2144 1554 2199 induit
1586 2141 1715 2198 orationis

57 2233 230 2304 propositum
253 2233 452 2305 aggrediamur
476 2232 533 2301 iter,
558 2248 621 2288 cum
643 2248 738 2288 omnes
760 2233 864 2290 Cantici
916 2235 1097 2304 affectionem,
1135 2235 1303 2290 constituens
1338 2234 1388 2289 sibi
1430 2250 1492 2289 eum
1532 2248 1612 2304 quom
1645 2236 1714 2297 orat,

57 2322 145 2392 hujus
159 2332 321 2392 partesnou
337 2322 388 2376 nisi
406 2321 510 2377 diversi
532 2322 584 2376 sint
607 2329 692 2377 status
716 2324 861 2391 orantium,
918 2342 974 2381 rem
997 2325 1075 2395 quasi
1101 2323 1127 2378 in
1154 2324 1254 2392 medio,
1278 2339 1326 2393 pro
1350 2339 1402 2395 qua
1426 2331 1495 2390 orat,
1518 2329 1545 2377 ει
1568 2318 1716 2375 secundum

58 2410 105 2466 rel
130 2409 234 2478 iorrnae,
250 2411 293 2467 rel
315 2426 411 2476 causta,
428 2411 472 2465 vel
496 2396 617 2466 miteriae
638 2412 812 2476 orationum;
829 2412 863 2468 de
917 2413 1035 2469 formam
1057 2413 1256 2468 constitutionis
1283 2428 1341 2468 suae
1367 2413 1465 2468 lormut
1493 2411 1577 2466 etiarn
1605 2408 1715 2464 modum

58 2497 147 2553 variis
161 2499 314 2554 orationum
331 2498 420 2553 modis
437 2497 528 2568 aliqua
552 2499 710 2554 disserenda
735 2513 795 2554 esse
820 2499 863 2554 vi·
917 2502 1049 2558 orationis
1068 2518 1131 2558 suae.
1149 2503 1245 2556 llodus
1267 2510 1358 2556 tamen
1381 2501 1424 2557 bic
1449 2500 1543 2555 orandi
1564 2499 1624 2569 plus
1647 2496 1716 2552 solet

63 2587 177 2655 dentur,
193 2596 221 2641 ut
244 2586 382 2644 studiosus
402 2602 433 2642 ac
454 2587 514 2657 pius
538 2585 625 2641 lector
649 2587 754 2642 Cantici
777 2587 863 2657 ipsius
917 2607 976 2648 esse
991 2591 1171 2662 simplicitatis
1185 2591 1321 2663 religiosae
1344 2607 1397 2645 non
1423 2588 1597 2659 percipientis
1622 2584 1715 2639 adhuc

57 2677 207 2732 lectionem
231 2692 402 2748 percurrens,
425 2692 534 2745 semper
556 2684 678 2731 recurrat
701 2677 735 2731 ad
758 2682 863 2733 semet·
918 2697 978 2751 quae
1005 2681 1054 2735 Dei
1078 2689 1153 2745 sunt,
1170 2697 1250 2752 quam
1275 2680 1318 2735 vel
1341 2678 1515 2734 animalitatis
1538 2678 1656 2748 ignarae,
1671 2673 1716 2729 vel

56 2766 166 2837 ipsum,
182 2772 209 2820 et
224 2782 285 2820 cum
301 2765 433 2819 invenerit
449 2781 496 2819 eos
509 2765 536 2819 in
557 2765 667 2821 Cantica
693 2775 798 2832 saneto,
815 2783 861 2821 re·
916 2769 1067 2841 prudentiae
1082 2769 1215 2824 humanas.
1233 2768 1310 2837 Quae,
1326 2784 1390 2824 cum
1406 2783 1495 2823 coram
1517 2767 1581 2820 lesu
1604 2767 1648 2834 pio
1666 2762 1715 2832 jn·

57 2861 212 2925 cognoscat
225 2870 274 2908 eos
294 2853 319 2907 in
334 2853 415 2909 corde
430 2868 491 2907 suo.
511 2853 576 2908 Tres
600 2869 670 2924 ergo
695 2863 778 2908 status
801 2870 863 2910 esse
916 2858 976 2913 dice
990 2856 1106 2913 fideliter
1121 2859 1172 2913 hoc
1196 2857 1269 2928 ‹qurod
1291 2858 1373 2912 babet
1395 2856 1516 2927 exponit,
1530 2863 1555 2909 ot
1576 2853 1610 2908 ad
1632 2851 1715 2920 pedes

56 2942 195 3021 orantium
212 2941 255 2996 vel
270 2942 434 3008 orationum,
451 2942 623 2997 manifestum
635 2951 674 2996 est
689 2944 861 3011 :animalem
917 2947 976 3017 ejus
990 2963 1018 3001 se
1033 2947 1181 3017 coriiponit,
1199 2947 1325 3017 lacrymis
1340 2945 1423 3015 pedes
1438 2944 1497 3014 ejus
1513 2945 1618 3004 lavans,
1629 2949 1655 2995 ει
1664 2956 1714 2994 un·

57 3029 232 3097 rationalem,
262 3031 445 3102 spiritualem.
483 3031 676 3103 Unusquisque
713 3035 861 3090 secundum
917 3053 986 3109 gens
1013 3040 1152 3107 unguento
1179 3035 1231 3106 pisa
1259 3034 1412 3091 devotionis
1439 3033 1634 3104 spiritualiter;
1665 3031 1716 3084 hoc

57 3120 174 3175 modum
195 3136 273 3176 suurn
296 3120 393 3176 format
409 3119 471 3187 sibi,
496 3120 538 3175 vel
563 3122 689 3191 proponit
715 3123 859 3180 Dominum
915 3125 1003 3196 ipsum
1018 3131 1109 3179 tamen
1124 3125 1185 3194 plus
1214 3125 1271 3194 ipsa
1300 3124 1351 3178 sibi
1383 3123 1534 3192 imaginans
1563 3117 1714 3187 corporali·

58 3208 151 3264 Deum
167 3225 255 3275 suum,
273 3210 335 3280 quia
350 3210 438 3281 qualis
453 3217 492 3264 est
520 3208 578 3279 ipse
600 3211 645 3279 qui
664 3220 732 3277 orat,
750 3212 811 3267 talis
835 3214 860 3269 ei
913 3223 964 3278 ter,
981 3229 1015 3268 ex
1030 3213 1109 3267 dulce
1119 3213 1173 3266 line
1192 3213 1277 3283 ipsius
1291 3207 1633 3282 animalisimaginationis
1644 3220 1716 3276 saepe

59 3305 177 3368 apparet
192 3297 265 3352 Deus
280 3313 360 3368 quem
376 3305 446 3352 orat.
462 3296 581 3362 Etenim,
599 3299 643 3368 qui
665 3297 780 3355 fideliter
791 3311 858 3369 orat,
914 3301 1061 3360 illuminari
1077 3309 1205 3367 meretur,
1222 3311 1248 3356 et
1262 3302 1429 3356 incalescere
1455 3299 1482 3352 in
1505 3296 1632 3352 affectum
1657 3294 1715 3364 spi-

59 3387 135 3442 sicnt
151 3385 274 3441 solidum
290 3385 355 3457 quid
369 3386 535 3458 dignumque
551 3386 608 3441 Deo
631 3386 728 3443 offerre
751 3405 862 3460 semper
915 3391 1019 3447 ritualis
1033 3391 1164 3445 orationis
1180 3392 1220 3441 rel
1230 3388 1487 3458 contemplationis;
1504 3385 1585 3440 modo
1597 3382 1715 3454 quodam

58 3473 336 3530 nititurinoralionc
358 3477 431 3547 quod
453 3473 555 3542 offerat,
586 3478 624 3530 siu
647 3478 756 3531 anxium
778 3480 862 3535 habet
917 3480 1190 3549 sibimetincognto,
1217 3469 1716 3547 loiniaginationilrusipsiscorporeis

59 3580 107 3620 cor
121 3578 157 3618 ac
171 3576 341 3632 suspectum,
358 3562 446 3618 donec
467 3563 639 3634 aliquatenus
654 3566 745 3621 videat
768 3584 862 3623 coram
917 3569 1038 3641 quaedam
1061 3568 1112 3621 sibi
1146 3583 1202 3618 nn·
1219 3567 1293 3625 ¹»iens
1315 3571 1486 3620 sacramenta
1509 3561 1634 3633 pietatis;
1651 3558 1714 3629 plus

58 3651 134 3723 quod
149 3650 219 3706 illud
239 3650 369 3721 deponat,
386 3651 428 3707 vel
450 3651 494 3707 cui
514 3654 674 3708 committat.
689 3655 776 3709 llorno
799 3672 863 3712 vero
917 3659 969 3712 hoc
993 3665 1091 3729 ugente
1118 3674 1142 3707 ar
1172 3656 1253 3710 cote
1284 3653 1399 3724 simplici
1431 3651 1586 3724 praestantis
1613 3647 1713 3720 gratia,

59 3739 190 3795 animalis
205 3755 285 3793 orans
299 3740 396 3806 Denm,
412 3739 461 3795 sed
482 3741 605 3795 nesciens
626 3758 704 3797 orare
725 3745 863 3815 quemad·
919 3761 1000 3815 quam
1014 3745 1102 3800 studio
1120 3743 1265 3812 preeuntis.
1282 3743 1375 3814 Diligit
1390 3742 1462 3796 enim
1474 3741 1598 3803 inultum,
1613 3745 1639 3792 et
1654 3736 1716 3790 ideo

60 3828 171 3883 modum
189 3836 306 3898 oportet,
322 3835 418 3897 pateus
433 3828 536 3900 aliquid
547 3830 639 3895 aDeo‚
652 3839 752 3900 praeter
762 3833 861 3903 ipsum,
917 3841 1062 3904 praestatur
1076 3832 1117 3887 rel
1134 3832 1275 3887 dimittitur
1287 3831 1312 3886 ei
1332 3832 1464 3895 multum;
1481 3837 1509 3884 et
1523 3828 1550 3882 in
1575 3827 1614 3881 ois
1635 3824 1716 3880 etiam

58 3916 100 3972 rel
115 3916 154 3972 ad
168 3916 272 3986 ipsum,
289 3925 316 3971 et
329 3925 358 3970 ut
372 3917 483 3971 multum
498 3916 619 3988 proficiat
633 3918 660 3972 in
683 3920 779 3975 ordine
802 3938 862 3991 suo,
918 3939 979 3993 quae
1000 3921 1064 3976 ioris
1085 3931 1157 3988 sunt,
1173 3936 1247 3988 saepe
1266 3928 1386 3975 merctur
1408 3919 1555 3988 impetrare
1581 3914 1709 3970 multum.

58 4014 83 4062 et
95 4006 265 4077 prudentior
279 4005 435 4060 inveniatur
450 4005 477 4059 in
494 4007 675 4077 generatione
691 4023 750 4074 sua,
767 4026 821 4065 non
836 4020 865 4067 ut
918 4012 1023 4080 Nempe
1043 4011 1117 4080 pium
1142 4020 1181 4062 est
1202 4011 1280 4062 etiarn
1302 4008 1342 4063 sic
1366 4007 1401 4062 ad
1423 4009 1508 4062 Deum
1531 4005 1672 4069 accedere,
1690 4008 1717 4057 et

57 4093 162 4149 munda
177 4094 213 4148 sit
230 4094 426 4149 conscientian
443 4094 522 4148 malis
543 4095 671 4164 operibus
692 4102 720 4152 et
743 4099 827 4154 corda
848 4116 865 4154 a
919 4099 987 4154 sicut
1011 4098 1076 4153 dicit
1097 4099 1159 4159 loli,
1182 4100 1263 4151 etiarn
1288 4097 1328 4152 sic
1349 4098 1468 4153 nirilonr
1494 4097 1574 4148 homo
1595 4093 1717 4163 speciem

57 4182 152 4253 pravis
170 4181 393 4255 cogitationibus,
406 4183 487 4236 talem
503 4198 532 4237 se
548 4183 604 4239 Deo
620 4182 697 4239 offert
711 4185 799 4254 qualis
812 4197 863 4256 est,
920 4205 1001 4245 sunm
1016 4188 1042 4241 in
1059 4188 1115 4242 Deo
1130 4187 1188 4256 (tob
1205 4198 1241 4248 rt,
1254 4187 1305 4240 hoc
1319 4193 1361 4239 est
1370 4184 1572 4238 similitudinem
1585 4195 1661 4236 suam
1671 4194 1715 4234 co·

57 4270 132 4326 aliud
148 4270 216 4340 quid
231 4271 334 4326 scilicet
350 4271 498 4342 peripsum
512 4272 712 4329 desiderantem
727 4285 865 4346 acpetcn·
920 4277 1019 4348 girans,
1043 4292 1096 4332 non
1119 4284 1227 4344 peccat;
1255 4285 1280 4330 et
1305 4273 1462 4328 adorandus
1479 4283 1504 4326 ει
1527 4270 1659 4325 colendas
1674 4272 1716 4320 est

57 4370 123 4429 tem,
140 4374 195 4414 nec
210 4358 319 4414 alterius
333 4358 427 4415 lormae
442 4360 554 4431 requirit
569 4362 655 4416 Deum
679 4379 761 4434 quarn
786 4366 864 4435 cujus
922 4364 1049 4419 Dominus
1070 4364 1141 4418 Dens
1166 4363 1287 4418 omnium
1311 4378 1346 4416 ex
1370 4361 1514 4415 multarum
1530 4352 1683 4428 personisi
1700 4380 1714 4391 -

56 4448 116 4519 ipse
131 4455 183 4513 est,
201 4447 229 4503 id
244 4456 286 4502 est
300 4456 400 4519 praeter
414 4448 601 4519 semetipsum,
618 4451 671 4506 alia
686 4470 746 4524 quae
764 4462 863 4524 petun-
878 4433 904 4492 D
919 4454 1031 4510 clerum.
1057 4452 1110 4507 Sed
1126 4459 1215 4507 tanieu
1229 4468 1315 4523 usque
1331 4450 1410 4505 hodie
1425 4449 1489 4504 dicit
1504 4447 1580 4501 lesus
1596 4443 1701 4511 discipu

58 4544 100 4590 tur
116 4545 307 4608 prestantem.
326 4536 406 4605 Quod
420 4545 446 4591 et
461 4537 483 4591 si
498 4539 645 4607 aliquando
660 4541 802 4600 intendere
818 4546 862 4599 ri-
919 4541 952 4596 lis
966 4542 1037 4595 suis:
1052 4563 1062 4588 u
1081 4541 1197 4608 Expedit
1214 4541 1290 4594 robis
1305 4547 1333 4594 ut
1341 4554 1395 4610 ego
1406 4537 1502 4594 radam
1519 4537 1609 4605 (loon.
1620 4532 1714 4594 xuthi

57 4624 136 4681 detur
151 4624 179 4677 in
192 4639 255 4678 eum
268 4640 349 4695 quem
364 4632 433 4694 orat,
448 4624 545 4681 sufficit
561 4626 584 4681 ei
605 4629 681 4699 quasi
696 4632 781 4687 oculis
795 4650 861 4690 cor·

57 4712 102 4767 dis
116 4713 337 4785 proponeresibi
353 4714 395 4769 rel
410 4716 535 4786 cogitare
549 4714 864 4788 incogitabileminvisi·

56 4801 862 4880 bilem,incemprehensibilem,neccogitarenecsuspicere

56 4889 155 4946 sufficit
171 4891 267 4952 Deum,
283 4890 310 4943 in
325 4905 359 4945 ao
374 4891 445 4960 quod
461 4899 513 4957 est,
530 4892 579 4946 sed
603 4893 631 4946 in
653 4910 686 4950 eo
709 4897 768 4953 solo
790 4903 862 4969 quod

55 4988 156 5051 potens
171 4987 213 5033 ost
227 4977 360 5049 postulata
374 4989 514 5049 praestare.
531 4982 619 5037 Homo
642 4982 689 5039 bic
710 4986 858 5058 aliqnando

55 5084 116 5132 orat
128 5077 236 5147 spiritu,
251 5093 306 5132 non
321 5086 422 5142 mente,
438 5086 465 5132 ει
480 5079 591 5150 spiritus
605 5081 672 5148 ejus,
689 5082 717 5135 id
743 5090 785 5139 est
809 5102 861 5140 vo-

56 5175 157 5241 luntas,
172 5183 249 5244 orat,
266 5192 344 5231 mens
359 5186 449 5230 autern
465 5178 522 5245 ejus
536 5178 594 5232 sine
610 5179 698 5233 lructu
715 5188 767 5235 est.
783 5182 859 5237 Nun-

54 5289 139 5344 quam
154 5272 228 5327 euim
244 5274 302 5329 sinc
317 5275 414 5329 mentis
429 5275 517 5329 fructu
533 5275 560 5328 in
585 5276 670 5329 Deum
695 5278 858 5334 intenditur.

55 5386 120 5426 cum
135 5371 292 5439 intenditur,
309 5374 388 5426 etiarn
412 5387 475 5428 cum
499 5372 572 5426 aliud
597 5373 660 5443 quid
683 5391 765 5443 quam
786 5374 861 5444 quod

56 5471 116 5542 ipse
139 5478 183 5526 εει
206 5471 402 5526 rationabiliter
425 5470 594 5541 postulatur.
614 5472 702 5529 llomo
726 5474 779 5542 hic,
794 5489 859 5529 ora-

57 5569 128 5626 tione
142 5585 193 5626 sua
207 5567 291 5627 rerba
314 5568 510 5642 multiplicans,
527 5569 673 5645 aliquando
696 5573 778 5629 etiam
800 5572 859 5630 siue

915 4630 1032 4695 honest,
1057 4630 1211 4684 subtraham
1236 4628 1393 4698 aspectibus
1417 4627 1512 4682 restris
1538 4621 1714 4677 humanitatis

916 4735 984 4774 meae
999 4734 1164 4787 personam:
1186 4741 1196 4764 r
1214 4717 1272 4771 Nisi
1289 4717 1361 4771 enim
1376 4716 1480 4778 abiero,
1500 4712 1646 4768 Paraclitus
1660 4723 1715 4763 non

915 4808 1005 4862 veniet
1020 4807 1056 4861 ad
1072 4821 1119 4860 vos
1141 4807 1235 4876 (iridi,
1252 4829 1263 4852 n
1281 4805 1344 4876 quia
1367 4803 1485 4875 quandiu
1509 4801 1544 4857 ab
1566 4806 1671 4863 orante,
1688 4795 1716 4849 in

914 4912 946 4952 oo
961 4911 1042 4967 quein
1058 4903 1114 4950 orat
1128 4909 1288 4964 corporeum
1304 4893 1368 4963 quid
1384 4892 1528 4963 cogitatur,
1542 4888 1713 4959 pieqnidem,

914 4986 963 5040 sed
991 5000 1044 5038 non
1073 4983 1185 5039 omnino
1214 4981 1393 5052 spiritualiter
1422 4987 1514 5035 oratur
1539 4979 1612 5031 Deus
1640 4976 1715 5030 enim

917 5103 928 5129 r
945 5081 1053 5152 spiritus
1067 5088 1108 5135 est
1132 5079 1224 5152 (lonii.
1243 5080 1290 5143 tvl,
1310 5103 1321 5127 ι
1339 5086 1365 5132 ει
1388 5092 1499 5131 neccsse
1523 5083 1564 5129 est
1584 5074 1629 5142 qui
1655 5087 1714 5127 euin

913 5178 1010 5234 adorat
1026 5200 1037 5224 a
1056 5177 1082 5230 in
1098 5176 1193 5245 spiritu
1209 5185 1233 5229 et
1251 5175 1364 5229 veritate
1381 5171 1616 5236 adsumerent).
1640 5190 1650 5215 a

951 5275 1047 5330 llodus
1068 5283 1156 5328 autern
1187 5274 1228 5328 hic
1243 5272 1336 5327 orandi
1355 5270 1469 5325 formari
1483 5269 1550 5324 salet
1567 5284 1600 5321 ex
1624 5266 1714 5321 lorma

914 5372 986 5438 fidei,
1004 5374 1046 5428 rel
1060 5372 1205 5442 symbolo,
1232 5387 1292 5426 curn
1309 5371 1342 5424 de
1356 5369 1516 5424 Christianae
1532 5365 1594 5420 tidei
1610 5363 1712 5435 pietate

914 5471 986 5544 quod
1001 5470 1120 5526 fideliter
1133 5486 1178 5524 cre
1188 5469 1261 5533 litur,
1277 5466 1411 5522 veraciter
1425 5479 1457 5520 ac
1474 5465 1631 5535 simpliciter
1639 5479 1711 5519 arna·

914 5577 974 5638 tur;
990 5571 1017 5625 at
1032 5567 1127 5624 transit
1140 5566 1169 5621 in
1184 5565 1311 5623 affectum
1334 5562 1494 5637 imagInatio
1519 5574 1713 5633 corporearum
