3728 6000
177 246 229 304 ill

681 247 867 306 ublatella
886 248 1029 306 tantais
1049 249 1079 308 S.
1098 240 1317 306 THEODORICI

1765 244 1820 300 “8

174 374 297 443 ‹petosirit
311 373 404 429 dicens
420 392 426 427 :
441 376 504 430 Esto
514 373 586 428 mibi
599 374 630 429 ia
645 375 731 430 Derim
743 378 929 444 protectorem
941 378 970 428 et
984 374 1011 432 Α
1027 374 1061 427 ad
1073 374 1213 429 caelestem
1229 388 1359 442 sponsum
1375 372 1475 427 amoris
1501 372 1607 428 lacibus
1635 369 1824 424 inardescant.

176 464 689 530 irrtoeemmaeitem,attateammc
699 463 970 533 peccatissimis).

177 550 399 623 Tolerandiergo
413 552 514 623 ubique
527 559 589 606 suut
610 550 735 621 proximi,
751 551 814 620 quia
836 550 903 605 Abel
913 549 972 606 lieri

178 653 232 693 non
247 639 330 706 valet,
348 639 506 709 quemCuin
534 639 639 694 malitia
666 655 721 695 nou
747 647 867 695 exercet.
883 640 973 696 Unum

176 741 244 783 vero
258 734 309 795 est,
325 744 374 799 pro
403 728 550 800 queritari
565 729 681 784 societas
708 728 839 784 maloram
863 728 971 794 debeat,

175 830 210 870 ne
230 814 251 868 si
266 813 383 871 lortesse
405 814 506 886 corrigi
529 831 585 871 nun
613 815 712 882 valent,
730 816 765 872 ad
792 814 970 872 imitationem

175 902 217 958 sui
244 910 271 957 et
298 902 367 957 alios
395 903 512 971 trahunt,
528 911 554 959 et
567 919 632 960 curn
643 904 720 976 ipsiu
735 903 896 959 malitiasua
918 919 972 960 non

176 998 325 1058 eruuntur,
342 1006 390 1047 eos
405 990 449 1064 qni
465 991 516 1046 sibi
539 992 675 1062 conjuncti
691 992 790 1048 fuerint
803 1001 971 1064 pervertant.

176 1078 254 1136 Unde
262 1079 360 1134 Paulus
368 1079 405 1134 ait
416 1099 422 1135 :
432 1081 623 1152 corrumperet
635 1097 726 1137 morer
737 1082 821 1137 tonos
835 1083 973 1155 colloquio

174 1184 262 1241 preve
272 1169 297 1237 tl
308 1169 368 1224 Cor.
377 1169 434 1236 xv).
444 1168 832 1239 EtperSalomonemdicitur:
843 1171 973 1228 delicate

176 1258 285 1313 nmium
300 1257 409 1312 bomini
424 1257 570 1326 iracundo,
595 1259 850 1315 oecarabeteteam
861 1260 973 1316 bomine

176 1346 293 1415 [nt-iero,
303 1347 420 1415 auferte
433 1345 525 1402 discet
535 1347 651 1401 remites
660 1349 731 1417 ejus,
740 1350 769 1402 et
783 1364 971 1405 remoraren-

176 1434 275 1490 detem
288 1436 392 1490 enimse
408 1440 465 1492 teo
492 1436 584 1503 (Prae.
603 1435 764 1504 xxii).Sicut
778 1452 846 1508 ergo
859 1437 974 1507 perlecti

176 1522 228 1579 riri
243 1538 387 1593 perversos
401 1524 544 1593 proximos
562 1524 721 1579 nondehent
735 1524 972 1599 lugere,quoniam

178 1620 204 1667 et
218 1612 282 1667 illos
304 1628 379 1684 saepe
408 1613 516 1667 trabunt
530 1614 564 1667 ad
579 1613 779 1678 rectitudinem,
808 1623 834 1670 et
860 1616 915 1687 ipsi
938 1619 973 1672 ad

1026 463 1136 530 tlerito,
1148 463 1211 535 quia
1227 462 1329 516 differri
1359 477 1389 517 se
1403 461 1546 532 conspicit,
1560 460 1635 515 triste
1649 466 1691 514 eat
1705 459 1732 513 ei
1745 472 1827 513 omne

1027 551 1100 620 quod
1113 551 1218 622 aspicit,
1235 551 1299 621 quis
1326 549 1400 605 illum
1415 549 1502 606 adhue
1516 564 1571 605 non
1586 548 1662 604 ridet
1690 561 1773 618 quem
1788 545 1827 601 vi-

1026 638 1093 695 dere
1106 637 1282 710 concupiscit.
1301 638 1356 694 Sed
1374 646 1423 704 est,
1440 642 1471 693 ut
1491 637 1557 704 dixi,
1572 652 1627 692 non
1651 651 1734 708 parva
1757 649 1826 690 uon-

1028 727 1136 794 solatio,
1166 727 1250 799 quod,
1280 742 1341 783 eum
1372 725 1585 796 terreneanimu
1612 723 1748 789 differtur,
1776 738 1826 794 per

1027 831 1088 872 eam
1103 815 1193 871 multae
1203 814 1378 888 colliguntur,
1392 823 1421 870 ut
1435 814 1510 870 tarde
1523 829 1584 870 cum
1610 812 1705 868 multis
1736 810 1826 867 videat

1027 918 1109 975 quem
1122 903 1178 959 sola
1193 903 1285 959 videre
1312 903 1393 958 citius
1412 902 1531 959 uolebat.
1560 900 1638 958 Unde
1666 915 1767 971 sponsa
1780 899 1826 954 hie

1026 991 1092 1048 dicit
1107 1008 1114 1046 :
1130 991 1294 1048 Fulciteme
1304 993 1400 1060 melis,
1415 992 1481 1065 qaia
1495 1005 1591 1047 amore
1607 991 1737 1061 lanpace.
1749 986 1821 1057 Quid

1027 1095 1145 1153 namque
1167 1088 1228 1135 sunt
1256 1080 1347 1146 llores,
1371 1079 1423 1134 nisi
1447 1079 1544 1135 animae
1572 1079 1673 1133 bonum
1685 1077 1823 1146 jnmnpua

1027 1168 1188 1225 inchoantes
1212 1175 1238 1224 et
1258 1168 1392 1224 desiderio
1419 1167 1525 1223 eoelesti
1552 1165 1707 1222 redolentes
1721 1165 1736 1217 t
1750 1162 1824 1233 Quid

1027 1258 1099 1311 mula
1111 1257 1145 1311 de
1160 1256 1284 1322 lloribus,
1300 1257 1352 1310 uisi
1367 1254 1493 1327 perlectae
1509 1255 1567 1324 jam
1583 1254 1717 1310 benonim
1740 1267 1823 1306 men·

1028 1353 1078 1411 tes,
1093 1361 1154 1417 qaae
1166 1345 1201 1400 ad
1216 1343 1334 1400 fructum
1347 1344 1508 1414 perveniunt
1522 1342 1587 1399 boni
1600 1341 1692 1414 operis
1717 1340 1752 1396 de
1766 1339 1824 1394 ini-

1028 1434 1065 1489 tio
1079 1439 1180 1490 sanetas
1194 1433 1389 1504 propositionis
1403 1434 1417 1485 ‘l
1432 1431 1499 1502 Quae
1512 1447 1580 1504 ergo
1595 1445 1690 1486 amore
1712 1429 1827 1502 languet

1028 1521 1119 1577 fulciri
1132 1521 1246 1577 floribus
1261 1522 1356 1593 quaerit
1370 1530 1397 1577 et
1410 1521 1502 1592 stipari
1518 1519 1606 1585 malis,
1623 1519 1695 1589 quia,
1712 1517 1735 1573 si
1749 1517 1825 1573 illum

1028 1625 1110 1681 quern
1121 1609 1268 1675 desiderat,
1282 1610 1375 1665 videre
1388 1609 1478 1666 adhue
1497 1623 1551 1666 nou
1580 1606 1744 1679 permittitur
1765 1621 1828 1661 nta-

178 1700 383 1770 perversitatem
400 1716 536 1768 nunquam
562 1701 713 1767 trahuntur,
736 1703 775 1757 ita
789 1702 888 1760 infirmi
901 1721 972 1778 qno·
987 1725 1015 1784 Β
1029 1715 1084 1770 gna
1100 1698 1124 1756 ei
1137 1706 1177 1754 eet
1187 1699 1349 1764 consolatio,
1361 1699 1384 1753 si
1395 1699 1429 1753 de
1443 1698 1558 1753 aliorum
1583 1695 1749 1767 profectibus
1776 1694 1826 1749 lae-

178 1801 232 1856 que
246 1787 400 1843 societatem
416 1788 552 1844 declinare
574 1789 674 1845 debent
689 1790 836 1859 malorum,
853 1809 887 1848 ne
902 1798 974 1851 mala

179 1890 240 1948 quae
255 1874 408 1946 frequenter
421 1877 559 1949 aspiciunt
577 1884 604 1933 et
622 1879 763 1951 corrigere
790 1896 845 1936 uon
871 1883 973 1954 valent,

178 1962 349 2019 delectentur
375 1965 490 2021 imitari.
526 1966 570 2021 Sic
597 1968 762 2039 ergoverba
791 1969 974 2039 proximorum

178 2052 325 2118 audiendo,
341 2054 460 2125 quotidie
476 2054 608 2109 sumimus
625 2055 653 2108 in
668 2062 768 2124 niente,
793 2059 974 2125 quemadmo-

179 2139 244 2195 dum
259 2141 350 2197 llandn
365 2151 448 2215 atque
464 2143 625 2214 respirando
645 2159 736 2197 aerem
766 2146 897 2201 trahimus
911 2164 975 2204 cor-

179 2244 255 2300 pore.
273 2231 308 2284 Et
322 2230 391 2286 sicut
410 2231 497 2285 malas
507 2247 554 2286 aer
566 2230 676 2286 assiduo
699 2231 763 2286 llatu
777 2239 878 2289 tractus
892 2236 975 2292 inlicit

178 2332 289 2385 corpas,
316 2317 349 2372 itu
370 2335 497 2388 perversa
524 2319 624 2374 locutio
646 2320 756 2376 assidue
784 2322 875 2378 audita
895 2324 974 2379 infir-

179 2405 310 2459 mantium
326 2405 409 2460 inlicit
427 2408 558 2474 animum,
589 2415 617 2461 ut
644 2408 767 2463 tabescet
795 2411 975 2469 delectatione

179 2493 256 2561 pravi
268 2493 367 2564 operis,
380 2494 490 2549 assidua
500 2494 641 2566 iniquitate
659 2497 806 2553 sermonis.
830 2499 875 2556 Sic
886 2511 974 2558 eutem

176 2579 251 2648 justo
265 2588 292 2635 et
306 2582 425 2652 perlecto
436 2583 493 2638 viro
504 2591 630 2653 peccator
645 2599 707 2638 oum
723 2587 824 2642 malitia
839 2588 974 2662 juugitur,

180 2667 248 2723 sicat
263 2670 291 2722 in
307 2671 416 2726 lornaee
432 2686 497 2726 auro
521 2672 598 2741 palea
626 2686 687 2726 cum
716 2673 780 2743 igne
805 2678 931 2744 sociatur,
948 2688 976 2735 ut

179 2772 233 2827 qao
253 2759 333 2813 ardet
353 2760 441 2829 palea,
452 2763 829 2836 pui·geturauram.lllierpo
844 2768 977 2824 veraciter

178 2843 241 2900 boni
266 2850 341 2913 sunt,
365 2847 410 2917 qui
435 2849 460 2902 in
477 2847 603 2903 bonitate
618 2849 765 2920 persistere
793 2854 875 2909 etiem
906 2856 976 2911 inter

178 2932 265 2987 malos
280 2945 402 3004 possunt.

1029 1791 1110 1841 tetur.
1133 1788 1235 1842 Anima
1248 1803 1316 1859 ergo
1339 1792 1435 1842 saneto
1458 1800 1549 1841 amore
1564 1786 1682 1857 languet,
1710 1782 1827 1839 lloribus

1028 1874 1160 1947 malisque
1168 1875 1285 1941 fulcitur,
1295 1877 1480 1945 utrequieseat
1488 1875 1515 1929 iu
1522 1874 1686 1943 bonoopere
1694 1871 1824 1942 proximi,

1028 1963 1369 2035 queeudlruccontempleri
1381 1980 1436 2018 non
1445 1963 1517 2018 velet
1527 1962 1629 2017 vultum
1643 1961 1703 2016 Dei.
1717 1960 1827 2015 Panse-

1028 2052 1433 2123 musergoqualismeusPauli
1455 2048 1721 2123 luerat,quidicebat
1734 2048 1801 2121 quia
1816 2065 1824 2102 z

1029 2141 1191 2197 attentae-e
1202 2141 1496 2197 christetettetmori
1506 2142 1619 2195 lucram
1632 2137 1770 2209 (Philipp.
1787 2139 1821 2203 t).

1029 2228 1215 2299 Omnipotenti
1242 2229 1298 2284 Deo
1313 2228 1339 2283 in
1362 2236 1463 2300 quanto
1477 2243 1571 2283 arnore
1585 2227 1757 2296 sejunxerat
1780 2225 1827 2297 qui

1028 2317 1080 2371 sibi
1095 2317 1180 2371 vitam
1194 2317 1414 2373 tautummodoet
1429 2317 1498 2372 mori
1515 2316 1621 2372 lucrum
1635 2330 1695 2370 esse
1708 2314 1825 2384 depute-

1029 2406 1076 2460 bat
1090 2406 1104 2458 ‘t
1118 2406 1186 2463 Hinc
1196 2415 1237 2461 est
1258 2406 1331 2478 quod
1346 2406 1442 2461 iterum
1462 2404 1541 2459 dicit:
1555 2403 1729 2460 venderiam
1740 2402 1826 2458 bedec

1029 2495 1194 2559 discalciet
1209 2510 1268 2550 esre
1283 2510 1348 2550 cem
1364 2493 1483 2560 Christo,
1505 2494 1596 2548 mette
1623 2492 1713 2562 mepta
1724 2491 1827 2546 melias

1030 2584 1118 2653 (ibid).
1132 2583 1187 2638 Sed
1198 2598 1262 2639 ecce
1283 2583 1333 2654 qui
1355 2581 1467 2637 dissolri
1490 2580 1629 2637 desiderat
1654 2595 1710 2652 quo
1734 2593 1827 2633 tmere

1030 2671 1157 2744 langueat
1172 2671 1306 2738 videmus,
1322 2671 1384 2740 quia
1399 2670 1507 2725 interim
1523 2668 1623 2723 diderri
1634 2684 1667 2722 se
1681 2666 1826 2738 conspicit,

1029 2758 1119 2815 fulciri
1135 2776 1165 2814 se
1180 2759 1295 2814 floribus
1311 2775 1366 2813 non
1382 2756 1505 2829 requirit.
1522 2756 1627 2821 Quaerit
1642 2756 1721 2827 plane
1739 2771 1745 2809 :
1762 2769 1826 2809 nain

1029 2847 1151 2918 sequitur
1168 2863 1174 2901 :
1192 2851 1362 2903 Permanere
1373 2850 1470 2901 autem
1485 2847 1516 2899 ia
1531 2861 1617 2900 carme
1632 2843 1825 2898 neeessariam

1028 2939 1197 3007 proptereat
1207 2936 1296 3003 (itte).
1308 2933 1343 2988 Fa
1357 2932 1564 3004 proficientibus
1581 2931 1718 3002 discipulis
1738 2930 1804 2986 dicit
1816 2948 1823 2984 ε

214 3039 295 3094 Vens.
312 3041 338 3095 3,
348 3046 447 3102 ..Sap
461 3051 647 3108 umpmppppm
659 3067 740 3124 quem
747 3051 973 3107 desideraveram
988 3066 1012 3130 C
1030 3025 1096 3092 otte
1111 3026 1237 3080 ostentm
1251 3027 1350 3079 caestre
1372 3038 1434 3093 tpct
1448 3025 1499 3124 eut
1518 3020 1653 3092 pendium
1663 3023 1825 3075 eatcoroae

178 3127 506 3199 sedi.(70)0bumbm,0
526 3141 553 3193 5„
582 3156 658 3195 ,acm
686 3140 796 3210 eloquio
824 3138 973 3210 aliquando
1026 3113 1322 3184 stereorationem
1334 3116 1403 3166 eatc
1414 3112 1566 3167 Dominam
1581 3112 1711 3167 oestrum
1729 3109 1825 3164 letam

178 3213 327 3273 incarnatio
341 3220 452 3278 Domini
466 3227 586 3297 ponitnr,
603 3228 647 3283 rel
672 3228 773 3283 utentis
801 3228 973 3300 refrigerium

178 3303 321 3362 alerrere
345 3313 494 3368 carnalium
524 3318 719 3388 cogitationum
749 3337 755 3372 ε
787 3318 857 3372 unde
880 3326 907 3373 et
921 3334 973 3389 ap-

178 3390 324 3461 pellatione
337 3399 439 3456 umbrae
454 3410 605 3474 etsuperna
625 3407 791 3476 protectione
820 3408 870 3460 line
885 3406 973 3476 ipsum

178 3480 350 3554 refrigerium
366 3490 458 3544 cordis
477 3492 641 3562 insinuatur,
657 3495 729 3549 unde
747 3495 889 3548 Psalmistn
917 3495 973 3550 uit:

179 3567 233 3623 Sed
248 3574 347 3629 umbre
361 3577 476 3633 alerem
491 3585 607 3637 tauram
621 3588 733 3654 protepe
744 3584 884 3649 me(Pael.
907 3590 972 3653 aar).

181 3655 286 3725 Sponsa
298 3661 389 3732 itaque
404 3667 549 3722 adrentum
565 3672 660 3739 spousi
671 3670 828 3740 praestolata
843 3687 973 3742 praenun-

181 3744 228 3796 tiat
242 3745 333 3802 dicens
349 3768 355 3802 :
371 3752 425 3808 Sed
439 3758 538 3811 erebro
554 3759 634 3813 illies
655 3775 737 3829 poeta
751 3759 975 3814 desideraveram

181 3831 252 3887 sedi.
272 3834 321 3890 Hie
332 3854 381 3906 per
395 3842 518 3897 umbram
534 3860 570 3899 ex
586 3861 704 3914 superna
719 3847 884 3916 protectione
900 3847 976 3903 celri-

180 3921 287 3990 gorinm
304 3926 393 3981 cordis
422 3933 591 4002 exprimitur.
608 3934 680 3989 desi
695 3950 797 4005 sponsa
825 3936 916 3991 dicat:
935 3937 975 3991 Ab

180 4015 247 4062 aestu
276 4011 473 4072 desideriorum
502 4022 648 4076 carnalium
678 4024 729 4077 sub
758 4023 873 4078 adtenta
902 4025 976 4079 illias

182 4102 351 4164 protectione
365 4106 576 4176 reatrieti.Nam
586 4112 656 4179 quod
668 4112 810 4166 Domiuiea
826 4113 976 4167 incarnatio

180 4195 287 4255 servata
297 4191 408 4246 veritate
422 4195 550 4263 tristeris,
562 4198 776 4255 obumbrationis
791 4201 975 4270 appellatione

180 4274 314 4344 signetur,
330 4282 471 4352 angelieas
485 4301 576 4341 sermo
592 4295 714 4354 testatur,
745 4291 790 4357 qai
808 4290 841 4343 ud
870 4291 975 4343 lienum

180 4363 291 4419 Mariam
307 4367 384 4424 dicit:
397 4373 489 4429 Virtus
500 4376 876 4432 atttsstonetnmtratttrtet
891 4379 970 4447 (lue.

180 4453 209 4521 t).
227 4454 294 4521 Quia
310 4458 488 4516 unimembra
503 4478 556 4517 nnn
572 4465 649 4518 aliter
664 4467 834 4535 exprimitur,
860 4466 911 4519 nisi
927 4482 976 4536 per

180 4540 271 4598 lumen
293 4549 319 4599 et
342 4564 449 4620 corpus,
481 4552 565 4605 virtus
589 4552 614 4606 ei
643 4554 776 4608 altissimi
792 4554 974 4619 obumbravit,

179 4631 242 4701 quia
259 4633 285 4687 in
301 4635 361 4703 ejus
376 4645 451 4692 utere
466 4639 508 4692 lux
539 4641 697 4710 incorporea
726 4657 826 4711 corpus
850 4644 974 4712 sumpsit,

180 4736 213 4774 ex
225 4738 278 4792 qua
293 4725 420 4781 vitlelieet
439 4728 647 4783 obumbratione
668 4745 748 4785 omne
773 4731 799 4784 in
815 4746 845 4786 se
859 4731 973 4802 refrige-

180 4808 248 4863 rium
259 4814 355 4867 mentis
369 4816 485 4885 accepit.

216 4927 301 4982 l'sns
318 4931 344 4983 5.
356 4962 391 4971 —
401 4932 509 4987 Faleite
518 4950 562 4988 me
570 4934 695 5001 floribus,
706 4936 811 5007 stipate
825 4951 870 4990 otc
879 4936 973 5002 neniis,

181 5016 246 5086 peie
261 5033 356 5073 artiore
372 5021 498 5090 lterrpaeo.
516 5023 572 5092 (tt)
583 5023 665 5076 ilenti
673 5023 973 5092 spensamsuumtorti-

180 5112 220 5160 ter
247 5109 359 5171 amanti,
388 5109 486 5163 deuota
510 5111 573 5164 vitae
589 5111 731 5180 praesentis
754 5127 806 5166 nna
831 5113 975 5167 soletesse

180 5197 341 5259 consolatio,
372 5197 393 5249 si
423 5214 471 5266 per
499 5199 550 5252 hoc
574 5199 646 5268 qitod
662 5199 721 5268 ipsa
740 5200 775 5253 ab
798 5201 856 5267 eius
870 5200 975 5254 risione

180 5280 304 5338 differtur
326 5284 440 5339 aliorum
456 5286 553 5340 animae
582 5287 641 5355 ejus
680 5287 766 5342 verbo
782 5288 933 5359 proliciunt,
949 5297 975 5344 et

216 5462 271 5530 (70)
288 5461 345 5515 Lib.
362 5476 446 5515 xxxin
462 5463 570 5525 lierni,
581 5479 642 5534 cap.
659 5465 685 5517 3.

215 5533 273 5600 (tl)
288 5533 392 5590 llomil.
411 5536 442 5587 tn
457 5533 484 5587 in
496 5534 618 5605 dreng,
630 5536 680 5589 sub
695 5535 811 5590 initium.

1028 3200 1171 3256 ditrutam
1186 3201 1235 3271 lii
1249 3202 1341 3256 t'aess.
1357 3201 1398 3268 u).

1063 3321 1130 3373 lum.
1141 3350 1175 3360 -
1189 3319 1493 3376 l'nlaeretucbaritate
1502 3335 1631 3390 oposeta.
1641 3319 1697 3387 (te)
1714 3316 1825 3372 Duobus

1028 3417 1115 3472 modis
1129 3418 1301 3489 omnipotens
1316 3419 1388 3472 Deus
1413 3418 1545 3482 utiliterut,
1560 3431 1627 3487 quos
1652 3415 1822 3470 adsalutem

1027 3517 1157 3570 reducere
1184 3523 1268 3569 curat.
1288 3515 1440 3585 Aliquando
1455 3514 1528 3570 enim
1544 3513 1610 3569 luris
1626 3515 1654 3566 in
1668 3528 1753 3569 cerne
1768 3527 1825 3567 rer·

1029 3613 1297 3681 beraeisadmoret‚
1314 3613 1428 3668 utvirus
1457 3613 1616 3667 delictorum
1644 3617 1732 3665 curet.
1765 3608 1824 3663 tli-

1028 3703 1146 3773 quand0,
1163 3702 1267 3756 etiamsi
1283 3702 1390 3772 tlugella
1411 3701 1528 3755 exterius
1548 3715 1655 3756 cessare
1671 3698 1823 3765 rideantur,

1028 3790 1100 3845 intus
1125 3791 1239 3845 vulnera
1266 3790 1365 3861 iulligit
1380 3791 1427 3858 qui
1452 3789 1550 3843 mentis
1572 3793 1671 3842 nostrae
1699 3787 1825 3840 duritiam

1029 3895 1079 3933 suo
1090 3878 1224 3933 desiderio
1252 3879 1376 3948 pereutit.
1393 3877 1448 3932 Sed
1457 3877 1635 3947 perentiendo
1650 3883 1738 3941 sanat,
1750 3876 1825 3947 quia,

1029 3967 1143 4021 terroris
1158 3982 1207 4020 suo
1219 3966 1310 4034 jactito
1324 3964 1483 4039 transfixos,
1498 3965 1532 4019 ad
1548 3981 1656 4020 sensnm
1681 3980 1730 4018 aas
1742 3965 1826 4020 recti·

1030 4055 1132 4109 tudinis
1147 4057 1268 4109 revocat.
1284 4054 1374 4108 (lurda
1389 4055 1461 4108 enim
1477 4063 1570 4109 nostru
1590 4054 1660 4108 male
1675 4068 1743 4108 sana
1763 4069 1827 4108 euin

1030 4144 1104 4198 nullo
1132 4144 1179 4197 Dei
1204 4159 1298 4196 amere
1321 4143 1561 4209 serenissimorum
1591 4141 1824 4213 peregrinationis

1030 4249 1085 4286 stite
1099 4247 1245 4285 arduinam
1260 4246 1313 4285 non
1329 4231 1456 4296 sentiunt,
1471 4247 1535 4286 eum
1549 4247 1617 4302 erga
1643 4229 1829 4285 infirmitatem

1030 4320 1148 4390 proximi
1164 4320 1372 4389 rreequamlibet
1387 4320 1502 4373 minimo
1517 4320 1613 4374 ellectu
1629 4319 1824 4389 languescunt.

992 4417 1016 4476 D
1032 4409 1086 4463 Sed
1115 4409 1289 4462 vulnerentur
1304 4418 1331 4462 ut
1344 4416 1480 4472 sanentur,
1506 4410 1570 4478 quia
1584 4408 1686 4462 amoris
1701 4409 1742 4461 sui
1773 4408 1828 4477 spi·

1030 4498 1101 4552 culis
1117 4506 1220 4551 mentes
1237 4498 1309 4550 Deus
1320 4497 1491 4551 insensibiles
1509 4497 1633 4566 pereutit,
1646 4511 1763 4566 moxque
1779 4498 1828 4549 bas

1029 4585 1174 4639 sensibiles
1194 4585 1374 4655 perartlorem
1389 4585 1526 4641 charitatis
1545 4584 1644 4639 reddit.
1674 4585 1750 4640 Unde
1779 4583 1828 4640 hic

1029 4673 1213 4743 sponsadieit:
1226 4675 1377 4729 t'etaerete
1388 4675 1665 4742 ritaritetee’posam.
1676 4672 1826 4727 llaleenim

1028 4777 1090 4815 sana
1104 4762 1194 4816 anima
1206 4770 1287 4833 atque
1305 4764 1330 4816 in
1343 4764 1420 4829 liujns
1435 4762 1523 4817 exsilii
1542 4769 1644 4816 statum
1658 4775 1731 4815 caeca
1743 4776 1828 4816 seeu-

1028 4851 1104 4905 ritate
1120 4856 1264 4920 prostrata,
1291 4867 1343 4906 nee
1367 4850 1477 4905 ridebat
1495 4851 1591 4916 Deum,
1612 4866 1661 4905 nee
1677 4850 1828 4905 viderere-

1028 4939 1163 5008 quiretiat.
1192 4939 1319 4994 Perotissn
1340 4947 1431 4993 autern
1463 4939 1601 4994 charitatis
1627 4940 1688 5007 ejus
1715 4938 1830 5008 spiculis

1029 5027 1184 5080 vulrieratnr
1195 5028 1219 5079 in
1233 5027 1332 5080 intimis
1342 5026 1438 5081 allecta
1455 5027 1574 5097 pietatis,
1592 5026 1667 5082 artlet
1688 5026 1829 5081 desiderio

1028 5115 1273 5183 contemplationis,
1294 5124 1321 5170 et
1340 5116 1409 5169 mire
1429 5117 1510 5170 mado
1531 5114 1682 5169 tirilientar
1711 5132 1744 5169 ex
1765 5114 1829 5168 rul-

1029 5218 1102 5266 nere,
1131 5219 1191 5272 qtae
1215 5204 1292 5270 prius
1307 5211 1413 5258 mortua
1423 5203 1572 5272 jacebatin
1594 5204 1691 5259 salute.
1712 5204 1830 5269 AEstuat,

1028 5291 1147 5355 anhelat,
1159 5291 1247 5358 etjam
1260 5292 1502 5348 videredesiderat
1517 5309 1597 5362 quem
1614 5293 1746 5365 fugiebat,
1767 5292 1830 5360 ejus

1063 5467 1119 5536 (lt)
1139 5465 1197 5520 Lib.
1220 5483 1245 5520 ri
1265 5468 1370 5536 lloral,
1391 5483 1453 5538 cap.
1478 5469 1520 5522 tt.
