3728 6000
167 276 218 332 tta
686 259 873 322 GUlthbhl
891 259 1037 321 abbatis
1055 260 1085 320 S.
1105 260 1323 324 rnuobonsct
1764 276 1818 335 4111

165 412 220 452 non
235 403 327 450 teuent
339 393 461 466 gladium
487 391 531 464 qui
547 390 666 446 divinum
687 387 797 462 quidem
821 386 958 458 eloquium
973 387 1000 450 Α
1015 388 1150 454 pensato,
1171 392 1199 442 ct
1218 390 1375 460 posteriora
1396 390 1473 446 dorsi
1491 394 1552 465 ejus
1571 395 1604 448 tn
1624 396 1716 465 specte
1734 398 1815 454 aaa.

164 489 275 551 norunt,
300 482 349 540 sed
373 480 520 537 secundum
544 479 610 534 illud
634 478 727 533 vivere
754 474 906 549 negligunt.
929 474 965 529 Et
1018 471 1085 538 Quae
1100 473 1173 529 enim
1190 474 1234 530 hic
1252 476 1580 546 spiritumansuetudinia
1594 481 1718 553 impleta,
1735 484 1819 556 quasi

165 573 259 628 doctus
273 587 331 627 esse
342 570 401 643 jam
420 570 454 624 ad
476 567 548 624 bella
563 583 617 622 non
641 565 714 620 valet
727 564 774 636 qui
796 562 964 634 spiritualem
1016 561 1258 633 columbapeuuas
1281 564 1473 639 <leugonaus
1488 567 1582 638 habet,
1599 569 1628 624 in
1651 573 1820 642 posteriori·

164 675 245 732 quem
261 658 342 714 habet
356 657 480 731 gladium
487 654 599 711 minime
614 659 736 709 exercet.
753 652 823 706 Nam
836 650 964 707 resistere
1018 649 1068 705 bus
1081 649 1155 706 dorsi
1170 652 1288 722 speciem
1302 654 1361 709 auri
1373 655 1502 726 continet,
1519 656 1581 728 quia
1593 657 1638 715 hic
1650 659 1819 730 praedicato-

163 745 363 804 tentationibus
381 744 502 809 omnino,
518 758 572 800 nou
587 740 696 808 sufficit,
713 739 760 812 qui
786 739 859 796 hunc
888 737 966 795 verbi
1019 753 1064 794 res
1078 754 1143 795 suos
1152 741 1286 797 sermonis
1294 741 1355 798 luce
1368 743 1465 815 induit,
1474 744 1656 817 impostsriori
1667 755 1757 804 autem
1768 765 1820 806 sae·

161 835 211 892 Dei
226 844 319 891 sensns
332 833 454 906 gladium
471 832 541 887 male
556 828 674 887 vivendo
689 828 838 901 postponit.
1018 826 1081 883 culo
1095 826 1232 901 fulgorem
1247 829 1274 885 in
1291 847 1321 885 so
1335 832 1469 887 claritatis
1494 835 1621 891 ostendit.
1639 836 1694 892 Sed
1716 838 1751 892 ad
1766 840 1819 895 hoc

197 927 264 979 luno.
298 923 522 994 Utrinscojusqnc
545 920 621 976 erich
646 935 732 987 sopor
750 920 846 989 semor
868 930 964 991 suum,
1019 915 1092 986 quod
1106 915 1210 972 clarum
1224 917 1296 973 intus
1311 919 1469 990 ostenditur,
1478 923 1564 994 qualis
1577 923 1613 979 sit
1626 939 1758 982 ascensus
1772 927 1821 982 ad·

161 1016 277 1086 proptor
303 1013 419 1067 timores
439 1013 601 1066 nocturnos.
618 1008 673 1075 (89)
703 1007 761 1062 lloc
785 1005 819 1060 do
848 1005 964 1060 sortibus
1015 1003 1818 1081 Jungitcumdeeodemterculoprotinnssubditurnsccn-

164 1115 293 1171 superuae
308 1100 403 1169 patriar
419 1097 601 1153 bellatoribus
615 1096 724 1152 dicitur.
732 1093 815 1150 Ensis
829 1109 911 1164 super
925 1092 965 1148 ie·
1017 1107 1081 1147 snm
1095 1108 1282 1165 purpureum.
1293 1095 1361 1151 Vera
1372 1096 1472 1169 quippe
1486 1115 1616 1171 purpura,
1629 1101 1693 1171 quia
1707 1102 1743 1159 de
1755 1118 1818 1159 scu-

163 1205 232 1245 mur
246 1186 364 1261 ponitur,
373 1188 481 1259 quando
496 1194 600 1241 sauctae
615 1183 813 1256 predicationis
828 1181 962 1250 acumine,
1017 1179 1100 1250 quine
1113 1180 1237 1254 tingitur,
1254 1198 1309 1239 uon
1323 1183 1461 1240 immerito
1475 1186 1503 1241 iu
1518 1188 1610 1245 colore
1624 1191 1764 1263 sanguinis
1778 1192 1818 1248 vi-

164 1293 249 1349 prsva
272 1276 411 1349 suggestio
428 1275 519 1329 carnis
534 1275 686 1330 edomatur.
707 1273 764 1342 (90)
786 1269 868 1327 Ensis
883 1286 964 1340 supra
1017 1269 1104 1324 detur.
1118 1270 1152 1324 Et
1162 1270 1225 1342 quia
1240 1271 1358 1327 maxima
1368 1273 1514 1331 multitudo
1525 1274 1648 1333 fidelium
1658 1279 1685 1333 iu
1701 1281 1817 1336 exordio

160 1364 252 1421 temon
274 1372 315 1420 cst
336 1364 459 1420 custodio
481 1361 610 1435 vigilans,
627 1362 716 1416 carnis
738 1360 883 1415 illecebras
898 1375 962 1430 pre·
1016 1359 1155 1413 nascentis
1169 1359 1300 1416 Ecclesiae
1313 1375 1363 1431 per
1375 1363 1498 1434 martyrii
1512 1365 1676 1437 sanguinem
1690 1370 1816 1438 pervenit

161 1470 251 1510 mens.
266 1455 399 1509 Nocturni
420 1467 483 1506 vcro
504 1450 614 1506 timores
628 1457 690 1504 sunt
711 1448 818 1504 insidiae
832 1446 961 1503 tenatio-
1016 1445 1051 1500 ad
1072 1461 1198 1518 regnum,
1213 1463 1261 1503 rex
1282 1457 1377 1504 noster
1397 1465 1543 1507 ascensum
1563 1470 1727 1525 purpureum
1752 1456 1816 1514 feeit

161 1542 203 1599 nis
217 1542 341 1599 occultae.
360 1543 410 1595 Per
430 1548 538 1595 noctem
554 1538 653 1609 quippe
669 1546 770 1593 nostrae
793 1536 903 1593 caecitas
916 1535 962 1590 io·
1015 1533 1044 1588 in
1058 1531 1167 1602 ierculo,
1184 1535 1246 1605 quia
1260 1537 1296 1592 ad
1311 1537 1419 1594 clarum
1432 1540 1507 1612 quod
1521 1541 1594 1597 intus
1610 1543 1750 1614 aspicitur,
1767 1561 1816 1617 per

160 1630 298 1686 firmitatis
319 1629 487 1700 exprimitur,
503 1627 565 1698 quia
590 1626 720 1697 quidquid
745 1625 920 1680 adversitatis
933 1624 961 1678 in
1013 1620 1215 1679 tribulationem
1240 1626 1383 1697 sanguinis
1394 1629 1560 1698 pervenitur.
1578 1628 1649 1699 Quid
1664 1648 1751 1704 erqo;
1766 1649 1817 1690 nos

159 1727 240 1776 nocte
269 1720 403 1785 imminet,
428 1731 483 1772 nou
511 1715 627 1771 ridetur.
644 1714 864 1786 Uniuscujusqua
891 1727 958 1785 ergo
971 1736 998 1796 Β
1014 1709 1107 1765 miseri
1135 1719 1217 1784 atque
1245 1713 1279 1768 ab
1307 1715 1380 1770 omni
1404 1714 1564 1774 tortitudine
1593 1718 1726 1788 destituti,
1751 1722 1816 1792 quid

158 1809 231 1864 ansis
245 1824 328 1879 super
343 1807 432 1861 lemur
445 1821 534 1869 sennim,
545 1811 658 1875 propter
672 1803 783 1859 timores
796 1810 954 1867 nocturnos,
1013 1798 1102 1854 acturi
1124 1802 1243 1855 sumus?
1266 1802 1337 1858 licea
1352 1803 1379 1857 in
1396 1805 1445 1859 hoc
1468 1805 1570 1863 sarculo
1595 1807 1731 1865 columnae
1754 1826 1816 1868 csse

159 1896 224 1967 quic
238 1896 364 1953 videlicet
386 1894 473 1950 sancti
488 1893 539 1948 siri
564 1893 627 1949 dum
643 1907 676 1948 ea
698 1908 760 1961 quae
774 1907 828 1947 nou
854 1890 956 1955 vident,
1011 1902 1065 1942 non
1088 1902 1239 1958 possumus,
1253 1890 1318 1961 quia
1331 1891 1359 1945 in
1384 1892 1464 1947 nobis
1485 1909 1538 1950 uec
1561 1895 1690 1953 tortitudo
1713 1898 1816 1969 operis,

158 1993 290 2052 metuunt,
303 1984 339 2040 ad
354 1982 532 2039 intentionem
546 1989 647 2037 certam
662 1979 689 2034 in
705 1980 748 2034 his
764 1980 861 2050 parati,
877 1995 954 2033 sem·
1011 1989 1062 2029 nec
1076 1975 1167 2031 lumen
1191 1976 1290 2034 emicat
1301 1979 1512 2049 predicationis.
1529 1983 1747 2041 declinatorium
1763 2003 1815 2042 au-

159 2093 208 2150 pcr
225 2075 363 2131 assistunt.
387 2071 482 2128 Sancti
506 2070 609 2125 etenim
634 2069 685 2123 viri
706 2068 744 2123 sio
768 2068 803 2122 dc
828 2084 875 2137 spe
890 2064 957 2121 certi
1010 2077 1086 2155 reum
1101 2078 1155 2119 nou
1171 2064 1315 2132 habemus,
1332 2069 1531 2137 quiauecdum,
1542 2071 1610 2127 siout
1625 2081 1744 2143 oportet,
1760 2091 1814 2146 per

159 2170 229 2229 sunt,
246 2172 274 2219 ut
294 2171 386 2217 tamen
407 2174 516 2230 semper
530 2159 585 2212 sint
607 2157 643 2211 de
662 2155 810 2210 tentatione
825 2154 955 2226 suspecti,
1011 2152 1174 2208 intellectum
1194 2153 1372 2224 spiritualem,
1397 2159 1522 2229 requiem
1545 2159 1660 2216 internae
1683 2161 1818 2219 claritatis

160 2255 262 2327 quippe
278 2251 376 2320 quihus
391 2248 488 2304 dicitur
504 2263 510 2299 :
536 2247 644 2302 Serottc
659 2244 772 2300 domino
788 2244 820 2299 in
845 2245 955 2310 timore,
1010 2239 1169 2310 aspicimus.
1177 2243 1318 2298 Ascensus
1333 2260 1486 2316 purpureus
1500 2263 1554 2303 non
1570 2264 1672 2316 sumus,
1683 2249 1753 2322 quis
1764 2267 1817 2323 pro

158 2347 188 2399 ct
202 2341 333 2397 cecitate
346 2339 374 2394 ei
387 2354 452 2394 cnm
468 2339 589 2392 tremore
603 2334 682 2405 (Prot
696 2334 736 2402 ιι),
753 2336 784 2387 ut
797 2340 825 2387 at
847 2331 882 2387 de
896 2347 944 2402 spe
1010 2327 1197 2400 Redemptore
1207 2340 1300 2388 nostro
1310 2335 1475 2405 sanguinem
1488 2336 1600 2393 fundere
1611 2352 1666 2394 non
1677 2340 1814 2396 valemus.

157 2428 312 2493 exsultatio,
341 2434 368 2481 ct
394 2425 430 2480 de
455 2423 609 2495 suspicione
638 2423 766 2478 nascatur
790 2420 883 2476 timor.
915 2421 956 2476 Ne
1010 2413 1305 2490 Quidergodenubis
1320 2421 1456 2493 agendum
1473 2425 1623 2495 estiQuae
1638 2429 1816 2498 speserit,si

158 2533 226 2590 erqo
251 2522 400 2572 nocturnus
415 2512 506 2580 timor,
529 2512 557 2567 id
573 2519 614 2567 est
636 2510 742 2567 occulta
764 2517 791 2565 ct
814 2509 957 2582 repentina
1010 2503 1102 2560 nullus
1116 2505 1152 2561 ad
1176 2522 1289 2580 regnum
1305 2511 1438 2580 pervenit,
1454 2511 1505 2567 nisi
1519 2513 1564 2584 qui
1579 2516 1693 2571 summis
1709 2518 1815 2589 pmii.

158 2605 271 2663 teutatio
291 2603 430 2673 subrepat,
446 2616 554 2671 semper
567 2614 685 2655 necasse
698 2603 739 2654 est
756 2605 789 2653 ut
802 2597 890 2654 femur
904 2611 956 2652 no·
1011 2597 1055 2649 tus
1070 2593 1214 2651 virtutibus
1229 2597 1332 2652 tuerit?
1351 2598 1404 2654 Sed
1420 2600 1497 2657 adast
1512 2617 1620 2673 quoque
1634 2614 1728 2661 nostra
1741 2621 1813 2663 con.

157 2701 241 2750 strum
257 2690 440 2764 superpositus
455 2688 587 2746 custodiae
601 2687 676 2743 ensis
691 2694 804 2758 premat.
1011 2681 1119 2738 solatio.
1131 2687 1272 2748 Amemus,
1288 2687 1448 2755 inquantum
1462 2704 1618 2760 possumus,
1634 2693 1733 2764 Deum,
1743 2695 1812 2750 dili.

193 2783 280 2838 Vans.
298 2785 324 2847 b,
340 2779 597 2834 lb-Forcnlnm
611 2777 682 2849 [ecit
693 2777 812 2833 cibirco
826 2776 957 2833 Salomon
1011 2785 1110 2843 gamus
1132 2773 1293 2843 proximum,
1318 2782 1344 2829 et
1373 2776 1456 2832 simul
1482 2793 1590 2848 quoque
1617 2797 1668 2836 nos
1694 2783 1729 2839 ad
1760 2783 1810 2839 Dei

156 2872 189 2929 dc
209 2871 293 2943 tionis
313 2869 425 2924 count.
443 2868 595 2924 Cotnntnos
614 2867 676 2937 ojus
697 2865 769 2936 [ecit
794 2868 955 2937 arqenteos,
1012 2858 1145 2917 torculum
1160 2862 1338 2932 pertinemus,
1355 2864 1419 2934 quia
1438 2863 1495 2922 illic
1515 2868 1728 2939 scriptumest:
1754 2873 1812 2929 itc-

154 2958 373 3016 reclinatorium
379 2970 662 3023 oornnmmrmnmm
673 2951 958 3026 purpureum,mcdio
1011 2948 1059 3004 dio
1069 2948 1211 3006 ctoritate
1221 2953 1389 3009 constravit.
1401 2953 1477 3009 llabe
1488 2955 1592 3028 quippe
1602 2958 1771 3031 charitatem,
1783 2967 1813 3017 ot

157 3047 300 3104 charitate
315 3045 472 3101 constravit
484 3047 601 3115 propter
614 3042 690 3112 filius
702 3041 870 3097 Jerusalem.
889 3039 957 3110 (90¹)
971 3088 997 3154 C
1011 3035 1050 3091 ibi
1073 3037 1133 3094 sine
1147 3038 1229 3094 dubio
1252 3040 1391 3109 persenis,
1408 3041 1454 3097 ubi
1468 3050 1497 3098 et
1523 3044 1651 3101 columna
1678 3056 1813 3120 argentea

155 3136 217 3192 Non
233 3143 272 3191 est
287 3133 451 3210 credendum
464 3131 650 3195 Salomonem,
664 3137 746 3185 tautae
760 3127 957 3199 magnitudinis
1012 3124 1137 3198 erigitur,
1152 3134 1179 3181 ot
1201 3142 1327 3183 ascensus
1352 3145 1507 3201 purpureus
1531 3141 1643 3191 tenetur.
1659 3136 1728 3192 Nam
1744 3137 1810 3209 quia

155 3239 264 3298 regem,
276 3222 323 3296 qui
336 3223 375 3278 sic
389 3221 530 3277 immensis
544 3219 646 3276 divitiis
661 3216 796 3284 affluebat,
807 3225 836 3271 ut
849 3216 956 3286 pondus
1011 3214 1062 3269 hoc
1089 3223 1199 3287 propter
1226 3225 1346 3271 nostram
1374 3217 1557 3276 infirmitatem
1580 3223 1687 3295 dicitur,
1712 3234 1810 3297 aperte

155 3312 213 3368 auri
226 3313 285 3383 ejus
298 3310 432 3368 testimari
444 3326 498 3366 non
515 3312 609 3381 posset
619 3315 646 3362 et
660 3314 802 3378 argentum
818 3304 845 3359 in
859 3305 956 3360 diebus
1009 3310 1184 3370 monstratur,
1200 3320 1262 3359 cum
1283 3305 1336 3360 illis
1362 3307 1485 3378 protinus
1506 3310 1627 3366 subdidit
1647 3329 1653 3367 :
1686 3315 1809 3386 Propter

155 3402 216 3472 ejus
231 3402 349 3473 pretium
363 3414 418 3455 nou
442 3398 565 3463 haberet,
581 3395 654 3467 quod
677 3394 810 3451 torculum
825 3393 878 3448 sibi
899 3393 954 3465 hg·
1008 3391 1084 3459 filios
1096 3392 1263 3449 tornantem.
1281 3395 1376 3450 &cmo
1391 3397 1510 3453 stenima
1524 3397 1575 3454 Dei
1583 3400 1630 3471 qui
1647 3416 1703 3457 non
1725 3400 1807 3474 lilios,

156 3506 249 3559 neum,
266 3489 337 3546 sicut
350 3489 395 3545 hic
409 3502 510 3557 sponsa
524 3485 654 3554 loquitur,
670 3482 742 3539 tecit.
758 3482 813 3538 Sed
822 3489 864 3536 est
879 3480 955 3537 Salo·
1008 3479 1056 3535 sed
1079 3479 1150 3537 filias
1170 3481 1247 3547 dicit,
1263 3482 1327 3552 quid
1341 3483 1419 3539 aliud
1445 3501 1494 3556 per
1518 3503 1614 3543 sexum
1643 3489 1806 3559 femineum,

155 3568 954 3649 mon,rexuidelicetetpaciiicusnoster,quisibideliquia
1008 3584 1088 3641 quam
1112 3570 1245 3625 mentium
1258 3571 1367 3626 intirmn
1390 3572 1530 3645 signavit?
1553 3577 1626 3632 luter
1658 3576 1807 3636 columnas

155 3667 251 3723 Libani
266 3665 401 3723 ferculum
417 3662 492 3718 iecit.
509 3661 605 3717 Libani
620 3661 720 3732 quippe
735 3659 809 3732 ligna
832 3658 952 3728 cedrina,
1007 3664 1098 3712 autom
1119 3666 1274 3731 argenteas,
1290 3667 1318 3715 et
1338 3660 1540 3717 reclinatorium
1561 3679 1682 3733 aureum,
1708 3674 1734 3724 et
1757 3684 1806 3724 as-

156 3755 238 3812 vslde
252 3758 316 3810 sunt
335 3750 527 3823 imputribilia.
544 3748 685 3806 Ferculum
698 3748 790 3818 itaque
803 3748 887 3818 Regis
901 3761 954 3803 no·
1007 3761 1118 3802 censum
1143 3761 1319 3817 perparcum,
1336 3747 1425 3804 inesse
1447 3750 1539 3806 media
1555 3751 1675 3810 charitas
1694 3756 1806 3825 dicitur,

154 3844 205 3900 stri
219 3851 311 3899 sancta
322 3839 447 3897 Ecclesia
469 3845 521 3904 est,
538 3853 598 3908 quae
622 3836 656 3891 de
678 3835 794 3891 sortibus
817 3835 951 3905 Patribus,
1006 3837 1119 3906 propter
1132 3832 1204 3890 filias
1226 3835 1388 3903 Jerusalem,
1404 3837 1468 3908 quia
1491 3846 1519 3894 et
1538 3840 1585 3911 qui
1603 3842 1745 3899 virtutibus
1758 3845 1804 3900 in.

154 3931 238 3989 idest
258 3930 293 3985 de
314 3926 524 3997 imputribilibus
550 3924 687 3980 mentibus
703 3932 744 3979 est
772 3930 950 3985 constructa;
1006 3920 1146 3978 firmantur
1165 3923 1188 3978 si
1205 3924 1267 3995 ipsa
1289 3923 1360 3980 bona
1389 3942 1450 3995 quae
1477 3936 1592 3996 possunt
1619 3932 1712 3988 faeere
1740 3949 1804 3989 eum

154 4036 216 4092 quoe
236 4020 311 4073 recte
326 4015 460 4070 l'ereulum
474 4014 573 4070 dicitur
592 4013 656 4083 quia
679 4013 740 4083 ipsa
754 4012 808 4068 tert
831 4011 952 4083 quotidie
1006 4010 1145 4079 charitate,
1161 4027 1215 4066 non
1238 4013 1422 4085 negligente
1447 4015 1498 4070 Dei
1522 4017 1626 4075 ferculo
1649 4019 1733 4076 alicui
1747 4036 1805 4079 nan

156 4107 276 4164 animam
288 4105 322 4159 ad
336 4115 472 4159 aeternum
486 4101 641 4159 convivium
657 4099 812 4156 conditoris
835 4099 886 4154 sui.
902 4099 952 4155 Coi
1005 4106 1082 4156 suut.

152 4194 255 4253 terculo
269 4192 404 4250 columnas
418 4195 559 4263 argenteae
573 4189 650 4246 iactae
664 4197 726 4244 suut
741 4189 805 4260 quia
820 4187 952 4259 praediea-
1312 4194 1424 4251 CAPUT
1452 4197 1498 4251 (ν,

151 4293 223 4340 tores
236 4278 369 4338 Ecclesiae
383 4287 497 4347 sanctae,
515 4278 618 4349 eloquii
633 4278 691 4334 luce
706 4276 888 4348 resplendent.
905 4276 951 4331 Est
1040 4277 1126 4333 Vsus.
1138 4280 1163 4333 l.
1175 4308 1210 4318 —
1224 4279 1314 4346 Quam
1325 4283 1448 4353 pulchro
1462 4301 1502 4355 es,
1519 4286 1612 4342 amico
1632 4303 1705 4352 mcc,
1716 4305 1803 4360 qoam

151 4378 247 4430 autem
270 4387 332 4426 cum
355 4368 488 4427 columnis
511 4367 651 4438 argenteis
673 4365 875 4421 reclinatorium
898 4379 949 4420 au·
1004 4366 1235 4437 putcbrcNJccii
1247 4369 1289 4423 toi
1300 4371 1507 4440 columborum,
1516 4374 1617 4447 ubsque
1632 4390 1663 4431 co
1675 4376 1747 4447 qnod
1757 4378 1803 4432 tn·

149 4477 224 4519 reum
239 4459 303 4533 quia
326 4475 376 4530 per
395 4459 446 4514 hoc
468 4457 540 4529 quod
560 4472 579 4511 a
601 4455 703 4511 sanctis
724 4454 949 4525 predicatoribus
961 4444 991 4508 D
1005 4455 1145 4512 trinsecus
1162 4456 1242 4512 latet.
1260 4459 1315 4525 (st)
1335 4459 1461 4530 Sponsus
1484 4477 1612 4534 sponsam
1635 4478 1712 4518 susm
1737 4467 1800 4535 pun.

149 4550 239 4608 lucida
262 4549 371 4614 dicitur,
387 4553 495 4602 mentes
517 4543 686 4601 audientium
706 4541 843 4615 fulgorem
862 4542 946 4598 clari-
1002 4543 1096 4600 chrum
1110 4551 1201 4599 narrat
1215 4547 1243 4602 et
1264 4545 1405 4616 pulchram
1421 4549 1547 4620 replicat,
1563 4551 1627 4622 quia
1649 4552 1702 4607 alia
1717 4553 1742 4608 ei
1758 4557 1803 4609 est

146 4640 207 4697 tatis
221 4637 323 4693 iutimae
338 4636 364 4691 in
388 4650 444 4708 qua
465 4633 633 4691 reclinentur
652 4631 804 4687 inveniunt.
821 4630 873 4686 Per
896 4632 949 4687 hoc
1002 4630 1171 4703 pulchritudo
1185 4647 1304 4701 morum,
1317 4634 1345 4688 in
1359 4651 1414 4708 qua
1424 4653 1494 4692 nunc
1504 4638 1634 4707 cernitur,
1648 4647 1731 4711 atqua
1746 4640 1802 4697 alia

149 4727 222 4785 enim
244 4725 318 4798 quod
340 4723 446 4781 occulta
472 4729 566 4795 aperte
590 4719 713 4788 audiunt,
735 4719 765 4773 iu
783 4717 850 4774 illud
873 4719 947 4789 quod
1000 4718 1172 4790 pulchritudo
1187 4722 1370 4792 premiorum,
1386 4724 1415 4779 in
1435 4741 1489 4796 qua
1505 4734 1568 4783 tuuc
1581 4743 1630 4798 per
1644 4727 1801 4785 conditoris

148 4814 272 4873 clarescit
286 4814 314 4869 in
334 4813 418 4869 corde
438 4810 628 4881 requiescunt.
647 4808 786 4863 Columna
809 4822 876 4879 ergo
897 4823 945 4864 as·
999 4806 1039 4862 sui
1065 4807 1186 4879 speciem
1212 4807 1383 4866 sublevatur.
1417 4813 1500 4882 Cuius
1527 4814 1656 4871 videlicet
1677 4817 1800 4873 membra

147 4911 300 4978 qenteae,et
308 4899 509 4958 reclinatorium
524 4913 633 4954 aureum
646 4895 746 4953 iactum
760 4903 811 4965 est,
818 4895 882 4968 quia
896 4911 945 4967 per
998 4910 1094 4951 omnes
1113 4895 1202 4965 electi,
1218 4897 1281 4968 quia
1302 4898 1338 4953 ad
1349 4908 1446 4957 cuncta
1470 4902 1630 4973 simpliciter
1653 4905 1795 4961 incedunt.

146 4992 236 5051 lucem
264 4989 410 5054 sermonis,
435 4987 575 5044 invenitur
595 4986 668 5056 apud
690 4986 812 5039 animam
834 4983 943 5039 claritas
997 4983 1064 5055 Ejus
1079 4984 1151 5040 oculi
1166 4984 1362 5042 columbarum
1377 4997 1517 5060 vocantur,
1531 4991 1594 5062 quia
1616 5007 1719 5065 magua
1733 4991 1797 5051 luce

148 5079 253 5152 quietis.
268 5078 318 5133 lile
329 5079 386 5146 jam
401 5074 501 5147 quippe
520 5073 611 5146 fulgor
624 5073 744 5128 internus
766 5075 886 5127 mentm
900 5071 941 5126 ir·
995 5072 1137 5136 irradiant,
1160 5073 1227 5145 quia
1249 5083 1276 5130 st
1300 5077 1442 5148 signorum
1462 5079 1606 5135 miraculis
1634 5089 1792 5138 coruscant.

145 5170 245 5235 radiat,
260 5174 289 5222 ut
304 5181 353 5237 per
374 5164 548 5219 intentionem
564 5163 602 5217 ibi
617 5161 781 5232 requiescat,
798 5160 845 5214 ubi
868 5175 940 5230 prae-
995 5160 1049 5216 Sed
1063 5169 1193 5231 quantum
1206 5170 1247 5217 est
1260 5164 1312 5219 hoc
1331 5178 1414 5220 omne
1429 5165 1598 5236 miraculum,
1616 5168 1689 5240 qued
1705 5170 1794 5225 videri

145 5254 288 5313 dicationis
306 5254 393 5325 gratia
415 5267 468 5306 non
492 5257 638 5322 spueretur.
655 5249 696 5304 De
720 5247 816 5303 eadem
841 5246 941 5319 quippe
994 5249 1106 5321 potest‘i
1120 5249 1191 5304 lllud
1203 5250 1239 5306 dc
1256 5250 1369 5307 internis
1388 5253 1550 5310 miraculum
1565 5264 1608 5311 est
1629 5255 1793 5328 mirabilius,

144 5351 239 5401 sancta
252 5342 375 5398 Ecclesia
385 5342 515 5410 scriptum
526 5347 567 5395 est
583 5355 589 5392 :
605 5336 853 5394 Pennoecotnmboe
863 5336 941 5392 door·
994 5337 1067 5408 quod
1091 5336 1177 5393 videri
1195 5353 1271 5395 nunc
1290 5355 1347 5396 non
1370 5348 1470 5412 potest,
1486 5343 1520 5398 de
1542 5360 1595 5415 quo
1616 5343 1673 5401 illic
1698 5354 1796 5415 aperte

177 5524 225 5594 (89Ι
252 5518 397 5577 Pastoralis
407 5526 488 5645 Haste
501 5532 542 5586 ιιι,
558 5517 742 5576 admonitione
758 5521 785 5573 3.
1026 5516 1096 5587 (90)
1106 5515 1206 5598 llomil.
1223 5516 1433 5585 asiaticam..
1449 5518 1477 5576 in
1491 5519 1593 5577 madio.

176 5595 223 5667 (to
252 5591 394 5652 harabum
427 5589 454 5645 b.
468 5601 519 5658 xx,
535 5603 594 5661 esp.
611 5592 641 5645 a.
1027 5588 1083 5658 (9¹)
1102 5587 1609 5662 hb.1sltora1.,esp.s,subflnem.
