3728 6000
94 237 146 294 ma
200 190 207 202 ’
598 226 786 288 coruscant
804 225 948 287 astans
966 228 994 287 s.
1014 226 1232 290 aunonensi
1696 229 1750 288 ιιι

95 361 193 420 ιιιιιι
207 360 325 415 bumana
348 365 444 414 natura
459 375 466 412 r
483 355 556 428 qued
570 370 625 411 non
639 353 728 410 solnm
740 351 890 417 visibiliter,
906 355 934 416 A
948 361 1013 410 tum.
1025 355 1060 411 lit
1075 352 1221 410 visibilium
1236 351 1344 425 quidem
1359 368 1450 410 rerum
1463 351 1672 437 preteritarum,
1686 367 1749 433 qum

95 449 201 506 numid
216 455 324 520 poteret
352 455 378 501 ιι
404 447 431 501 in
452 445 543 516 aliquo
571 445 688 499 aethereo
715 456 831 512 corpore
858 440 894 495 ad
948 442 1136 517 temporaliter
1160 439 1338 510 transierupt,
1362 441 1420 497 sols
1445 440 1512 496 lldes
1534 448 1593 507 est;
1620 438 1748 521 quonlam

96 546 255 593 nostrorum
276 543 439 606 aspectuum
466 532 639 589 tolerantiam
668 536 828 599 temperato,
845 528 895 584 sed
948 546 1004 589 non
1019 531 1107 587 adbuc
1120 529 1238 587 videnda
1252 538 1405 613 sperantur,
1420 530 1468 586 sed
1484 529 1554 586 lacta
1568 535 1595 585 et
1610 535 1748 585 transacta

96 625 253 682 bominibus
268 624 295 678 ia
309 638 375 678 sero
389 622 498 677 homine
513 620 650 692 apparuit.
677 621 741 688 ipsa
755 617 830 672 enim
846 632 896 672 aa·
949 620 1105 691 ereduntur,
1120 619 1189 675 sicut
1203 626 1245 674 est
1257 617 1332 684 illud,
1352 619 1424 691 quod
1440 618 1561 674 Christus
1584 618 1669 685 semel
1697 633 1748 688 pro

98 723 156 770 tura
185 711 356 783 suscipienda
380 718 451 778 erut,
474 726 535 781 quae
563 708 704 764 liberanda
721 726 726 763 :
743 713 770 762 et
784 723 819 762 ne
837 705 898 779 quis
951 707 1073 797 peccatis
1087 708 1188 764 nostris
1200 713 1324 762 mortuus
1336 714 1413 763 estet
1424 704 1589 772 resurrexit,
1607 703 1679 785 quod
1692 692 1753 785 jem

97 802 167 860 forte
191 818 272 857 sexus
284 817 299 855 a
311 815 359 855 suo
375 800 502 855 Creatore
520 813 551 853 se
566 803 751 867 contemptum
782 801 895 866 putaret,

100 892 188 948 virum
202 890 331 960 suscepit,
348 896 427 943 natus
450 904 485 943 ex
509 887 610 942 semina
634 892 684 942 est.
703 883 777 939 Nihil
792 883 848 956 egit
861 883 897 950 vi,

100 980 150 1036 aed
162 979 256 1034 omnia
271 976 413 1032 suadendo
428 984 455 1031 et
468 974 615 1031 monendo.

137 1069 236 1122 Vetere
260 1066 364 1138 quippe
387 1063 514 1120 servitute
539 1069 687 1130 transacta,
702 1068 808 1131 tempus
821 1075 900 1116 norm

103 1154 234 1211 libertatis
247 1154 380 1216 illuxerat,
399 1159 425 1208 el
438 1158 589 1222 opportune
602 1151 660 1222 jam
675 1149 777 1204 bomini
800 1148 900 1204 suade·

106 1243 187 1299 batur
213 1250 293 1311 atque
315 1240 471 1307 salubriter,
489 1255 571 1311 qnam
592 1238 677 1294 libero
698 1245 806 1293 creatus
830 1244 901 1292 esset

106 1330 231 1386 arbitrio.
264 1329 398 1385 iliraculis
421 1327 576 1384 conciliavit
600 1326 681 1381 fidem
697 1326 764 1394 Deo,
781 1325 826 1395 qni
843 1325 902 1396 ipse

106 1426 178 1485 erat;
195 1418 324 1488 passione
338 1416 455 1481 bomini,
468 1431 549 1488 quem
565 1415 687 1488 gerebat.
705 1413 840 1469 Satellites
855 1427 902 1468 ve·

16 1552 22 1561 .
107 1505 243 1574 luptatum
272 1503 380 1558 divitias
410 1503 566 1573 perniciose
594 1500 688 1572 populi
717 1499 902 1571 appetebant;

106 1607 213 1664 pauper
226 1607 286 1646 esse
300 1590 397 1646 voluit.
408 1589 564 1645 Honoribus
572 1597 600 1644 et
609 1588 730 1659 imperiis
744 1587 902 1642 inhiabant:

951 812 1007 852 noa
1021 803 1145 867 speratur
1159 795 1289 863 luiturum,
1305 795 1352 850 sed
1367 803 1471 851 tantum
1487 795 1610 868 diligitur
1632 791 1747 860 laetum.

951 885 994 942 iia
1007 901 1072 942 vcro
1086 900 1147 958 quae
1161 883 1280 940 nondum
1294 891 1365 950 sunt,
1381 884 1428 938 sed
1444 882 1533 938 lutura
1552 891 1624 948 sunt,
1639 882 1675 936 ita
1690 897 1752 937 ere-

953 973 1061 1039 duntur,
1077 981 1107 1027 ut
1120 972 1203 1029 etiam
1224 971 1343 1027 videnda
1364 979 1516 1044 sperentur,
1532 978 1559 1027 ιι
1579 969 1659 1026 etlam
1689 969 1754 1024 dili-

953 1070 1069 1136 gantur3
1099 1061 1168 1117 sieut
1182 1067 1223 1117 est
1238 1060 1421 1132 spiritualium
1436 1075 1580 1137 corporum
1597 1067 1754 1126 nostrorum

954 1151 1127 1219 resurrectio,
1142 1149 1205 1205 licet
1218 1149 1324 1217 ostendi
1339 1149 1420 1205 modo
1441 1149 1519 1204 nullo
1541 1147 1646 1220 possint
1660 1147 1751 1205 modo.

955 1237 1021 1308 Quas
1037 1254 1104 1295 reru
1119 1238 1157 1293 ita
1172 1244 1244 1304 sunt,
1260 1246 1288 1292 ut
1302 1252 1391 1309 neque
1406 1245 1576 1308 praetereant,
1592 1251 1681 1308 neque
1704 1235 1752 1301 ln-

954 1330 1015 1382 tura
1031 1327 1093 1392 sint,
1111 1326 1159 1381 sed
1174 1334 1277 1382 aeterna
1292 1334 1484 1396 permancant;
1502 1325 1598 1394 partim
1622 1331 1686 1379 sunt
1707 1323 1753 1378 in·

955 1415 1081 1491 risibilia,
1096 1415 1165 1470 sieut
1180 1413 1311 1483 sapientia
1334 1420 1361 1469 et
1381 1413 1500 1481 institia3
1530 1412 1633 1482 partim
1657 1410 1754 1466 visibi-

955 1503 1004 1569 lia,
1020 1503 1089 1559 sieut
1104 1502 1203 1558 Christi
1214 1502 1270 1571 jam
1286 1501 1436 1556 immortale
1450 1516 1565 1571 corpus.
1586 1499 1640 1555 Sed
1654 1498 1754 1563 inrisi-

957 1590 1022 1645 bilia
1048 1590 1185 1646 intellecta
1212 1589 1425 1660 conspiciuntur,
1445 1604 1477 1644 ac
1502 1604 1550 1659 per
1572 1589 1624 1643 hoc
1644 1595 1671 1641 et
1695 1587 1757 1658 ipso

108 1680 167 1735 ilex
190 1695 251 1734 esse
273 1678 371 1734 noluit.
396 1677 522 1733 Carnales
548 1675 619 1732 lilios
647 1692 776 1748 magnum
803 1675 902 1730 bonum
918 1702 945 1763 Β
960 1679 1042 1734 modo
1057 1678 1175 1750 quedam
1189 1677 1242 1732 sibi
1255 1692 1381 1749 congruo
1391 1676 1533 1740 ridentur;
1550 1684 1577 1732 et
1590 1692 1651 1731 cum
1662 1674 1757 1730 viden-

111 1767 261 1838 putabant;
287 1765 340 1820 tale
362 1768 518 1837 conjugium
546 1764 704 1837 prolemque
732 1763 903 1834 contempsit.

112 1854 298 1910 Contumelias
317 1853 512 1924 superbissime
536 1852 699 1922 horrebant,
721 1867 801 1907 omne
815 1841 906 1923 genus

108 1942 333 2001 contumeliarum
355 1942 489 1996 sustinuit.
509 1941 630 2010 injurias
644 1940 831 1996 intolerabiles
846 1955 906 1994 esse

108 2031 310 2087 arbitrabantur
326 2049 332 2085 τ
348 2047 409 2102 quae
423 2030 510 2098 major
527 2030 636 2100 injuria,
652 2045 731 2099 quam
743 2030 845 2098 justum
860 2028 904 2082 in-

109 2129 307 2192 nocentemque
320 2120 469 2175 damnarit
488 2120 601 2174 Dolores
626 2117 749 2187 corporis
776 2130 905 2172 exsecra-

107 2209 227 2275 bantur;
257 2207 410 2280 llagellatus
434 2215 515 2276 atquc
540 2207 676 2261 eruciatus
689 2212 740 2259 est.
761 2205 828 2260 illuri
844 2219 904 2259 rne-

107 2295 242 2357 tuebant;
259 2302 346 2350 morte
362 2294 491 2348 multatus
505 2301 558 2348 est.
584 2291 796 2365 ignominiosum
817 2306 905 2361 genus

106 2383 204 2438 mortis
217 2396 325 2437 crucem
337 2381 485 2451 putabant;
502 2379 646 2435 crucifixus
661 2387 713 2435 est.
730 2379 828 2435 Omnia
844 2395 904 2449 quae

107 2469 208 2524 habere
231 2469 371 2539 cupientes
383 2484 437 2523 non
453 2475 527 2523 recte
540 2468 710 2534 vivebamus,
726 2467 844 2522 carendo
860 2467 904 2521 vl-

107 2556 207 2612 leiecit.
229 2556 325 2611 Omnia
341 2573 402 2627 quoe
415 2557 502 2611 vitare
521 2558 661 2628 cupientes
684 2573 700 2610 a
722 2555 830 2626 pictatis
844 2563 903 2611 stu-

107 2645 153 2705 dia
167 2644 358 2711 deviabamus,
375 2644 552 2714 perpetiendo
567 2644 674 2712 dejecit.
697 2644 806 2698 Nullum
829 2644 903 2698 enim

107 2740 248 2801 peecatum
272 2732 404 2787 committi
426 2740 523 2803 potest,
539 2732 590 2785 nisi
605 2733 670 2787 dum
683 2740 845 2803 appetuntur
859 2747 902 2797 ea,

107 2835 168 2890 quae
186 2820 231 2875 ille
245 2821 424 2891 contempsit;
441 2829 486 2874 ant
506 2820 657 2891 lugiumur,
682 2836 743 2892 quae
756 2819 807 2878 ¹ille
822 2820 904 2874 susti·

107 2908 175 2963 nuit.
204 2909 273 2964 Tela
300 2909 382 2979 igitur
402 2908 456 2963 rita
478 2908 538 2977 ejus
552 2909 580 2963 in
596 2908 684 2973 terris,
699 2923 751 2979 per
765 2908 903 2963 bominem

107 3011 187 3066 quem
202 2995 341 3064 suscipere
356 2996 548 3067 dignatusest,
564 2996 706 3066 disciplina
721 3010 826 3051 morum
841 2995 900 3051 luit.
926 3045 940 3071 ,

106 3081 173 3151 Qua
186 3099 247 3138 cum
262 3084 449 3139 incunctanter
469 3083 622 3151 creduntur,
639 3092 665 3138 et
679 3099 740 3139 cum
755 3083 808 3139 fide
822 3085 901 3155 cogi·
915 3052 941 3108 ⁴⁴

106 3176 199 3224 tantur
216 3170 251 3224 ed
273 3170 439 3242 diligendum
468 3171 541 3242 quod
569 3170 695 3240 ereditur,
712 3179 737 3226 et
756 3172 902 3226 ridendum

106 3257 178 3313 sicut
193 3258 322 3326 creditur,
334 3258 398 3328 quid
409 3259 460 3314 nisi
475 3259 618 3315 mundatur
633 3274 694 3329 cor,
707 3259 742 3313 ad
756 3259 903 3316 videndum

107 3346 181 3417 qued
196 3346 302 3401 mundis
316 3347 447 3402 cordibus
462 3348 645 3417 promittitur?

143 3432 276 3502 Quoniam
291 3450 357 3490 vero
371 3434 462 3490 divina
477 3435 652 3505 providentia
667 3450 722 3491 nen
736 3436 824 3492 solum
844 3435 904 3490 sin-

109 3522 181 3592 gulis
195 3523 352 3578 bominibus
363 3523 439 3595 quasi
454 3523 592 3594 privatim,
609 3524 658 3579 sed
674 3531 701 3578 ιι
716 3524 842 3581 universo
857 3527 905 3580 hu·

111 3624 193 3664 niano
207 3611 300 3681 generi
325 3619 452 3680 tanquam
477 3611 583 3681 publice
605 3612 735 3676 ccnsulit;
756 3612 820 3680 quid
844 3629 904 3668 cum

109 3694 227 3766 singulis
254 3705 358 3768 agatur,
375 3699 435 3768 ipse
450 3699 524 3752 Deus
539 3697 599 3763 scit,
612 3698 659 3770 qui
675 3698 741 3768 agit,
757 3707 837 3768 atque
854 3699 906 3770 ipsi

111 3795 173 3835 cnm
187 3780 285 3850 quibus
299 3782 389 3852 agitur
401 3781 510 3841 sciunt:
534 3781 599 3852 quid
622 3788 711 3836 autern
733 3791 830 3852 agatur
844 3797 905 3839 cum

112 3882 216 3938 genere
230 3868 349 3923 humano
372 3885 420 3939 per
443 3868 585 3923 historiam
608 3869 790 3923 commendari
811 3870 904 3937 voluit,

114 3961 141 4009 ιι
155 3971 204 4025 per
217 3956 395 4026 prophetiam,
411 3963 438 4011 et
460 3956 494 4010 nd
515 3964 659 4024 utrumque
685 3954 753 4011 fides
782 3957 907 4019 lrabeada

113 4044 406 4114 est,ntnnusquiaque
434 4043 574 4098 bominum
602 4043 731 4112 lidelium,
760 4052 788 4100 et
813 4061 845 4100 ex
874 4059 907 4100 eo

113 4130 187 4200 quod
216 4130 374 4202 signieriter
388 4147 404 4186 a
419 4132 477 4187 Deo
492 4131 606 4200 accepit,
622 4141 647 4187 et
663 4149 697 4188 ex
712 4147 745 4188 eo
758 4133 830 4204 quod
845 4148 907 4188 cunr

112 4232 214 4289 genere
239 4219 366 4288 humano,
389 4219 482 4275 credat
504 4217 619 4275 fideliter
633 4236 697 4275 cum
713 4221 770 4276 lieo
786 4221 908 4291 spiritum

115 4322 205 4361 suum.
230 4307 427 4376 Temporelinm
441 4317 530 4363 antem
546 4325 636 4363 rerum
651 4307 729 4374 fides,
743 4309 802 4366 sive
816 4309 908 4364 visibi-

959 1775 1013 1834 tur‚
1042 1767 1129 1823 multo
1148 1766 1265 1822 certiora
1284 1772 1367 1831 sunt,
1387 1780 1469 1836 quam
1496 1780 1528 1819 ea
1551 1779 1611 1835 quae
1634 1765 1758 1835 eorporis

959 1870 1054 1910 sensus
1080 1854 1200 1925 attingit.
1223 1853 1278 1909 Sed
1301 1852 1363 1908 ideo
1378 1851 1506 1908 dicuntur
1520 1851 1677 1917 invisibilia„
1693 1853 1758 1923 quia

960 1942 1045 1999 oculis
1060 1941 1119 1997 istis
1131 1941 1286 1997 carnalibus
1301 1940 1385 1996 videri
1409 1941 1520 1995 omnine
1548 1955 1602 1995 non
1631 1948 1756 2011 possunt.

958 2034 992 2087 At
1007 2030 1053 2085 illa
1067 2046 1128 2101 qum
1148 2029 1266 2085 risibilia
1295 2037 1355 2084 sunt
1382 2028 1577 2099 permanentia,
1593 2037 1716 2099 possunt,
1732 2030 1757 2097 si

959 2118 1147 2185 ostendantur,
1163 2116 1246 2172 etiam
1261 2118 1305 2171 his
1318 2116 1508 2188 corporalibus
1521 2115 1606 2171 oculis
1629 2116 1735 2172 ostendi
1748 2136 1755 2183 ;

958 2206 1027 2261 siout
1043 2205 1174 2261 Dominus
1188 2205 1364 2274 semetipsum
1378 2204 1522 2275 discipulis
1538 2211 1601 2276 post
1613 2220 1756 2261 resurrec-

957 2295 1058 2349 tionem
1087 2292 1207 2348 ostendit
1231 2291 1340 2361 (Matri.
1366 2295 1485 2360 ravist),
1514 2300 1540 2347 et
1571 2300 1632 2363 post
1659 2307 1758 2348 escen-

957 2381 1064 2437 sionem
1084 2381 1167 2436 Paulc
1190 2381 1314 2453 apostolo
1340 2381 1366 2451 (l
1390 2379 1451 2437 Cor.
1481 2380 1527 2449 xv)
1555 2388 1582 2434 ct
1611 2379 1752 2459 Stepbapp

958 2468 1073 2525 diacone
1097 2470 1170 2538 (ιιι.
1191 2470 1253 2539 vn).
1277 2468 1393 2524 Proinde
1419 2468 1472 2522 ista
1501 2467 1620 2522 visibilia
1646 2483 1760 2539 perma-

957 2557 1049 2612 nentia
1063 2559 1100 2611 ita
1115 2557 1262 2621 credimus,
1279 2564 1317 2622 ut,
1331 2556 1439 2613 etiamsi
1454 2571 1506 2610 non
1521 2555 1756 2624 demonstrentur,

958 2661 1101 2717 speremus
1114 2661 1147 2700 ea
1161 2660 1213 2700 nos
1233 2644 1396 2717 quandoque
1411 2645 1533 2710 visuros3
1560 2659 1611 2699 nec
1625 2659 1658 2699 ea
1672 2658 1758 2707 cone·

957 2750 1019 2788 ntur
1033 2734 1136 2789 ratione
1150 2733 1341 2805 intellectuque
1356 2732 1598 2802 eornproliendere,
1609 2733 1665 2786 nisi
1678 2739 1706 2786 ut
1721 2747 1755 2788 ea

958 2822 1021 2892 quia
1035 2821 1151 2876 visibilia
1165 2828 1237 2886 sunt,
1253 2820 1290 2874 ab
1303 2820 1485 2875 invisibilibus
1499 2821 1575 2890 quasi
1595 2820 1751 2885 distinctius

957 2910 1122 2980 cogitemus,
1139 2909 1304 2979 cogitatione
1319 2924 1352 2962 ιιι
1367 2908 1438 2963 sicut
1459 2906 1628 2963 occurrerint
1653 2907 1756 2981 imagi-

958 3002 1065 3063 nantes,
1081 3011 1143 3052 cam
1157 2996 1259 3066 saepius
1273 2994 1352 3050 aliter
1374 2995 1436 3059 siat,
1461 3010 1543 3066 quam
1564 2994 1700 3066 quomodo
1724 3010 1757 3051 ea

956 3084 1148 3156 imaginamur.
1169 3083 1302 3139 iustitiam
1316 3098 1383 3139 vere
1397 3090 1425 3138 et
1439 3083 1616 3154 sapientiam,
1632 3091 1658 3137 et
1671 3082 1753 3155 quid-

957 3173 1023 3245 quid
1047 3172 1184 3242 ejusmodi
1199 3176 1250 3244 est,
1266 3187 1322 3226 non
1346 3171 1424 3226 aliter
1446 3171 1649 3243 imaginamur;
1677 3170 1755 3226 aliter

956 3267 1134 3327 conteremur3
1159 3259 1208 3315 sed
1226 3260 1284 3314 baec
1298 3259 1446 3314 invisibilia
1460 3260 1559 3314 mentis
1575 3267 1655 3330 atque
1669 3260 1755 3315 ratio-

956 3348 1000 3404 nis
1014 3349 1162 3404 intentione
1185 3348 1324 3403 intellecta
1347 3348 1531 3417 conspicimus
1546 3348 1605 3403 sine
1619 3348 1681 3402 ullis
1697 3347 1756 3403 lor-

957 3435 1009 3490 mis
1031 3435 1075 3490 vel
1100 3437 1216 3491 molibus
1240 3435 1443 3506 corporalibus;
1459 3435 1518 3490 sine
1534 3435 1595 3489 ullis
1610 3434 1705 3510 liguris
1721 3435 1758 3489 li-

958 3523 1163 3596 neamentisque
1176 3524 1372 3587 membrorum,
1389 3522 1447 3578 sine
1464 3522 1525 3587 ullis
1540 3522 1670 3578 localibus
1694 3520 1758 3578 fini·

958 3612 1019 3675 bus,
1035 3611 1093 3666 sive
1107 3610 1204 3682 spatiis
1222 3610 1349 3664 infinitis.

994 3698 1123 3755 Similiter
1149 3706 1310 3753 contuemur
1325 3701 1353 3752 et
1367 3696 1459 3753 lumen
1473 3698 1572 3770 ipsum,
1589 3713 1643 3768 quo
1658 3700 1759 3753 cuncta

959 3787 1011 3842 ista
1020 3769 1209 3850 discernimus,
1219 3784 1338 3857 speciem
1349 3785 1452 3840 scilieet
1460 3791 1570 3841 aeiernre
1581 3786 1697 3851 rationis
1711 3804 1717 3840 ε
1730 3785 1759 3839 in

961 3889 1014 3947 qua
1028 3873 1108 3928 nobis
1124 3873 1190 3926 satis
1204 3880 1325 3943 apparet,
1342 3873 1406 3943 quid
1421 3873 1565 3927 credamus
1576 3873 1758 3945 incognitum,

961 3961 1026 4035 qnid
1040 3960 1180 4032 cognitum
1195 3967 1334 4015 teneamus
1350 3978 1357 4015 ι
1374 3975 1454 4029 quarn
1471 3959 1585 4015 formam
1600 3976 1683 4015 sensu
1697 3975 1762 4015 cor-

960 4049 1038 4119 poris
1051 4048 1232 4115 recordemur,
1244 4062 1324 4117 quam
1339 4048 1505 4119 cogitatione
1519 4047 1655 4121 tingamus
1667 4066 1673 4110 ;
1691 4049 1759 4130 quid

961 4137 1083 4206 corporis
1099 4151 1195 4191 sensus
1215 4136 1338 4208 attingat,
1361 4135 1425 4207 quid
1456 4137 1624 4208 imaginetur
1649 4137 1762 4192 animus

962 4224 1049 4279 simile
1063 4224 1181 4294 corpori,
1197 4223 1262 4296 quid
1281 4231 1382 4278 certum
1412 4232 1439 4279 et
1467 4225 1587 4279 omnium
1616 4239 1761 4296 corporum

963 4310 1173 4367 dissimillimam
1189 4311 1365 4383 intelligentie
1379 4312 1584 4382 contempletur.
1615 4313 1672 4367 Hoc
1687 4312 1762 4368 enim

114 4392 190 4458 lium,
207 4395 264 4448 aire
279 4395 463 4463 invisibilium,
481 4397 568 4468 magis
592 4396 730 4451 credendo
758 4412 839 4466 qnam
867 4396 908 4450 in·
923 4385 948 4445 [l
962 4401 1063 4467 lumea,
1085 4399 1131 4454 ubi
1155 4400 1214 4454 haec
1239 4408 1335 4454 cuncta
1362 4398 1554 4471 dijudicantur,
1577 4416 1631 4455 non
1657 4399 1762 4477 utique,

116 4481 264 4554 telligendo
285 4484 371 4546 valet:
398 4485 444 4538 ubi
468 4484 518 4538 nisi
543 4484 670 4540 credatur
697 4483 770 4555 quod
798 4483 907 4551 dicitur,

113 4570 190 4627 nulla
220 4587 330 4643 prorsus
357 4573 460 4627 ratione
481 4573 509 4626 id
532 4572 692 4641 persuaderi
708 4578 806 4641 potest.
825 4573 911 4641 liujus

115 4675 183 4733 ergo
196 4661 337 4732 religionis
355 4661 489 4715 sectandae
503 4668 584 4730 caput
598 4668 638 4717 est
652 4659 765 4714 historia
789 4667 816 4714 et
843 4674 912 4729 pro·

115 4749 208 4820 phetin
235 4749 396 4820 temporalis
419 4748 632 4818 dispensationis
646 4749 748 4803 divinar
762 4746 911 4818 provideo-

116 4838 171 4902 iias,
187 4853 238 4906 pro
253 4839 337 4893 seinte
350 4837 460 4909 generis
478 4837 587 4891 humani
615 4837 641 4890 in
670 4845 800 4892 aeternam
829 4835 910 4891 vitam

117 4922 284 4983 reformandi
300 4932 380 4995 atque
395 4923 553 4993 reparandi.
577 4923 644 4992 Quae
658 4939 720 4980 cum
736 4925 836 4979 credita
851 4923 911 4978 lue·

118 5023 180 5090 rint,
191 5029 310 5076 mentera
326 5022 455 5093 purgabit
466 5023 529 5076 vitae
543 5022 639 5076 nundus
654 5022 753 5076 divinis
767 5020 912 5092 praeceptis

116 5117 287 5186 conciliatus,
317 5125 344 5170 et
370 5118 502 5187 exemplis
515 5117 714 5186 conformatus;
743 5124 770 5171 ιι
785 5115 911 5171 idoneam

120 5218 201 5273 faciet
219 5214 407 5287 spiritualibus
426 5214 618 5286 percipiendis,
635 5231 696 5279 quiae
710 5230 761 5271 uec
775 5213 913 5286 praeterita

117 5321 178 5368 sunt
192 5329 243 5369 nec
258 5314 363 5380 lutura;
383 5312 431 5367 sed
446 5313 541 5368 eodem
566 5313 646 5369 niodo
668 5329 776 5383 semper
798 5328 912 5368 manen-

118 5411 165 5480 tia,
181 5418 207 5465 et
221 5409 288 5464 nulli
304 5409 474 5483 mutabilitati
501 5409 635 5475 obnoxia3
660 5410 688 5464 id
704 5417 756 5476 est,
771 5425 854 5479 unum
867 5409 912 5480 ip-

119 5521 179 5561 sum
194 5507 291 5575 Deum,
308 5507 423 5572 Patrem,
438 5504 586 5574 etlilium,
617 5515 642 5562 ot
671 5506 800 5578 Spiritum
826 5521 910 5563 sanc*

963 4487 1031 4542 sicut
1046 4488 1124 4556 huius
1138 4486 1204 4542 sciis
1218 4490 1245 4541 ιι
1260 4487 1390 4559 cujusque
1413 4488 1537 4558 corporei
1565 4487 1675 4542 luminis
1703 4487 1762 4542 lul-

963 4591 1024 4647 gcr,
1039 4591 1090 4646 per
1112 4575 1209 4630 localia
1235 4575 1322 4645 spatia
1348 4576 1559 4645 circumquaque
1590 4574 1761 4647 diffunditur,

963 4671 1134 4731 mentemque
1147 4670 1267 4718 nostram
1281 4663 1359 4734 quasi
1381 4663 1481 4717 visibili
1507 4664 1659 4733 splendore
1673 4663 1763 4718 cellu-

963 4758 1042 4819 strat;
1056 4750 1104 4804 sed
1115 4750 1286 4805 invisibiliter
1313 4759 1339 4805 ιι
1368 4749 1552 4819 ineffabiliter,
1569 4760 1596 4807 ιι
1614 4760 1701 4806 umen
1713 4751 1760 4805 in·

963 4847 1151 4919 telligibiliter,
1167 4847 1260 4904 lucet:
1279 4857 1387 4920 tamque
1405 4848 1485 4903 nobis
1500 4857 1601 4905 certum
1617 4855 1668 4917 est,
1682 4863 1763 4917 quam

964 4945 1043 5001 nobis
1064 4943 1144 5000 efficit
1172 4952 1253 5010 certa,
1281 4961 1341 5016 quse
1369 4945 1519 5002 seeundum
1545 4945 1634 5016 ipsum
1661 4951 1761 5000 cuncta

964 5041 1155 5113 conspicimus.

1000 5138 1068 5193 Cum
1083 5144 1174 5193 autem
1188 5137 1237 5193 tria
1248 5137 1301 5192 sint
1314 5153 1403 5193 rerum
1429 5154 1530 5210 genera
1544 5154 1608 5211 quse
1623 5138 1760 5203 videntur,

965 5243 1047 5282 unsrun
1072 5240 1241 5294 corporeum,
1258 5224 1328 5280 sicut
1343 5225 1395 5281 hoc
1410 5227 1509 5281 coelum
1524 5234 1552 5279 et
1567 5234 1637 5280 terre
1657 5225 1720 5291 ista.
1736 5233 1764 5283 et

965 5323 1096 5401 quidquid
1109 5322 1137 5379 in
1152 5322 1192 5377 eis
1207 5337 1356 5394 corporeus
1370 5339 1466 5376 sensus
1488 5325 1577 5378 cernit
1603 5331 1630 5381 et
1654 5322 1761 5397 tangit3

965 5420 1080 5476 alterum
1096 5417 1183 5473 simile
1197 5418 1395 5488 corporalibus,
1412 5420 1482 5474 siout
1494 5426 1558 5473 sunt
1571 5434 1605 5474 ea
1616 5435 1679 5490 quae
1701 5419 1761 5491 spi·

963 5507 1016 5565 ritu
1029 5504 1150 5578 cogitata
1173 5504 1365 5576 imaginamur,
1382 5506 1440 5562 sire
1452 5504 1595 5563 recordata
1609 5504 1654 5564 rel
1668 5504 1764 5562 ablata
