3728 6000
114 241 164 299 ΒΜ
699 240 747 297 DE
767 240 1012 299 SACRAMENTO.
1030 272 1065 286 -
1079 243 1145 301 tta.
1160 241 1185 297 Ι.
1715 258 1768 317 802

114 370 177 442 ipsc
190 366 277 424 dicit:
296 367 349 437 Qut
362 366 520 424 munducat
532 382 648 423 curnem
676 382 779 431 mum,
796 370 823 422 et
843 366 913 422 bibit
925 366 956 431 Α
970 365 1057 422 bonis.
1072 368 1150 424 Unde
1171 367 1251 423 eliam
1272 370 1437 441 Augustinus
1460 371 1487 427 in
1510 374 1576 444 psal.
1600 391 1647 431 niv
1667 380 1761 445 (tract.

113 458 283 531 sanquinem
297 458 510 522 meum,a'nme
529 455 914 528 maneteteqoineo.Sliu
968 455 1229 527 xxvrrinloau.,n.
1247 459 1442 529 ll,cot.50t):
1471 484 1482 511 ι
1503 464 1584 519 Verba
1603 482 1665 537 que
1683 469 1761 526 loeu-

112 561 157 602 me
171 552 264 601 manet
278 549 305 601 et
324 559 376 616 eqo
389 543 418 598 in
433 559 476 614 eo,
492 550 559 599 tunc
573 542 719 600 manducat
731 551 758 598 et
773 542 850 598 bibit.
862 541 915 611 Qui
970 548 1086 602 tuscum
1097 547 1308 619 unimammas
1318 553 1346 605 et
1361 550 1420 605 vita
1435 555 1513 606 sunt.
1529 552 1765 628 Intellexistisspi·

111 643 203 690 autem
218 633 246 688 in
261 647 307 689 me
320 648 375 688 non
390 636 484 689 manet
494 648 545 689 uec
565 647 620 705 ego
637 632 664 687 iu
679 647 722 700 eu,
739 639 766 687 et
779 631 801 686 si
815 631 916 703 accipit
968 633 1111 702 ritualiter,
1126 636 1235 705 spiritus
1260 646 1286 692 et
1309 638 1363 693 vita
1389 644 1476 704 sunt;
1502 639 1675 713 intellexistis
1700 661 1764 701 car·

112 730 324 788 sacramentum,
366 721 484 793 acquirit
526 737 655 794 maguum
695 728 868 777 tormentum.
900 741 912 769 a
967 722 1075 790 naliter,
1102 724 1183 778 etiam
1203 725 1242 780 sic
1265 725 1312 781 illa
1340 727 1449 798 spiritus
1477 735 1503 784 et
1527 729 1581 786 vita
1608 740 1693 802 sunt;
1716 735 1766 791 sed

113 812 195 882 Quod
209 827 265 868 non
279 811 377 868 dicitur
392 809 503 883 quidem
518 811 596 882 quasi
626 812 746 866 Christus
774 826 790 865 a
818 825 913 865 sacra·
967 811 1084 868 tibinou
1103 821 1177 869 sunt.
1202 814 1381 885 Spiritualiter
1405 817 1547 889 intelligite
1574 835 1634 891 quta
1661 821 1765 880 locutus

112 908 205 958 meato
220 917 270 958 suo
283 908 397 973 propter
410 900 545 955 malitiam
574 900 690 970 alicujus
715 899 849 955 sumentis
865 915 912 954 se·
967 916 1037 955 sum.
1054 924 1065 949 a
1083 901 1157 958 Sicut
1171 919 1239 976 erqo
1258 905 1343 960 verba
1369 907 1544 978 spiritualiter
1572 908 1709 967 intellecta
1739 921 1765 969 et

112 990 570 1064 pareturquantumadveritatem
592 1006 650 1045 suae
677 988 848 1055 substantia,
864 986 912 1042 scd
967 1004 1022 1043 non
1047 989 1193 1060 intellecta,
1222 1009 1330 1065 semper
1349 995 1460 1064 spiritus
1489 1005 1515 1052 et
1542 996 1695 1056 vitasunt:
1722 1000 1763 1058 sic

113 1089 244 1152 quantum
260 1080 294 1134 ad
308 1078 433 1135 effectum
448 1095 506 1135 suae
520 1077 631 1152 gratiae;
648 1078 721 1150 quia,
742 1093 914 1149 cumcorpus
968 1092 1066 1148 corpus
1102 1079 1200 1136 Christi
1235 1082 1410 1150 spiritualiter
1446 1091 1473 1140 et
1502 1101 1556 1141 non
1590 1087 1764 1158 spiritualiter

112 1185 193 1225 suum
215 1168 262 1224 det
282 1168 310 1223 iu
336 1175 517 1236 sacramento,
547 1176 575 1222 ut
605 1167 726 1238 perlecta
748 1167 852 1222 unitate
875 1166 913 1223 ita
967 1172 1117 1235 sumptum,
1146 1182 1201 1222 non
1230 1166 1319 1223 miuus
1348 1176 1389 1223 est
1416 1169 1576 1226 inveritate
1604 1173 1762 1245 subsentiae,

112 1260 302 1330 incorporetur
315 1256 425 1328 corpori
451 1271 510 1323 suo,
535 1255 605 1310 utin
620 1272 650 1312 sa
664 1264 770 1311 maneat
786 1263 913 1326 tauquam
967 1253 1092 1324 quamvis
1106 1254 1154 1308 tibi
1169 1271 1233 1321 uon,
1253 1257 1376 1329 quisquis
1404 1257 1516 1331 indique
1544 1260 1655 1331 accipis,
1672 1263 1699 1318 iu
1714 1281 1764 1321 ve·

112 1347 203 1419 capite
214 1361 276 1413 suo,
291 1353 319 1401 at
332 1345 391 1416 ipsa
404 1344 432 1399 in
447 1360 481 1400 eo
500 1354 628 1414 tauquam
643 1344 766 1400 membro
780 1359 840 1410 suo,
857 1360 913 1399 non
967 1341 1047 1396 ritate
1062 1343 1167 1414 gratia.
1184 1342 1391 1413 Quodammodo
1413 1346 1486 1402 euim
1510 1349 1587 1418 quasi
1602 1351 1686 1406 scutis
1700 1368 1765 1409 cor-

110 1442 203 1509 potest
215 1434 288 1490 uniri
307 1442 362 1489 tam
389 1433 518 1488 mundum
546 1441 628 1504 caput
656 1432 727 1489 turdo
752 1440 779 1488 et
806 1432 912 1503 putrido
966 1445 1020 1500 pus
1036 1431 1131 1487 Christi
1146 1433 1282 1503 corporali
1304 1444 1394 1507 gustu,
1424 1437 1471 1492 sed
1488 1452 1542 1492 non
1557 1438 1765 1510 sapisspiritua·

111 1524 250 1582 membro.
275 1523 326 1577 nit
348 1522 421 1577 eninr
440 1521 606 1593 Augustinus
629 1521 657 1576 in
679 1536 805 1578 sermone
828 1537 912 1592 super
965 1517 1220 1591 traduciamus
1244 1531 1344 1592 quanta
1360 1531 1434 1594 parte
1463 1541 1586 1597 saporem
1614 1527 1764 1586 dulcedinis

108 1611 402 1682 toan.ts(tac.ett.):
421 1611 911 1680 aocimanducatme,etipseuiuet
966 1614 993 1662 et
1006 1608 1146 1664 suavitatis
1160 1609 1221 1679 ejus
1235 1627 1290 1666 non
1304 1613 1431 1683 percipis,
1461 1629 1560 1685 corpus
1588 1615 1686 1672 Christi
1716 1618 1764 1676 tibi

107 1705 228 1775 propter
243 1716 298 1756 me.
314 1698 487 1770 Participatio
501 1699 561 1753 Filii
572 1713 622 1770 per
637 1698 769 1753 unitatem
785 1698 948 1785 corporisB
964 1712 1018 1752 non
1034 1702 1086 1762 est,
1102 1698 1176 1769 quod
1191 1708 1281 1754 tamen
1296 1716 1347 1769 pro
1361 1710 1463 1772 quauta
1478 1711 1554 1773 perte
1575 1705 1695 1760 exterius
1709 1723 1759 1763 su-

108 1791 173 1860 ajus
187 1797 215 1845 et
228 1786 381 1861 teugurinis,
398 1786 470 1859 quod
491 1786 541 1841 illa
563 1787 735 1842 manducatio
749 1788 906 1859 potatioque
962 1802 1037 1842 mere
1051 1787 1201 1858 praesumis,
1217 1803 1316 1859 corpus
1331 1790 1432 1846 Christi
1452 1807 1509 1846 non
1536 1792 1626 1848 minus
1639 1802 1690 1862 est,
1705 1795 1761 1853 sic·

107 1877 252 1952 siguificat,
269 1892 319 1933 uos
342 1875 424 1932 efficit
451 1875 591 1931 meliores.
618 1875 741 1931 Vivimus
763 1891 830 1947 ergo
856 1892 906 1932 nos
960 1876 1154 1931 utetverbum
1170 1886 1279 1932 nonest
1301 1879 1415 1935 verbum
1435 1880 1555 1936 audienti
1584 1890 1610 1936 et
1638 1899 1691 1939 non
1720 1885 1761 1940 in·

107 1977 223 2043 propter
248 1968 348 2038 ipsum,
376 1963 572 2020 manducantes
599 1980 672 2029 eum,
700 1963 728 2018 id
755 1973 795 2020 est
817 1966 906 2036 ipsum
960 1964 1103 2036 telllgenti,
1120 1965 1166 2021 sed
1183 1974 1286 2021 tantum
1315 1983 1409 2035 sonus,
1432 1976 1459 2024 et
1483 1978 1642 2026 tamennon
1671 1973 1761 2029 miuus

106 2056 271 2131 accipientes
284 2054 366 2111 tritam
382 2061 523 2119 aeternam,
553 2069 634 2124 quam
658 2068 713 2108 non
741 2053 907 2109 habebamus
960 2060 1002 2108 est
1017 2053 1138 2108 verbum.
1158 2077 1168 2103 ι
1186 2055 1252 2110 Cum
1267 2071 1335 2128 ergo
1364 2056 1562 2129 maloscorpus
1578 2060 1676 2115 Christi
1692 2078 1757 2119 vera

107 2163 142 2204 ex
157 2145 245 2202 uubis.
258 2165 272 2196 a
286 2142 417 2212 Quamvis
429 2153 518 2196 eutem
542 2142 594 2197 ista
618 2141 780 2214 significatio
795 2143 905 2197 unitatis
959 2157 1076 2209 sumere,
1093 2143 1237 2215 ipsumque
1250 2145 1346 2199 ludam
1357 2161 1373 2200 a
1384 2149 1757 2207 summosacerdoterristo

106 2251 163 2293 uon
179 2233 350 2305 compleatur
364 2232 394 2285 in
407 2229 497 2299 malis,
521 2237 550 2284 ut
578 2230 704 2285 meliores
719 2229 866 2286 efficiantur
880 2239 907 2286 et
958 2246 1021 2285 cum
1040 2232 1146 2287 caeteris
1174 2234 1305 2303 apostolis
1332 2235 1469 2306 accepisse
1496 2239 1585 2292 saucti
1612 2244 1755 2311 testentur,

107 2327 201 2385 vivant
222 2332 333 2397 propter
352 2323 451 2387 Deum,
476 2337 530 2377 non
554 2329 643 2376 tamen
665 2322 753 2376 minus
773 2329 815 2377 est
836 2320 904 2377 sub·
959 2328 1108 2375 astructum
1123 2321 1205 2377 etiem
1221 2322 1338 2391 videtur,
1362 2339 1417 2378 uon
1445 2341 1505 2380 esse
1532 2326 1610 2380 nobis
1635 2329 1756 2398 nonium,

105 2414 268 2472 stantialiter
282 2420 309 2468 ct
324 2427 388 2467 vere
404 2426 503 2482 corpus
524 2409 583 2479 ejus
607 2410 811 2481 quodsumunl.
828 2411 904 2467 Unde
958 2408 1320 2467 sianobisveluobiscum
1342 2412 1495 2468 malimule
1524 2421 1634 2470 sumant
1661 2432 1757 2473 secra-

103 2504 275 2578 Augustinus
289 2501 317 2556 iu
331 2501 401 2555 libro
416 2501 485 2555 eDe
496 2499 631 2570 baptismo
641 2500 711 2570 (cup.
728 2502 754 2568 8,
771 2508 836 2554 tom.
852 2501 902 2567 tx,
959 2505 1058 2564 meum,
1083 2514 1145 2554 cum
1171 2499 1253 2555 ludas
1279 2500 1314 2555 ab
1342 2500 1403 2573 ipso
1429 2501 1533 2557 Christo
1560 2519 1621 2559 cum
1650 2505 1756 2562 caeleris

102 2591 162 2650 ccl.
182 2592 233 2646 itt
248 2592 274 2661 );
294 2588 496 2657 aSicutJudas,
507 2588 550 2643 cui
564 2587 713 2643 buccellam
725 2588 833 2643 tradidit
845 2589 903 2644 Do·
958 2585 1088 2657 apostolis
1102 2589 1246 2659 acceperit,
1263 2605 1312 2644 nec
1326 2589 1407 2644 etiam
1424 2605 1440 2644 a
1460 2591 1554 2660 pravis
1580 2592 1669 2647 minus
1692 2610 1757 2650 vere

101 2680 205 2749 minus,
219 2678 383 2735 uoumalunr
394 2676 565 2748 accipiendo,
581 2676 629 2731 sed
639 2677 740 2732 bonurn
751 2676 903 2732 malcacci-
956 2672 1054 2730 couhci
1068 2675 1128 2744 ipsa
1156 2685 1336 2745 sacramenta,
1365 2693 1427 2734 cum
1457 2679 1518 2750 ipse
1549 2680 1674 2750 proditor
1687 2681 1757 2738 tanti

102 2768 215 2843 pianda,
231 2766 361 2823 locumin
383 2781 412 2820 se
432 2764 541 2820 diabolo
570 2764 694 2835 praebuit,
723 2765 762 2819 sic
789 2765 903 2836 indique
957 2762 1037 2818 officii
1065 2764 1241 2820 ministerium
1270 2781 1286 2820 a
1323 2782 1431 2821 summo
1468 2768 1595 2837 pontifice
1621 2770 1758 2840 accipiens

103 2856 220 2930 quisque
235 2870 346 2911 sumens
361 2853 532 2910 Dominicum
554 2860 756 2908 sacramentum
772 2869 826 2909 non
841 2853 902 2909 effi·
957 2867 1017 2907 cum
1026 2851 1298 2923 caeteris,lloesucite
1308 2855 1439 2911 tumeam
1450 2860 1757 2930 commemorationem,

101 2947 152 3014 cit,
166 2953 198 3002 ul
211 2944 275 3018 quia
292 2944 350 3013 ipse
364 2941 452 2997 malus
466 2950 517 3010 est,
529 2942 633 2996 malurn
648 2942 692 3009 sit,
708 2950 754 2997 aut
768 2943 902 3015 quianon
957 2940 1080 2997 audierit.
1097 2942 1124 2996 si
1139 2941 1222 3011 enim,
1237 2943 1306 2998 sicut
1321 2943 1344 2998 ei
1367 2959 1384 2998 a
1407 2943 1524 3001 Domino
1539 2945 1684 3015 injunctum
1700 2948 1760 3006 sue·

100 3033 269 3094 adsalutem
290 3031 396 3101 accipit,
426 3030 493 3085 nihil
521 3031 667 3101 acceperit.
697 3032 802 3102 Corpus
829 3032 903 3086 enim
916 3080 941 3143 C
958 3033 1009 3092 rat,
1025 3044 1129 3100 eorpus
1143 3029 1250 3084 Domini
1273 3030 1447 3099 coniecisset,
1478 3033 1599 3103 nunquid
1623 3037 1758 3091 veremi-

103 3122 256 3181 Dominiet
275 3119 385 3194 sanquis
412 3118 522 3174 Domini
549 3119 725 3174 nihilomiuus
751 3127 809 3175 erat
823 3120 901 3175 etiarn
956 3134 1007 3172 nus
1032 3117 1065 3173 ab
1093 3117 1152 3189 ipso
1180 3134 1274 3189 pravo,
1304 3136 1384 3191 quam
1410 3138 1425 3176 a
1454 3122 1550 3191 quovis
1569 3122 1641 3179 bono
1657 3124 1757 3181 sactum

102 3211 171 3279 illis,
186 3210 220 3266 de
238 3207 457 3281 quibusdicebat
477 3205 904 3276 Apostolus:Quimunducatet
958 3205 1158 3275 iuisscttQuia
1177 3207 1251 3261 euim
1272 3209 1356 3264 Judas
1385 3219 1528 3265 accusatus
1559 3220 1584 3266 et
1611 3212 1755 3270 damnatus

105 3297 314 3370 matusalem,
322 3296 527 3370 judiciumsihi
537 3296 691 3353 inanducat
702 3298 814 3353 estitit.
830 3297 903 3360 Quia
957 3310 1011 3349 nou
1027 3294 1124 3360 luerat,
1140 3294 1201 3350 ideo
1223 3295 1345 3351 Christus
1373 3298 1568 3353 conscientium
1598 3299 1658 3368 ejus
1687 3318 1755 3372 per-

102 3385 694 3462 arqosuperiussatisastruetumestquod
710 3386 903 3456 corpusChri-
956 3399 1075 3448 uersam,
1093 3383 1215 3454 quamvis
1238 3384 1291 3437 sihi
1309 3392 1412 3453 nolam,
1442 3386 1572 3441 damnare
1600 3388 1696 3457 noluit,
1726 3397 1756 3444 ut

101 3477 140 3534 ati
152 3476 316 3532 manducare
331 3474 358 3528 in
377 3473 490 3529 veritate
511 3472 671 3529 substantiae
692 3482 810 3546 possunt
822 3475 903 3530 etiam
957 3487 1007 3528 nos
1017 3472 1170 3538 instrueret,
1198 3471 1271 3541 quod
1300 3472 1453 3544 aliquorum
1469 3475 1600 3550 pravitas,
1617 3492 1752 3534 necaon-

99 3564 180 3633 mali,
195 3565 223 3619 iu
237 3563 349 3620 veritate
363 3567 453 3617 autem
463 3562 611 3632 spiritualis
618 3563 715 3634 gratiae
727 3570 839 3634 possunt
847 3570 904 3618 tan·
957 3560 1120 3630 versatione,
1148 3575 1199 3615 nec
1220 3568 1450 3617 sacramentorum
1479 3565 1685 3620 consecratione
1711 3566 1757 3623 vel

101 3653 246 3712 tummudo
259 3652 334 3719 boni,
351 3667 412 3708 cum
426 3651 508 3706 etiam
518 3651 642 3722 superius
655 3651 755 3707 dictum
770 3652 814 3718 sit,
830 3650 904 3723 quod
957 3649 1227 3720 comparticipatione
1241 3649 1319 3705 bonis
1346 3650 1516 3722 aliquatenus
1534 3668 1633 3708 nocere
1657 3655 1754 3725 possit.

104 3741 261 3815 corporalia
276 3748 444 3796 sacramenta
457 3749 521 3794 sunt
536 3740 614 3811 quasi
629 3739 753 3812 quadarn
768 3739 852 3795 verba
867 3739 905 3794 ri·
958 3738 1035 3794 Unde
1050 3737 1215 3809 Augustinus
1230 3738 1256 3791 in
1272 3738 1342 3794 libro
1367 3738 1423 3811 (lb)
1444 3741 1483 3795 De
1497 3755 1613 3811 corpore
1628 3741 1754 3799 Domini:

104 3833 234 3900 deamua,
249 3829 272 3885 si
286 3830 314 3884 iu
328 3829 418 3885 verbis
432 3828 545 3884 accedat
559 3829 638 3883 etiam
653 3828 743 3900 aliqua
756 3828 905 3884 similitudo
961 3827 1064 3881 «lutra
1079 3826 1237 3883 catholicam
1270 3826 1422 3883 Ecclesiam
1436 3828 1464 3882 in
1493 3829 1620 3900 mysterio
1635 3833 1757 3905 eorporis
1808 3836 1813 3840 '

105 3920 302 3978 adhererem
312 3916 538 3973 manifestandam
549 3918 732 3973 sacramentis.
746 3917 821 3974 Sicut
831 3917 905 3972 enim
960 3915 1057 3971 Christi
1072 3931 1087 3968 a
1101 3914 1173 3971 bono
1189 3914 1287 3985 majus,
1303 3915 1371 3971 nihil
1385 3932 1400 3970 a
1428 3918 1499 3973 malo
1513 3919 1605 3975 miuus
1620 3919 1758 3991 perficitur

105 4009 228 4067 verbum
244 4015 283 4064 est
296 4021 387 4075 sonus,
403 4004 561 4078 significans
584 4014 611 4062 et
625 4008 767 4062 continens
795 4006 906 4062 intelle·
960 4002 1114 4073 sacerdote,
1129 4004 1264 4076 quianon
1286 4004 1314 4059 in
1338 4005 1436 4061 merito
1451 4007 1649 4077 consecrantis,
1666 4010 1714 4066 sed
1728 4008 1757 4067 in

104 4107 193 4168 mum,
206 4096 245 4152 ita
258 4103 458 4151 sacramentum
473 4102 513 4150 est
524 4096 630 4167 species
643 4096 732 4166 panis,
747 4093 907 4167 significans
960 4093 1044 4149 verbo
1057 4090 1171 4147 efficitur
1186 4091 1332 4162 Creatoris,
1344 4102 1371 4148 et
1380 4092 1408 4147 iu
1419 4093 1519 4150 virtute
1533 4095 1648 4167 Spiritus
1662 4098 1758 4156 sancti.

105 4195 139 4246 et
154 4185 298 4244 couhnens
312 4185 459 4241 Christum.
479 4184 906 4255 Etsicutverbumaquibusdam
961 4181 989 4238 Si
1006 4181 1078 4237 eninr
1095 4179 1235 4236 inmerito
1259 4186 1334 4236 esset
1358 4183 1515 4249 sacerdotis,
1532 4200 1707 4256 nequaquam
1726 4186 1761 4244 ad

105 4275 222 4333 auditur
236 4278 263 4330 et
278 4273 446 4346 intelligitur,
460 4272 537 4328 etsie
547 4273 907 4345 omnimodispercipitur,a
961 4270 1097 4326 Christum
1113 4269 1295 4341 pertiueret.»
1319 4269 1385 4326 item
1400 4272 1565 4343 Augustinus
1594 4273 1628 4327 ad
1645 4275 1756 4331 Parme-

102 4362 267 4439 quibusdam
282 4378 349 4421 vero
363 4362 480 4429 auditur,
494 4361 543 4417 sed
556 4377 610 4417 uon
619 4361 788 4435 intelligitur,
805 4369 831 4418 et
843 4370 906 4419 tuuc
961 4359 1071 4414 alanum
1085 4358 1156 4415 libro
1177 4374 1196 4413 n
1222 4361 1294 4429 (cap.
1311 4361 1355 4423 lo,
1371 4366 1392 4414 t.
1408 4359 1456 4429 llt,
1471 4360 1522 4414 eol.
1538 4360 1601 4429 llll:
1634 4362 1689 4417 ltu
1704 4378 1761 4420 om·

104 4451 257 4527 percipitur
271 4451 380 4523 quidem
390 4450 512 4505 exterius
520 4464 586 4505 aure
601 4457 732 4521 quantum
747 4450 783 4504 ad
796 4465 903 4521 sonum,
919 4428 1043 4504 Dnibus
1058 4446 1253 4520 questionibus
1268 4445 1476 4519 intelligendum
1492 4447 1680 4520 admonemus,
1696 4452 1761 4524 quia

104 4554 167 4598 non
182 4539 266 4597 etiam
277 4539 393 4595 interius
402 4538 484 4595 eorde
506 4546 635 4607 quantum
664 4539 699 4593 ad
727 4537 904 4608 intellectum,
961 4537 1063 4593 scillcet
1076 4536 1167 4591 omnia
1181 4543 1349 4590 sacramenta
1371 4551 1434 4590 cum
1461 4535 1554 4591 obsint
1581 4537 1692 4610 indigue
1709 4552 1760 4596 tra-

104 4642 161 4688 nec
174 4629 264 4684 miuus
277 4637 368 4684 tamen
380 4627 502 4684 continet
516 4626 679 4682 intellectum
695 4627 718 4681 si
733 4642 788 4682 non
802 4627 906 4682 intelli·
961 4626 1109 4691 etantibus,
1133 4630 1247 4696 prosunt
1275 4630 1365 4678 tameu
1392 4640 1443 4695 per
1463 4639 1511 4679 eos
1535 4624 1617 4696 digne
1632 4630 1761 4685 sumenti·

107 4718 194 4794 gitur,
205 4732 286 4791 quain
302 4718 383 4772 habet
396 4731 494 4771 sonum
509 4715 533 4770 si
547 4731 602 4771 uon
616 4716 728 4771 auditur
743 4734 749 4779 ;
766 4716 805 4772 sic
819 4717 908 4772 iucre-
962 4715 1022 4770 bus.
1040 4734 1052 4764 a
1069 4714 1137 4768 ltem
1152 4711 1317 4784 augustiuus
1340 4719 1434 4767 coulra
1462 4712 1636 4768 Donatistas:
1656 4736 1667 4766 ι
1685 4717 1760 4772 com.

107 4808 191 4864 dulus
205 4807 249 4863 ret
263 4805 400 4878 indiguus,
415 4819 461 4860 ore
487 4804 597 4876 quidem
613 4806 695 4859 sumit
708 4814 909 4861 sacramentum
963 4802 1056 4858 munio
1071 4800 1202 4856 malorum
1217 4815 1272 4854 uon
1287 4800 1405 4855 maculat
1426 4800 1542 4872 aliquem
1558 4802 1761 4876 participatione

109 4895 234 4954 exterius
247 4895 275 4949 in
289 4894 367 4966 panis
381 4894 482 4964 specie,
499 4909 550 4949 uec
572 4901 664 4949 tamen
687 4894 801 4949 interius
829 4893 910 4949 sumit
964 4899 1206 4956 sacramentorum,
1223 4887 1271 4944 sad
1285 4889 1468 4945 consensione
1493 4890 1637 4947 tactorum.
1659 4917 1670 4942 a
1691 4895 1759 4951 item

108 4985 194 5043 carde
207 4999 308 5053 eorpus
323 4981 424 5038 Christi
439 4982 467 5036 in
481 4982 591 5037 unitatis
606 4990 633 5038 et
643 4982 844 5038 conformitatis
859 4998 910 5039 ve·
964 4981 1036 5037 idem
1051 4980 1079 5034 in
1094 4978 1213 5034 homiliis
1228 4976 1302 5033 suis:
1321 4999 1332 5025 a
1354 4977 1388 5032 Ut
1397 4977 1510 5034 sufferas
1521 4980 1600 5034 etiam
1609 4997 1672 5037 eum
1681 4998 1761 5053 quem

109 5075 214 5141 ritata;
239 5087 293 5128 uon
311 5077 618 5127 tamensacrameutum
633 5076 725 5128 miuus
747 5080 788 5127 est
807 5086 911 5143 corpus
964 5067 1161 5132 aestimatum,
1177 5065 1286 5123 attende
1307 5067 1465 5136 Apostolum
1486 5068 1641 5125 dicentem:
1674 5072 1763 5128 Unus·

111 5161 213 5220 Christi
233 5161 263 5217 in
285 5161 399 5218 veritate
418 5160 587 5228 substantiae,
602 5177 664 5216 cum
686 5176 739 5231 qua
763 5160 911 5232 percipitur
965 5160 1079 5233 quisque
1093 5172 1255 5213 marsuam
1265 5154 1389 5228 portabit
1399 5155 1511 5227 (Galat.
1523 5171 1561 5213 vr.
1572 5158 1608 5226 5).
1619 5158 1679 5215 Non
1690 5160 1764 5217 euim

110 5251 197 5309 etiam
211 5249 328 5317 amalis,
345 5265 427 5320 quam
441 5265 503 5306 cum
525 5259 551 5306 et
566 5249 683 5305 veritate
700 5248 867 5320 substantia,
884 5256 912 5304 et
966 5264 1027 5306 curu
1042 5248 1089 5304 illo
1103 5244 1287 5303 communicas
1299 5243 1438 5300 avaritiam
1452 5245 1501 5300 sed
1517 5246 1614 5302 Christi
1628 5264 1764 5309 mensam.

110 5340 226 5401 veriuta
239 5339 389 5412 spiritualis
414 5339 519 5410 gratiae,
549 5338 708 5396 omnimodo
732 5338 912 5413 percipitare
964 5339 1000 5394 Et
1012 5337 1077 5410 quid
1104 5337 1181 5394 obest
1208 5334 1232 5391 si
1260 5332 1445 5392 communices
1472 5351 1536 5393 curn
1563 5335 1611 5394 illo
1638 5354 1763 5399 mensam

148 5544 210 5622 (ts)
223 5546 367 5604 samone.
