3728 6000
612 228 797 287 EPISTOLAE
815 228 860 287 ΕΤ
877 227 1084 287 Parvtaaula
1631 229 1702 288 tout

82 355 342 412 inremissionem
351 354 548 428 injungimus,
565 356 658 428 utqui
670 356 719 412 liei
734 361 814 422 sunt,
830 354 851 411 l
871 355 959 412 tentis
973 355 1024 412 [tei
1042 359 1072 412 et
1084 351 1165 412 beati
1177 352 1251 411 Petri
1266 352 1475 428 apostolorum
1489 350 1701 427 principissa·

82 443 346 518 ximepotenuores
355 445 515 510 etnobiles,
524 442 646 501 viriliter
657 445 816 515 accingan-
871 446 1005 502 ctoritate
1014 444 1100 501 nobis
1115 459 1134 501 a
1147 446 1207 501 [teo
1222 458 1377 510 concessa,
1390 442 1480 501 talem
1490 442 1700 513 concedimus,

85 532 219 591 ildelium
226 533 417 606 multitudini,
427 533 815 608 quateresempervictoria
872 533 965 607 utqui
985 538 1044 590 tam
1060 540 1198 590 sanctum
1213 531 1269 590 iter
1281 534 1590 606 devoteincoeperitet
1604 531 1700 605 perle-

102 637 159 680 nos
181 623 292 692 adepta
317 622 434 680 letatur
462 624 511 695 (Β),
540 623 583 680 sie
608 639 774 692 occurrere,
788 628 817 682 et
869 623 951 689 oerit,
971 623 1033 679 sire
1042 622 1154 680 ibidem
1163 626 1300 680 mortuus
1314 621 1412 690 luerit,
1428 622 1465 680 de
1475 621 1619 681 omnibus
1629 635 1701 696 pec·

82 712 149 769 riam
163 712 340 770 orientalem
358 716 443 770 taum
457 719 578 786 patrum
590 719 767 779 vestrorum.
783 718 815 771 ut
869 709 943 770 catis
961 711 1038 792 suis,
1058 712 1096 768 de
1114 711 1227 785 quibus
1244 711 1334 769 corde
1353 711 1480 770 contrito
1499 715 1529 769 et
1540 710 1701 771 humiliato

82 800 815 876 ximua‚sanguinisetiosioneabeorumtyrannide
869 792 1703 873 contessionemsusceperitabsolutionemobtineat,et

83 894 154 957 taam
166 890 206 947 ita
220 889 390 958 defendere,
403 897 432 948 et
442 892 536 949 multa
547 893 732 965 captivorum
749 892 815 949 mil-
869 888 1059 962 sempiterna
1076 889 1283 947 retributionis
1295 889 1426 948 tructam
1442 889 1482 947 ab
1501 888 1641 947 omnium
1656 904 1701 947 ra·

82 979 406 1038 niratrumnostrorum
414 980 453 1038 de
462 983 597 1054 ipsorum
609 982 746 1039 manibus
758 983 814 1039 eri·
869 985 1059 1037 muneratore
1079 978 1235 1052 percipiat.

82 1068 258 1137 tudeatis,ut
268 1069 426 1129 Christiani
436 1071 566 1128 nominis
576 1070 706 1144 dignitas
718 1077 815 1129 restro
906 1076 1014 1135 Datum
1028 1075 1172 1146 vetrallae,
1190 1077 1331 1135 Kalendis
1351 1076 1535 1135 Decembris.

82 1174 122 1216 tre
134 1165 291 1229 augeatur,
302 1167 330 1217 et
339 1167 438 1218 vestra
446 1161 598 1227 tortitudo,
610 1178 678 1234 quae
691 1161 813 1235 peruni·
1237 1167 1323 1224 litlll.

82 1262 107 1305 m
118 1248 268 1305 muudum
283 1248 437 1316 laudatur,
455 1251 570 1320 integra
588 1255 617 1308 et
631 1250 744 1308 illibata
756 1267 816 1308 ser·
872 1254 1702 1329 PriuitcaiampromonosterioS.SteptaaiFi·isinpensir.

95 1336 137 1395 Sit
151 1337 237 1394 vobis
250 1338 339 1395 etiam
352 1339 383 1394 iu
398 1338 570 1413 exemplum
584 1339 683 1396 bouus
695 1338 742 1397 ille
755 1338 816 1397 Ma·
1137 1345 1237 1417 (Anno
1254 1347 1283 1402 ll
1292 1346 1334 1411 aa.
1349 1345 1419 1404 Dec.
1432 1345 1474 1418 7.)

85 1441 129 1494 as,
152 1427 204 1500 qui
226 1442 280 1499 pro
302 1429 435 1500 paternis
458 1427 577 1502 legibus
599 1428 816 1487 conservandis
1083 1433 1404 1509 [monumentorum.
1421 1436 1463 1500 ix.
1478 1432 1557 1509 tat]

82 1514 819 1591 rmcarmuttisetpsrenttbussuismortiexponere.
906 1523 1331 1598 Euoaurusepiscopus,servus
1345 1538 1501 1580 servorum
1512 1523 1573 1591 ilai,
1585 1522 1701 1581 dilectis

82 1601 343 1676 dquidinmundo
359 1605 707 1682 possidebatrelinquere
723 1607 816 1664 nulla·
871 1613 940 1669 filiis
961 1614 1086 1671 Stauaao
1105 1612 1206 1671 abbati
1227 1612 1398 1671 monasterii
1424 1613 1526 1669 Sancti
1555 1612 1698 1684 Stephani

91 1692 260 1751 dubitavit:
278 1699 367 1769 atque
379 1695 621 1763 tandem,divino
636 1703 816 1770 cooperante
833 1719 856 1777 B
873 1703 1065 1777 Frielngensis
1086 1703 1210 1777 ejusque
1235 1702 1460 1760 successoribus
1474 1700 1616 1758 iratribus
1636 1708 1697 1759 tam

81 1798 110 1849 o,
124 1799 178 1856 per
193 1783 303 1841 multos
318 1788 419 1842 tamen
433 1784 553 1843 labores
570 1791 630 1844 tam
645 1787 708 1859 ipse
723 1803 816 1861 quam
871 1792 1068 1866 presentibus
1079 1807 1173 1866 quam
1183 1789 1702 1866 tuturis,regularemvitamproies·

82 1871 213 1944 rogenias
225 1872 263 1930 de
275 1873 404 1931 inimicis
418 1875 540 1933 viriliter
556 1876 757 1949 triumphavit.
871 1883 921 1949 sis,
938 1882 1171 1956 inperpetuum,
1184 1883 1311 1940 salutem
1326 1889 1355 1940 et
1369 1881 1568 1956 apostolicam
1578 1878 1702 1938 benedi-

96 1968 209 2029 autem‚
220 1968 388 2021 vestrorum
396 1964 488 2038 quieti
500 1972 529 2022 et
538 1966 674 2038 eiusdem
686 1965 817 2023 ecelesiae
872 1973 1013 2029 ctionem.

82 2051 169 2109 udoni
194 2059 318 2125 paterna
333 2052 530 2111 sollicitudine
545 2055 746 2127 providentes,
761 2054 816 2112 illis
907 2063 1055 2130 Quoniam
1076 2061 1232 2120 sinereris
1253 2062 1334 2118 cultu
1355 2059 1517 2132 religionis,
1536 2075 1592 2118 uec
1607 2059 1705 2118 chari·

82 2156 115 2198 m
131 2149 268 2199 sanctum
285 2149 406 2217 umque
422 2145 676 2209 pernecessarium
699 2149 819 2217 opuset
872 2150 941 2208 tatis
970 2151 1068 2208 unitas
1093 2157 1191 2225 potest
1223 2151 1395 2220 subsistere,
1419 2166 1475 2208 nec
1498 2150 1559 2207 lieo
1583 2153 1703 2221 gratum

82 2245 126 2288 em
146 2230 315 2290 devotionis
340 2233 447 2290 intuitu
471 2234 621 2306 suscipere
636 2240 664 2290 et
676 2233 817 2307 perlicere
871 2240 1004 2298 exhiberi
1024 2242 1189 2307 servitium,
1210 2240 1326 2308 expedit
1345 2238 1516 2311 apostolice
1532 2237 1702 2296 auctoritati

82 2319 184 2388 verint,
199 2320 280 2378 illam
296 2327 485 2395 peecatorum
504 2324 710 2382 remissionem
724 2340 816 2398 quam
872 2328 1025 2400 religiosas
1034 2344 1181 2402 personas
1194 2328 1317 2399 diligere
1329 2336 1357 2385 et
1376 2344 1479 2385 aarum
1496 2328 1598 2403 quieti,
1615 2325 1698 2384 auxi·

85 2414 133 2467 tus
142 2409 446 2484 praedecessornoster
455 2413 816 2486 poanrbanusinstituit,
872 2419 962 2476 liante
975 2421 1111 2487 domino,
1124 2418 1289 2490 providere.
1302 2420 1474 2490 liapropter,
1488 2415 1587 2474 dilecti
1598 2414 1629 2471 in
1642 2416 1701 2472 [to-

82 2499 164 2558 ritate
184 2501 305 2559 nobiae
326 2502 385 2559 ileo
412 2518 557 2560 concessa
581 2504 775 2561 concedimus
790 2507 819 2562 et
872 2509 956 2566 mino
970 2507 1033 2573 lilii.
1050 2509 1153 2565 vestris
1163 2507 1252 2580 justia
1263 2506 1513 2581 postulationibus
1527 2505 1700 2570 annuimus,

82 2604 207 2647 'mamus
221 2596 334 2664 ;atque
351 2607 456 2649 uxores
470 2598 497 2647 et
517 2592 593 2649 tilios
605 2608 721 2660 coriam,
737 2593 819 2653 bona
872 2604 901 2655 et
918 2598 1074 2671 praeiatum
1095 2598 1193 2655 Sancti
1228 2595 1371 2669 Stephani
1409 2598 1636 2661 monasterium,
1669 2591 1703 2649 in

82 2693 113 2736 aa
127 2686 155 2736 et
171 2681 388 2753 possessiones,
405 2681 462 2738 sub
476 2689 588 2738 sanctas
602 2683 750 2749 Ecclesia,
767 2698 818 2741 no
872 2703 934 2761 quo
952 2686 1055 2744 divino
1080 2685 1242 2759 mancipati
1269 2685 1340 2742 estis
1367 2683 1524 2758 obsequio,
1540 2682 1598 2741 sub
1622 2681 1702 2740 baeti

82 2766 165 2827 stiam
186 2773 215 2827 et
236 2770 544 2844 archiepiscoporum.
565 2772 775 2845 episcoporum
791 2777 818 2829 et
873 2777 1094 2835 Petrietnostra
1108 2776 1289 2849 protectione
1304 2775 1488 2848 suscipimus
1502 2778 1531 2830 et
1544 2770 1701 2847 praesentis

82 2873 118 2915 tm
133 2857 324 2932 praelatorum
338 2860 476 2917 Ecclesia
492 2862 542 2918 Dei
557 2863 741 2933 protectione
756 2878 818 2920 ma·
873 2865 975 2939 scripti
983 2865 1139 2939 priuilegio
1150 2865 1558 2932 communimus3statueotes
1568 2868 1704 2934 atquae·

82 2946 276 3006 leoernimus.
873 2969 992 3028 cunque
1006 2954 1213 3028 possessiones
1228 2954 1258 3010 in
1271 2953 1500 3027 presentiarum
1509 2951 1590 3025 juste
1609 2954 1638 3008 at
1651 2965 1703 3008 oa·

82 3037 212 3097 clomtate
224 3039 314 3096 etiam
344 3038 510 3112 apostolica
525 3040 721 3111 prohibemus
735 3045 766 3098 ut
780 3041 818 3099 de
837 3094 858 3153 C
873 3044 980 3102 uouiee
988 3044 1158 3118 possidetis,
1167 3047 1220 3100 aut
1228 3043 1257 3100 in
1265 3038 1706 3113 iuturumooucessioueponti·

82 3134 134 3187 bus
145 3144 225 3202 quae,
239 3144 308 3185 cum
317 3143 436 3184 crucam
451 3129 630 3202 acceperint,
641 3131 741 3203 quiete
750 3146 819 3204 pos·
873 3133 975 3201 licum,
997 3133 1173 3191 liberalitate
1204 3148 1321 3204 regum,
1344 3131 1501 3203 largitione
1520 3130 1703 3204 principum,

82 3221 132 3289 int,
141 3218 486 3290 ulladeincepsquaestio
496 3225 662 3285 moveatur,
675 3220 771 3278 donec
781 3221 818 3279 de
872 3222 1024 3281 oblatione
1033 3223 1177 3290 fidelium,
1188 3239 1242 3279 seu
1254 3221 1411 3294 aliisjustis
1420 3220 1529 3284 modis.
1541 3223 1703 3292 praestante

82 3325 125 3367 rm
137 3306 234 3365 reditu
248 3307 381 3363 velobitu
393 3306 558 3365 certissime
573 3315 780 3380 cognoscatur.
875 3313 1013 3380 Domino,
1028 3312 1161 3386 poteritis
1180 3311 1315 3383 adipisci,
1332 3309 1419 3366 tirma
1436 3306 1521 3365 vobis
1539 3306 1704 3380 vestrisque

82 3404 180 3463 storea,
199 3397 344 3472 quoniam
359 3397 398 3453 illi
411 3398 462 3470 qui
478 3399 605 3456 iiomino
626 3400 752 3457 militant
765 3415 819 3456 ne·
874 3401 1098 3457 svrccessoribus
1108 3392 1705 3470 etillibatapermaneaut.inquibushaec

82 3503 147 3545 rem
157 3487 188 3543 in
197 3486 483 3559 vestibuspretiosis,
492 3488 752 3555 neocultulormre,
765 3504 819 3545 nee
875 3489 1003 3563 propriis
1013 3488 1210 3562 exprimenda
1223 3486 1366 3544 duximus
1378 3483 1531 3543 vocabulis
1542 3503 1550 3544 :
1562 3485 1706 3541 lionaste·

82 3594 129 3645 us,
140 3574 186 3633 rel
195 3574 395 3648 accipitribus,
407 3575 453 3633 vel
462 3576 539 3642 aliis,
556 3593 625 3651 quae
640 3578 820 3650 portendant
874 3571 1705 3651 riumBeatiStephanioumpossessionibusetorunibus

84 3666 157 3731 iam,
167 3663 452 3732 debentintendere,
460 3665 648 3739 prudentiam
655 3667 819 3724 restramin
874 3667 1050 3741 appendicis
1063 3669 1126 3725 suis
1138 3685 1146 3734 ;
1160 3667 1313 3734 ecclesias,
1326 3666 1470 3728 decimas,
1487 3661 1704 3737 possessiones,

82 3770 117 3813 no
134 3769 377 3822 commonemus,
395 3755 494 3828 utqui
512 3759 574 3812 tam
591 3763 727 3814 sanctum
740 3772 818 3829 opus
875 3757 1023 3815 benetloia
1041 3756 1294 3822 ministerialium,
1310 3771 1379 3828 quae
1399 3752 1487 3811 vobis
1503 3768 1522 3810 a
1541 3750 1705 3809 venerabili

82 3860 121 3903 tre
133 3845 326 3912 decreverint,
340 3845 513 3903 nullatenus
534 3846 564 3902 ln
585 3847 718 3905 vestibus
731 3846 820 3904 variis
875 3847 964 3906 fratre
975 3852 1077 3904 nostro
1088 3847 1195 3904 Ottone
1205 3844 1388 3916 urisingensi
1400 3841 1545 3916 episcopo
1554 3846 1583 3899 et
1594 3841 1706 3914 prrede·

82 3934 160 4003 ielis,
173 3934 273 3991 sivein
285 3933 376 3991 armis
388 3935 487 3992 aureis
503 3935 546 3993 rel
564 3936 713 4007 argenteis
726 3935 820 3994 inten·
875 3933 1337 4009 cessoribusejusrationabiliter
1346 3937 1526 3991 concessaet
1536 3930 1608 3989 data
1618 3933 1706 3999 suut;

82 4024 171 4083 sedin
183 4023 292 4082 talibus
303 4025 395 4082 armis
407 4025 457 4099 (9),
473 4026 570 4099 equis,
591 4033 620 4084 at
634 4027 746 4084 caeteris
756 4026 820 4100 qui·
876 4026 1063 4090 concambia,
1075 4041 1144 4098 quar
1159 4025 1236 4082 inter
1251 4039 1305 4082 vos
1322 4028 1351 4082 et
1368 4021 1510 4080 eumdem
1529 4020 1706 4095 episcopum

82 4112 200 4172 ntideles
219 4118 402 4186 expugnent,
422 4115 489 4172 totis
504 4116 618 4173 viribus
639 4115 772 4173 studium
791 4121 820 4173 et
875 4121 1008 4174 vestrum
1021 4115 1059 4172 de
1079 4113 1250 4186 voltisigen,
1265 4118 1294 4171 et
1309 4112 1384 4170 alios
1405 4110 1622 4169 rationabiliter
1638 4124 1709 4167 oon·

81 4203 176 4260 ntiam
194 4200 369 4259 adhibeant.
875 4221 961 4264 cessa
972 4211 1002 4262 et
1015 4203 1183 4261 factasunt.
1202 4203 1400 4260 Prohibemus
1415 4203 1547 4274 insuper,
1561 4204 1594 4256 ut
1606 4197 1708 4257 nullus

82 4306 203 4367 cunque
218 4307 288 4348 vero
307 4307 365 4349 mre
387 4297 564 4365 premuntur
582 4295 690 4363 alieno,
711 4299 739 4352 et
758 4300 820 4353 tam
875 4287 1707 4369 postfactamprofessionemabsqueabbatisetlratrum

82 4397 130 4439 um
149 4381 205 4438 iter
218 4396 296 4455 puro
309 4381 399 4438 corde
412 4382 597 4455 inceperint,
619 4384 656 4442 de
674 4385 820 4457 preterito
876 4382 1287 4441 suorumlioeutiaabeodem
1296 4379 1708 4450 monasteriopresumstre·

83 4488 98 4528 a
112 4486 174 4529 nou
185 4469 320 4538 solvant;
337 4471 398 4527 etsi
408 4471 475 4546 ipsi,
489 4471 533 4528 vel
553 4473 603 4530 alii
617 4490 673 4547 pro
683 4474 818 4531 eisocea·
836 4467 860 4522 D
875 4469 1423 4545 cederesepulturamquoqueipsius
1436 4467 1492 4524 loci
1501 4465 1628 4524 liberam
1640 4479 1708 4521 esse

88 4575 253 4619 usurarum
269 4561 384 4618 astricti
405 4567 485 4632 sunl,
501 4570 692 4621 sacramento
702 4562 747 4621 vel
761 4564 821 4621 tide
876 4561 1080 4627 concedimus,
1098 4560 1262 4619 utiliorum
1276 4559 1328 4633 qui
1344 4573 1377 4614 se
1389 4555 1449 4613 illio
1465 4554 1583 4628 sepeliri
1597 4553 1709 4610 delibe-

82 4650 156 4709 olica
168 4666 221 4707 eos
230 4649 407 4708 auctoritate
421 4650 620 4709 absolvimus.
875 4650 1016 4716 raverint,
1026 4649 1178 4707 devotioni
1192 4655 1221 4707 et
1235 4656 1377 4706 extremar
1392 4644 1546 4710 voluntati,
1561 4643 1618 4701 nisi
1632 4643 1708 4701 forte

82 4745 125 4799 eat
137 4740 179 4797 eis
194 4739 284 4797 etiam
294 4745 396 4807 terras,
407 4741 468 4796 sive
484 4747 606 4798 caeteros
618 4743 822 4814 possessiones
877 4739 1129 4800 excommunicati
1146 4740 1215 4809 sint,
1230 4738 1329 4796 nullus
1341 4736 1480 4803 obsistat,
1496 4734 1582 4793 salva
1594 4733 1709 4807 justitia

87 4835 250 4905 postquam
261 4829 427 4886 commouit
446 4830 608 4903 propinqui
619 4832 680 4889 sive
696 4831 822 4899 domini,
878 4830 1010 4889 matricis
1027 4828 1175 4886 Ecclesia.
1192 4831 1270 4889 Sane
1285 4828 1425 4886 laborum
1440 4830 1611 4883 vestrorum
1630 4837 1709 4896 quos

82 4917 824 4992 orumieudurnpertinentpecuniamcornmodara
879 4912 1710 4994 propriismanibnscolitis,sivedenutrimentisauima·

82 5007 216 5074 oluerint.
232 5014 354 5065 autnon
372 5007 530 5074 valuerint,
546 5010 688 5077 ecclesiis,
701 5010 746 5068 vel
757 5026 824 5084 per·
879 5009 954 5068 lium
969 5014 1145 5076 vestrorum,
1158 5008 1259 5066 nullus
1272 5008 1401 5066 clericus
1417 5003 1573 5064 vellaloue
1588 5019 1607 5060 a
1620 5001 1708 5061 vobis

86 5097 306 5165 ecclesiasticis,
321 5097 367 5154 vel
378 5097 572 5172 aliisquoque
587 5099 725 5157 fidelibus
735 5101 825 5160 libere
880 5099 1015 5158 decimas
1033 5098 1150 5171 exigere
1165 5103 1338 5173 praesumat.
1355 5097 1490 5155 Obeunte
1501 5109 1572 5150 vero
1588 5097 1615 5150 te
1629 5106 1711 5149 nune

82 5187 133 5245 rlia
142 5186 356 5244 reclamatione
366 5187 580 5260 impignorare.
881 5190 1018 5265 ejusdem
1034 5188 1092 5246 loci
1106 5188 1226 5256 abbate,
1240 5191 1286 5246 vel
1301 5186 1437 5261 quolibet
1456 5189 1576 5241 tuorum
1592 5196 1711 5239 sueces-

82 5276 219 5335 ca'torunr
230 5277 439 5335 remissionem
452 5285 481 5335 et
495 5278 728 5345 absolutionem,
738 5279 826 5352 juxta
882 5296 999 5349 sorum,
1012 5278 1111 5335 nullus
1121 5277 1162 5334 ibi
1176 5277 1308 5352 qualibet
1320 5272 1522 5348 subreptionis
1532 5271 1644 5331 astutia
1656 5286 1712 5328 seu

82 5368 107 5424 ‚tt
121 5366 350 5441 predecessoris
371 5368 465 5425 nostri
478 5369 671 5433 institutione,
687 5370 831 5443 omnipo·
883 5368 1023 5428 violentia
1037 5374 1240 5441 preponatur,
1254 5367 1313 5425 nisi
1332 5381 1423 5440 quem
1435 5363 1540 5422 iratres
1555 5358 1713 5419 communi

98 5475 202 5537 llansi.
232 5491 297 5549 qua
324 5491 355 5534 se
371 5482 483 5547 tempas
501 5475 632 5534 uictoriae
660 5492 751 5549 super
775 5493 829 5535 nos
918 5477 958 5551 (a)
972 5466 1714 5545 nansi,deusserint,odbacnonintendnnt,rcd

82 5562 133 5606 am
148 5548 285 5605 utatur.
883 5548 917 5606 ira
929 5547 1033 5616 armis,
1044 5552 1101 5606 eto.

102 5663 223 5720 Parnon.
243 5663 376 5720 CLXXX.
1536 5658 1572 5730 ὃὸ
