3728 6000
94 225 147 282 ala

597 213 789 276 Gulussam
808 211 952 269 ABBATlS
970 211 998 266 S.
1019 209 1237 269 THEODORICI

1678 208 1681 213 '
1696 210 1749 265 280

94 360 205 412 nomen,
229 350 260 399 ut
283 345 312 399 in
334 345 447 400 nominc
469 344 533 399 Jesu
557 356 638 397 omne
662 354 737 415 genu
761 337 894 402 lleelatur,
909 334 936 398 Α
951 332 1071 389 Christus
1085 336 1174 389 lesus.
1191 335 1266 405 Ergo
1279 340 1303 388 et
1319 332 1364 387 illa
1378 331 1505 387 divinitas
1517 333 1601 404 hujus
1617 334 1749 389 humeni-

95 432 258 500 ooelestium,
283 433 462 498 terrestrium,
487 435 516 487 et
538 430 709 485 inlernorum
728 444 734 484 :
755 434 781 480 et
807 425 897 479 omnis

96 523 191 595 lingua
205 519 366 578 conlitealur
389 522 449 591 quia
475 521 607 576 Dominus
629 518 709 572 lesus
733 513 858 570 Christus
872 512 899 566 iu

95 610 184 683 gloria
206 617 248 665 est
262 611 311 665 Dei
336 607 576 682 PetrislPhilipp.
594 607 635 675 n).
654 629 666 656 ι
683 604 735 661 Ubi
758 603 820 658 licet
844 616 899 656 una

99 713 217 771 persona
231 699 266 752 sit
280 699 331 753 Dei
360 703 387 753 el
411 696 538 762 hominis,
555 693 628 750 aliud
649 701 741 748 tamen
762 699 812 759 est,
827 690 899 745 unde

101 786 255 842 communis
271 785 369 856 gloria,
386 784 460 839 aliud
477 783 547 839 unde
564 781 716 839 communis
738 788 780 836 est
800 784 898 836 conlu-

100 874 196 930 melia.
216 874 292 930 Sicut
307 876 379 929 enim
397 876 425 927 in
439 873 566 928 Trinitste
580 873 655 927 Deus
679 872 757 924 Pater
777 877 803 924 et
825 870 900 922 Deus

101 962 185 1018 Filius
201 963 280 1017 unius
295 963 463 1028 substantiae,
480 962 528 1015 sed
543 976 598 1014 non
617 959 697 1014 unius
711 972 848 1028 personae,
863 957 900 1011 sic

100 1051 128 1105 in
145 1050 231 1106 sorma
247 1051 402 1106 Alediotoris
420 1050 493 1105 Deus
508 1054 535 1103 et
550 1049 632 1104 homo
655 1054 718 1102 sunt
741 1046 820 1100 unius
834 1061 899 1116 per-

102 1154 187 1207 sonae,
211 1140 260 1194 sed
285 1155 339 1193 oon
361 1140 441 1194 unius
461 1137 629 1192 crissantis.
648 1158 658 1183 i
674 1137 733 1192 Neo
748 1135 868 1197 interest,
886 1157 897 1182 n

101 1228 178 1284 aitS.
191 1228 255 1295 Leo,
275 1251 285 1277 r
303 1245 336 1283 ex
352 1242 406 1299 qua
421 1226 543 1283 Christus
564 1224 715 1280 substantia
736 1223 898 1289 nominetur,

102 1330 164 1372 cum
179 1315 394 1387 inseparabiliter
409 1323 535 1370 manente
556 1313 658 1368 unitate
680 1327 804 1382 persoaae
827 1312 898 1367 idem

104 1403 140 1458 sit
153 1411 179 1458 et
192 1410 266 1459 totus
280 1404 396 1459 hominis
414 1401 486 1457 lilius
512 1410 622 1472 propter
644 1416 768 1465 carnem,
785 1408 811 1455 et
833 1406 901 1455 lotus

104 1491 154 1546 Dei
169 1491 253 1547 Filius
269 1499 378 1563 propter
391 1507 472 1546 unam
488 1507 549 1547 cum
567 1491 647 1545 Patre
671 1488 864 1544 substantiam.
886 1511 896 1535 i

104 1579 177 1634 Dicit
203 1596 270 1652 ergo
298 1580 427 1653 magister
450 1580 568 1636 Petrus:
601 1579 694 1633 ·Noa
722 1577 899 1632 concedimus

951 422 1014 478 talis
1029 438 1128 478 nomen
1140 423 1256 494 accepit.
1284 423 1354 477 ltem
1370 423 1393 476 si
1408 439 1559 494 quaeramus
1575 423 1697 493 quiscum
1713 424 1749 478 sit

953 511 1038 566 factus
1053 510 1185 567 obediens
1200 527 1288 582 usque
1313 510 1347 565 ad
1372 518 1487 565 mortem
1501 528 1509 576 ;
1524 511 1675 566 rectissime
1699 527 1748 566 re·

953 599 1103 669 spondetur
1119 615 1125 654 :
1141 600 1203 667 Ille,
1221 600 1342 671 quicum
1364 599 1392 653 iu
1414 598 1502 654 forma
1525 600 1573 654 Dei
1596 606 1678 665 esset,
1694 615 1750 655 non

952 690 1076 759 rapinam
1093 689 1241 744 arbitratus
1253 695 1302 757 est,
1319 703 1378 743 esso
1394 703 1424 742 se
1438 691 1571 759 aequalem
1591 689 1660 743 Deo.
1676 690 1751 760 Ergo

954 785 981 832 et
996 778 1047 831 ista
1066 777 1221 832 humanitas
1244 777 1316 830 illius
1338 776 1485 849 divinitatis
1507 792 1606 831 nomen
1628 779 1746 847 occepit.

956 866 1070 936 Apparet
1086 873 1175 920 tamen
1191 864 1261 919 idem
1291 865 1349 935 ipse
1377 865 1501 920 Christus
1529 865 1645 935 geminae
1672 865 1752 937 gigas

953 953 1120 1019 substentiae,
1136 952 1284 1008 secundum
1298 953 1361 1024 quid
1378 952 1518 1014 obediens,
1531 952 1680 1007 secuudum
1689 955 1754 1025 quid

954 1042 1064 1111 aequalis
1079 1041 1146 1108 Deo,
1163 1041 1311 1096 secuudum
1324 1040 1390 1114 quid
1405 1039 1476 1094 lilius
1500 1040 1633 1109 hominis,
1648 1057 1751 1097 secun-

953 1128 1017 1183 dum
1039 1129 1104 1199 quid
1122 1129 1203 1183 Filius
1220 1129 1281 1193 Dei,
1299 1128 1447 1183 secundum
1465 1128 1529 1200 quid
1550 1128 1633 1186 dicit:
1648 1154 1660 1175 ι
1675 1131 1753 1185 Pater

954 1218 1099 1284 majorme
1115 1219 1337 1286 miticensis)
1354 1236 1360 1271 ε
1379 1241 1390 1266 ι
1408 1215 1641 1288 secundumquid,
1660 1240 1671 1266 l
1691 1219 1750 1289 Ego

954 1313 980 1360 et
996 1307 1075 1360 Pater
1088 1323 1171 1360 unum
1192 1322 1286 1360 sumus
1299 1305 1390 1374 (loon.
1408 1306 1447 1375 a).
1466 1328 1477 1354 i
1492 1305 1606 1375 Propter
1619 1306 1677 1361 baee
1689 1322 1751 1363 om-

955 1394 999 1449 nia
1020 1394 1135 1449 dicimus
1156 1395 1269 1449 Mariam
1294 1395 1437 1449 theotocon
1464 1392 1617 1474 [beorc'xesl.
1634 1395 1685 1449 hoc
1709 1404 1751 1450 est

954 1500 1066 1546 matrem
1084 1492 1144 1560 Dei,
1161 1490 1297 1546 Christum
1312 1491 1440 1562 genuisse
1455 1492 1541 1547 Deum
1566 1500 1591 1548 et
1614 1491 1752 1548 hominem

953 1596 1034 1635 unam
1048 1595 1209 1649 personam
1224 1579 1371 1644 hominem,
1388 1580 1414 1633 in
1429 1588 1555 1648 qrrantum
1583 1597 1617 1635 ex
1637 1595 1670 1635 ea
1692 1596 1754 1635 esse

104 1668 177 1740 quod
193 1669 313 1725 Christus
328 1671 386 1725 haec
400 1683 526 1739 persona.
541 1670 593 1723 hoc
608 1675 661 1732 est,
679 1667 750 1721 Deus
764 1674 790 1720 et
806 1667 897 1734 homo,
915 1667 1052 1746 μωρίη
1069 1669 1165 1734 Deum,
1181 1667 1207 1722 in
1223 1672 1353 1739 quantum
1369 1667 1403 1722 de
1417 1682 1450 1722 ea
1469 1668 1543 1722 Deus
1558 1676 1583 1723 et
1598 1668 1680 1723 homo
1695 1682 1755 1724 csse

105 1756 185 1813 tertia
200 1757 235 1812 sit
248 1773 367 1828 persone
382 1757 407 1812 in
423 1757 563 1812 Trinitate.
578 1780 589 1806 i

142 1846 199 1901 Nos
214 1861 280 1901 vero
295 1845 417 1911 dicimus
434 1845 584 1901 secundum
595 1844 748 1915 premissos
758 1845 904 1900 sententias

109 1932 229 1999 Petrum,
245 1933 308 2004 quia
323 1934 443 1989 Christus
458 1935 531 1989 Deus
545 1941 571 1988 et
586 1933 668 1988 homo
691 1935 749 1988 haec
773 1948 901 2003 persona,

108 2020 258 2078 secundum
273 2021 345 2094 qnod
363 2022 438 2076 Deus
453 2025 505 2086 est,
522 2021 601 2076 tertia
616 2029 656 2076 est
665 2021 691 2075 in
703 2020 833 2076 Trinitate
844 2036 903 2092 per-

107 2124 185 2165 sona.
202 2109 300 2165 Dicet:
317 2110 402 2181 Ergo,
418 2125 473 2165 non
488 2109 642 2166 secundum
661 2110 732 2179 quod
749 2110 830 2164 homo
845 2117 899 2163 est.

107 2198 215 2268 Utique,
232 2197 280 2254 sed
295 2206 335 2253 est
349 2198 385 2252 ibi
401 2197 479 2253 etium
494 2199 587 2264 homo,
604 2201 717 2268 propter
731 2197 903 2268 inseparabi-

106 2283 162 2340 lem
175 2286 316 2350 unitatem,
333 2300 385 2357 qua
399 2300 454 2340 una
468 2290 510 2340 est
526 2301 641 2356 persona
656 2301 716 2341 cum
743 2286 809 2340 Deo.
828 2285 906 2339 Absit

108 2380 198 2429 autem
214 2382 243 2429 ut
257 2390 306 2444 per
320 2375 372 2429 hoc
388 2387 484 2428 recens
499 2373 601 2443 aliquid
621 2388 774 2430 asseramus
789 2374 818 2427 in
834 2373 901 2440 Deo,

108 2476 182 2529 cum,
198 2462 267 2516 sicut
281 2462 335 2517 Leo
350 2475 420 2533 papa
434 2460 523 2529 sentit,
540 2468 567 2517 et
581 2462 747 2534 Augustinus
757 2461 901 2526 consentit,

108 2548 295 2605 homiuemab
319 2559 420 2606 aetemo
445 2551 479 2605 ad
502 2551 555 2607 hoc
577 2550 809 2621 praedestinatum,
825 2557 852 2603 et
876 2549 902 2602 in

106 2643 229 2709 tempore
243 2639 404 2710 beneplaciti
419 2639 471 2696 Dei
491 2640 518 2694 in
539 2642 591 2696 hoc
614 2637 804 2712 glorificatum,
822 2637 902 2691 simul

106 2724 224 2781 dicimus
239 2727 353 2796 coepisse
368 2744 444 2794 esse,
460 2737 488 2784 et
510 2729 596 2783 Deum
618 2743 687 2791 esse,
704 2743 764 2781 cum
792 2740 846 2782 non
868 2725 902 2778 sit

104 2813 157 2868 nisi
172 2829 242 2869 unus
258 2816 347 2871 Deusl
363 2816 416 2873 Sed
432 2822 609 2888 permanente
623 2814 763 2870 divinitate
778 2813 836 2868 Filii
851 2812 901 2868 Dei

103 2903 132 2957 io
148 2918 196 2958 sua
210 2910 318 2970 natura,
334 2904 401 2960 sicut
423 2906 489 2961 dicit
503 2906 532 2960 B.
548 2903 725 2975 Augustinus,
742 2903 900 2957 incommu-

46 2993 49 2996 '
102 2991 229 3060 tabiliter,
246 2992 304 3046 sine
319 2993 392 3048 omni
402 2994 553 3063 composito
564 2991 678 3047 humani
689 2991 896 3061 phantasmatis,

102 3095 163 3134 cum
179 3094 233 3150 quo
248 3081 384 3146 subsistat,
400 3081 522 3136 mirabili
537 3089 563 3136 et
574 3079 779 3151 incomparabili
804 3093 897 3133 susce·

102 3167 196 3238 ptione
211 3168 240 3220 in
255 3169 385 3223 unitatem
400 3185 524 3240 personae
537 3170 620 3224 homo
636 3167 660 3224 ei
682 3175 722 3222 est
746 3166 899 3238 appositus

102 3256 160 3310 sire
174 3242 283 3326 aptatus
298 3274 304 3319 ;
321 3272 376 3312 nou
388 3259 466 3328 prius
481 3265 588 3313 creatus
609 3261 636 3311 et
662 3255 833 3326 postmodum
849 3268 899 3308 as-

102 3352 235 3415 sumptus,
250 3344 299 3399 sed
314 3345 393 3400 simul
408 3345 436 3400 in
450 3346 511 3418 ipsa
531 3346 717 3416 assumptione
731 3352 847 3400 creatus.
868 3343 902 3397 Et

103 3431 173 3488 sicut
187 3431 288 3488 dictum
302 3441 353 3499 est,
370 3434 452 3489 simul
466 3435 548 3506 ooepit
563 3450 632 3499 esse,
649 3441 675 3489 et
687 3435 760 3489 Deus
771 3449 841 3499 esse,
852 3431 900 3487 sed

103 3521 205 3592 grstia,
221 3536 276 3576 non
299 3528 405 3588 notura,
428 3523 540 3577 nominc
563 3522 608 3578 vel
631 3537 756 3592 persona,
779 3536 834 3576 non
854 3536 900 3574 es-

105 3608 213 3663 sentiali
229 3609 388 3665 substantia.
414 3610 491 3666 Unde
514 3610 581 3666 dicit
604 3609 748 3681 Apostolus
765 3627 772 3662 ε
790 3631 801 3656 r
819 3609 901 3663 Dedit

104 3692 144 3748 illi
154 3709 252 3750 nomeu
268 3696 389 3768 quodest
398 3714 481 3767 super
490 3713 572 3753 omne
584 3712 682 3752 nomen
693 3699 828 3769 (Philipp.
840 3699 897 3768 u).i

107 3783 142 3838 Et
156 3783 186 3837 Β.
205 3784 370 3856 Augustinus
385 3786 412 3840 in
423 3786 494 3842 libro
509 3794 604 3841 contra
618 3800 772 3842 sermonem
791 3786 902 3840 Ariano

107 3886 168 3925 rum
186 3888 193 3925 :
213 3895 224 3920 r
241 3873 315 3929 Hanc
339 3872 472 3929 unitatem
495 3888 621 3944 personae
643 3873 740 3928 Christi
763 3876 827 3928 lesu
841 3876 901 3929 Do·

106 3959 172 4014 mini
192 3962 276 4016 nostri
303 3961 344 4016 sio
359 3977 392 4017 ex
417 3971 513 4018 natura
535 3971 648 4033 utraque
677 3969 856 4028 constantem,
873 3967 902 4016 ut

108 4048 236 4119 quelibet
251 4065 345 4105 earum
370 4049 537 4106 vocabulum
558 4051 639 4106 etism
665 4066 744 4105 suurn
768 4050 902 4120 impertiat

106 4135 184 4192 alteri
199 4146 226 4193 et
240 4137 333 4193 divina
348 4138 485 4203 humanm,
501 4146 527 4194 et
542 4139 658 4193 humana
681 4138 790 4199 divinoe.
808 4138 902 4193 beatus

105 4226 223 4281 ostendit
236 4227 380 4298 Apostolus
396 4245 403 4281 :
418 4250 429 4275 r
446 4229 516 4296 Hoc,
527 4228 663 4297 inquiens,
674 4227 768 4281 sentite
777 4225 900 4293 invobis,

105 4314 178 4385 quod
194 4321 221 4370 et
235 4315 261 4369 in
276 4315 383 4372 Christo
397 4317 480 4383 lesu,
497 4316 543 4386 qui
556 4332 618 4371 eum
629 4315 655 4369 in
667 4315 753 4370 forma
762 4314 810 4369 Dei
819 4323 898 4380 esset,

104 4402 256 4457 humiliavit
271 4403 457 4474 semetipsum,
470 4412 522 4459 etc.
538 4402 640 4475 (ibid).
661 4426 671 4451 ι

141 4490 210 4546 Cum
225 4505 292 4561 argo
307 4491 408 4546 Christi
423 4507 521 4546 nomen
536 4494 572 4546 sit
586 4508 619 4546 ex
629 4492 744 4562 eoquod
754 4493 829 4546 unxit
839 4508 900 4548 eum

104 4579 182 4635 Deus
209 4594 265 4648 prae
290 4579 470 4650 participibus
484 4579 538 4634 suis
556 4579 618 4635 oleo
643 4580 828 4648 exultationis,
851 4583 901 4636 hoc

105 4667 239 4740 estquod
262 4667 346 4722 homo
369 4667 454 4723 factus
474 4667 625 4722 humiliarit
656 4669 842 4739 semetipsum,
866 4670 899 4724 de

104 4757 164 4827 ipso
178 4763 272 4811 tamen
292 4753 443 4827 eodemque
469 4755 578 4811 Christo
601 4755 763 4812 dictumest
785 4757 848 4827 quia
872 4758 898 4812 in

103 4844 193 4900 forma
207 4843 257 4899 Dei
271 4851 351 4910 esset,
366 4851 510 4916 antequam
522 4845 556 4899 ab
570 4843 617 4900 illo
641 4845 728 4900 forma
743 4847 811 4902 servi
827 4853 900 4901 essct

102 4939 225 5001 accepta.
248 4929 375 4986 Nondum
395 4933 498 5003 quippe
519 4938 578 4988 erat
598 4932 669 4988 hlius
701 4934 827 5002 hominis,
849 4934 897 4989 sed

101 5019 183 5076 Filius
196 5018 265 5073 Dei:
281 5018 323 5074 cui
339 5020 429 5075 Patris
440 5020 583 5092 esqualitas
597 5037 651 5078 uon
663 5031 720 5079 erat
733 5023 839 5094 rapina,
849 5023 897 5079 sed

101 5122 212 5174 natura.
229 5117 340 5184 Verum,
356 5117 379 5172 si
393 5134 548 5189 queramus
563 5120 625 5192 quis
640 5128 681 5176 est
702 5121 758 5188 ille,
775 5123 820 5194 qui
835 5137 896 5177 cum

101 5216 128 5271 io
144 5217 232 5272 forma
246 5214 295 5271 Dei
309 5223 388 5286 esset,
404 5232 459 5272 noo
474 5217 597 5289 rapinam
612 5219 756 5274 arbitratus
780 5227 895 5275 estesse

99 5328 130 5370 se
144 5312 277 5384 aequuum
292 5312 360 5380 Deo,
371 5313 551 5385 respondetur
561 5315 640 5371 uobis
650 5314 892 5387 voceapostolica:

131 5490 188 5560 (³6)
203 5493 320 5562 August.
335 5490 421 5551 Tomo
435 5491 522 5563 primo
536 5492 729 5565 supplementi,
746 5511 775 5566 p.
791 5493 853 5548 hol.

956 1756 1047 1826 caepit.
1064 1755 1163 1826 Sicque
1186 1755 1272 1826 ipsam
1302 1755 1397 1810 Christi
1425 1771 1568 1824 personam
1597 1757 1700 1812 tertiam
1727 1756 1755 1810 in

957 1844 1086 1899 Trinitute
1102 1845 1218 1899 latemur
1236 1858 1379 1915 personum
1397 1844 1507 1899 :Deum
1532 1843 1626 1899 Filium
1650 1845 1711 1911 Dei,
1727 1845 1755 1900 in

957 1941 1085 2002 quantum
1102 1948 1155 1986 una
1168 1933 1227 2002 ipse
1241 1931 1390 1986 substantie
1415 1948 1476 1988 cum
1500 1934 1580 1987 Patre
1603 1941 1629 1988 et
1652 1933 1755 2002 Spiritu

957 2028 1049 2076 sancto
1072 2028 1132 2086 ost;
1149 2021 1286 2076 hominem
1312 2019 1396 2074 lilium
1419 2020 1546 2080 hominis.
1573 2021 1600 2075 in
1624 2026 1754 2090 qrranlum

957 2109 1015 2178 ipse
1028 2125 1089 2164 eum
1104 2110 1162 2164 Deo
1177 2109 1226 2164 Dei
1243 2107 1309 2163 Filio
1323 2125 1378 2163 una
1393 2125 1509 2180 persona
1528 2117 1567 2164 est
1585 2129 1590 2164 :
1608 2109 1684 2164 illum
1708 2113 1754 2180 qui

956 2199 992 2253 ab
1006 2206 1106 2253 aeterno
1122 2204 1214 2251 nutura
1230 2198 1302 2252 lleus
1316 2204 1374 2259 est:
1391 2198 1482 2263 istum,
1496 2198 1541 2270 qui
1556 2214 1588 2253 ex
1604 2214 1658 2270 quo
1673 2199 1755 2268 coepit

957 2301 1098 2351 essenon
1123 2285 1213 2340 solum
1241 2287 1332 2347 homo,
1349 2286 1397 2340 sed
1426 2288 1506 2340 etiam
1537 2303 1570 2340 ox
1595 2287 1755 2342 coessentiae

957 2375 1056 2430 dlvinae
1085 2373 1254 2429 beatitudine
1281 2375 1368 2446 gretia
1397 2375 1470 2429 Deus
1498 2375 1640 2442 est,salva
1664 2382 1755 2429 tamen

957 2462 1115 2518 Christianae
1137 2461 1247 2531 pietatis
1273 2464 1387 2528 cautela,
1403 2471 1514 2533 propter
1541 2463 1679 2518 vitandam
1706 2479 1755 2517 re-

956 2551 1043 2607 centis
1058 2550 1108 2606 Dei
1122 2551 1317 2620 suspicionem,
1334 2567 1387 2621 qua
1402 2566 1483 2621 supra
1499 2552 1607 2606 beatum
1622 2552 1753 2622 Augusti-

955 2655 1020 2693 num
1037 2640 1209 2693 meminimus
1232 2639 1343 2705 dixisse,
1365 2654 1528 2709 permanere
1553 2656 1661 2710 semper
1687 2640 1755 2694 Ver-

955 2727 1020 2782 bum
1045 2729 1074 2781 in
1099 2743 1148 2781 sua
1171 2727 1450 2793 incommutabilitate,
1475 2728 1502 2782 in
1525 2744 1578 2797 qua
1598 2727 1665 2783 nihil
1692 2743 1754 2782 esso

954 2816 1109 2886 compositi,
1124 2831 1185 2871 cum
1201 2833 1253 2886 quc
1269 2816 1409 2880 subsistat,
1425 2817 1479 2872 ulla
1488 2817 1629 2888 phantasia
1639 2816 1751 2870 humani

954 2903 1039 2958 animi
1054 2904 1251 2973 suspicandum
1270 2912 1321 2960 est.

1264 2992 1376 3048 CAPUT
1394 2993 1443 3047 lx.

989 3084 1054 3137 lom
1070 3082 1104 3137 ad
1120 3081 1172 3137 alia
1186 3088 1365 3136 transeamus.
1381 3081 1455 3136 Dicit
1469 3080 1549 3136 etiam
1561 3082 1691 3153 magister
1700 3083 1748 3137 l'e·

955 3177 1013 3225 trus
1027 3170 1062 3225 de
1078 3176 1248 3225 sacramento
1261 3168 1361 3230 altaris,
1376 3168 1525 3224 substantia
1539 3171 1618 3239 panis
1642 3178 1669 3225 ot
1693 3170 1747 3225 vini

953 3267 1054 3313 mutata
1069 3259 1097 3312 in
1112 3258 1289 3313 substantiam
1304 3258 1426 3328 corporis
1437 3266 1464 3312 et
1479 3257 1619 3328 sanguinis
1638 3258 1746 3314 Domini

954 3348 987 3402 ad
1012 3347 1196 3418 peragendum
1222 3347 1385 3401 sacramenti
1410 3346 1579 3417 mysterium,
1602 3346 1751 3401 accidentia

953 3435 1221 3506 priorissubstuntire
1232 3449 1375 3489 remanere
1386 3434 1413 3488 in
1422 3450 1494 3490 aere.
1502 3433 1635 3500 Obsecro,
1647 3435 1751 3507 utquid

954 3524 982 3578 in
996 3524 1086 3578 aere‘l
1101 3521 1171 3591 Quid
1188 3522 1224 3576 ibi
1235 3522 1338 3576 lactura
1348 3523 1597 3577 sunt‘lNobisvero
1606 3522 1720 3585 ridetur,
1729 3523 1751 3576 si

954 3611 1032 3666 robis
1045 3612 1124 3666 elium
1140 3611 1244 3664 videtur
1259 3610 1331 3681 quod
1347 3610 1498 3666 accidentia
1514 3610 1570 3675 illa,
1585 3610 1643 3665 sive
1653 3610 1752 3681 prioris

954 3698 1041 3755 lorma
1055 3700 1223 3764 substantie,
1241 3714 1310 3769 quse,
1323 3705 1351 3752 ut
1361 3705 1434 3770 puto,
1446 3715 1499 3754 non
1512 3699 1562 3752 nisi
1574 3714 1713 3754 consonus
1723 3700 1750 3753 in

954 3804 1037 3842 unum
1052 3788 1226 3843 occidentium
1237 3802 1387 3842 concursus
1396 3795 1445 3854 est,
1457 3787 1480 3840 si
1490 3787 1525 3841 ibi
1538 3793 1588 3850 est,
1600 3787 1752 3857 incorpore

955 3874 1062 3931 Domini
1077 3883 1129 3941 est,
1146 3890 1199 3930 oon
1215 3873 1337 3929 formans
1352 3873 1434 3940 illud,
1450 3877 1497 3929 sed
1512 3873 1752 3942 virtuteaperantis

955 3963 1178 4032 ineasapientiae
1203 3962 1251 4017 Dei
1275 3969 1369 4032 aptans
1391 3962 1468 4027 illud,
1485 3971 1511 4018 et
1534 3962 1707 4026 modificans,
1724 3967 1753 4017 ut

956 4053 1103 4106 secundum
1120 4051 1198 4105 n'lum
1228 4051 1349 4121 mysterii
1377 4054 1405 4106 et
1432 4050 1544 4105 modum
1572 4052 1751 4114 sacramenti,

956 4139 1048 4194 habile
1062 4139 1107 4192 liat
1122 4147 1148 4194 et
1163 4139 1308 4204 tractabile,
1324 4147 1350 4193 ct
1364 4139 1500 4211 gustabile
1515 4139 1541 4192 in
1553 4139 1639 4193 forma
1651 4138 1751 4204 aliena,

956 4228 1027 4297 quod
1043 4243 1095 4282 non
1110 4231 1216 4296 poterat
1232 4244 1290 4283 esse
1306 4228 1333 4282 in
1350 4229 1469 4298 propris,
1486 4243 1574 4299 agens
1590 4229 1710 4283 exterius
1723 4237 1752 4283 ut

957 4317 1066 4371 tractari
1082 4317 1180 4386 possit,
1196 4324 1222 4370 et
1237 4318 1308 4370 sumi
1324 4315 1503 4385 corporaliter
1513 4320 1613 4388 agente
1625 4316 1753 4371 interiore

913 4375 1055 4475 Dgretia,
1085 4412 1114 4458 ut
1140 4408 1260 4459 sumatur
1293 4404 1547 4475 incorruptibiliter,
1578 4413 1604 4457 et
1632 4404 1753 4460 credenti

955 4493 1051 4563 sapiat,
1066 4501 1093 4547 et
1108 4498 1244 4548 amantem
1257 4492 1379 4548 vivificet
1399 4501 1425 4548 et
1448 4492 1551 4548 nutriat
1563 4492 1751 4562 spiritualiter.

954 4581 1128 4636 lliacetenim
1138 4580 1409 4652 dicilD.Augustinus
1418 4580 1490 4647 (loir
1505 4603 1515 4628 ι
1528 4580 1608 4649 Quod
1617 4580 1753 4635 ridetisin

953 4669 1044 4733 altari,
1060 4669 1138 4739 panis
1153 4677 1192 4724 est
1206 4677 1232 4724 et
1245 4670 1325 4736 calix,
1342 4669 1413 4739 quod
1427 4669 1505 4725 vobis
1515 4668 1670 4723 renuntient
1681 4669 1753 4725 oculi

952 4756 1036 4812 vestri
1053 4774 1058 4810 :
1076 4757 1148 4828 quod
1163 4764 1253 4812 autem
1269 4755 1336 4812 fides
1350 4756 1474 4828 postulat
1486 4757 1647 4812 instruenda
1661 4758 1751 4825 panis,

951 4861 1061 4916 corpus,
1077 4845 1145 4900 culix
1161 4860 1225 4900 vero
1239 4847 1354 4918 sanguis
1368 4853 1409 4900 est
1434 4845 1543 4900 Christi.
1563 4866 1574 4893 a
1593 4845 1632 4900 De
1647 4846 1749 4916 quibus

952 4933 1033 4989 etium
1049 4932 1112 4986 alibi
1127 4932 1194 4987 dicit
1210 4950 1216 4988 :
1234 4956 1244 4981 ι
1263 4932 1333 5001 Quia
1346 4942 1374 4989 et
1388 4932 1481 4988 eadem
1505 4940 1577 4996 sunt,
1593 4940 1619 4987 et
1634 4932 1661 4986 in
1674 4934 1748 4988 aliud

951 5027 1161 5087 commutentur,
1178 5030 1206 5077 ot
1220 5021 1286 5093 quis
1300 5020 1373 5093 quod
1388 5021 1414 5076 iu
1430 5021 1471 5076 eis
1484 5020 1604 5076 exterius
1617 5021 1747 5077 sensibus

950 5120 1086 5191 subjacet,
1102 5118 1131 5173 io
1144 5119 1321 5190 percipiendo
1331 5120 1510 5175 consumitur.
1529 5143 1540 5167 i
1559 5119 1634 5176 Unde
1643 5128 1670 5174 et
1681 5119 1749 5175 dicit

949 5215 1152 5272 inlibrocoutra
1160 5217 1287 5272 Faustum
1295 5218 1352 5288 (37)
1364 5233 1370 5268 :
1381 5241 1392 5265 ι
1403 5215 1747 5289 Quidsuntaliudquaeque

948 5317 1098 5388 corporalia
1108 5325 1288 5383 sacramenta,
1301 5318 1356 5374 nisi
1367 5318 1489 5389 quaedam
1501 5321 1578 5392 quasi
1587 5321 1674 5377 verba
1683 5321 1748 5378 visi·

982 5494 1037 5566 (37)
1051 5495 1178 5568 August.
1194 5496 1296 5553 Contra
1312 5495 1443 5553 Faustum
1454 5496 1508 5554 lib.
1527 5512 1585 5565 xix,
1599 5513 1661 5570 cap.
1683 5500 1727 5557 lo.
