3704 6000
562 220 1007 284 nasncntuaaro.-nn.
1027 228 1077 288 ut.
1582 202 1645 307 ma

73 360 128 403 non
142 342 280 402 sufficeret
297 346 331 402 ad
346 359 378 401 ea
392 346 589 417 comparanda,
600 361 654 403 non
673 346 782 418 quidem
797 348 824 411 Α
839 350 968 409 loannes.
997 355 1056 411 Sint
1067 356 1132 425 justi
1154 360 1270 418 ministri
1297 365 1321 420 si
1338 367 1431 423 volunt
1447 371 1510 437 ;sin
1531 382 1631 443 autem,

74 442 218 490 uentorum
234 441 307 489 esset
324 433 406 507 digna
419 435 598 506 comparatio,
621 434 670 491 sed
685 436 784 492 didici·
839 456 964 497 securum
979 460 1022 499 me
1038 445 1102 501 tacit
1113 451 1243 521 magister
1256 470 1342 519 meus,
1359 456 1393 511 de
1420 475 1474 530 quo
1489 461 1556 516 dixit
1566 464 1632 535 spi.

74 538 192 580 ouerosa
205 522 370 594 pauperibus
384 523 419 577 ad
433 539 466 578 eu
480 524 555 580 tieret
570 524 785 582 accessioldeo
838 528 904 584 ritus
931 531 989 600 ejus
1006 552 1011 588 :
1030 535 1078 590 llic
1095 542 1139 592 est
1165 542 1212 610 put
1232 540 1358 614 baptizat
1383 546 1479 611 (doctr.
1496 566 1515 615 ι,
1533 554 1587 621 33).
1604 554 1633 611 Si

74 613 188 686 tgratia
208 609 260 666 Dei
274 611 431 667 omnimodo
456 620 525 669 essm
535 614 664 685 gratuita,
693 614 720 669 in
736 630 785 669 sa·
839 615 1018 688 lueritjustus
1030 625 1168 694 minister,
1184 640 1313 701 computo
1328 649 1390 689 eum
1405 651 1466 691 cum
1479 639 1572 707 Paulo,
1589 642 1636 713 qui

74 701 199 758 tatalibus
226 699 369 772 speciebus
394 702 587 775 nonqumsirit
611 702 782 775 dignitatem,
838 705 957 777 glorium
985 727 1064 767 suam
1095 731 1149 771 nou
1165 720 1273 787 quaerit,
1288 721 1383 779 dicens
1402 728 1477 796 :Epo
1492 729 1635 798 plantari,

74 791 239 863 ptitudinem.
256 788 328 859 Quia
342 790 413 845 enim
436 807 506 862 aqua
517 792 674 863 exstinguit,
702 809 783 847 mun·
838 795 936 866 Apollo
954 799 1068 871 rigavit,
1087 804 1160 861 deus
1179 812 1275 863 cutem
1294 810 1505 870 incrementum
1526 817 1603 875 dedit
1613 819 1637 889 (l

75 878 223 938 teandidat
234 896 290 950 prae
305 880 412 936 caeterIs
437 879 598 950 liquoribus,
623 880 685 936 ideo
701 881 783 937 etiam
839 883 901 939 Cor.
917 901 958 951 ur,
976 890 1013 957 tt).
1023 891 1174 962 Nequequi
1186 896 1296 964 retentat,
1305 902 1524 975 nequequirigat
1534 908 1632 963 estati-

74 971 198 1036 ttismate,
214 969 304 1025 caruis
322 968 458 1025 incentiva
473 969 633 1042 exstinguit,
655 978 781 1041 peccato·
838 971 912 1040 quid,
924 975 973 1030 sed
985 977 1029 1045 qui
1045 978 1240 1039 incrementum
1267 986 1314 1040 dat
1344 989 1427 1045 Deus.
1446 1014 1459 1039 ι
1474 991 1528 1061 Qui
1556 994 1637 1051 suerit

74 1075 112 1115 tm
125 1056 297 1131 originalium
312 1073 395 1127 quam
412 1058 559 1114 actualium
585 1059 674 1114 labem
685 1058 781 1125 abluit,
838 1062 972 1132 superbus
1001 1066 1136 1136 minister,
1166 1087 1226 1126 eum
1253 1074 1358 1133 Zabulo
1381 1090 1558 1150 computatur,
1587 1087 1637 1141 sed

74 1148 150 1205 entire
164 1145 311 1202 candorem
327 1146 430 1201 reducit
448 1163 454 1200 :
471 1154 499 1202 et
518 1146 581 1201 dum
607 1147 646 1204 sio
665 1146 783 1204 etelestis
837 1165 892 1204 non
914 1156 1114 1212 contaminatur
1136 1159 1237 1215 donum
1255 1163 1364 1220 Clrristi.
1387 1168 1539 1238 Spiritualis
1560 1175 1633 1231 enim

85 1236 233 1310 imaginem
249 1235 391 1300 reformat,
412 1234 480 1290 tilios
494 1235 651 1306 adoptionis
671 1252 783 1308 regene·
838 1238 924 1294 rirtus
938 1246 1101 1300 sacramenti
1125 1248 1161 1302 ita
1175 1258 1216 1304 est
1231 1260 1259 1305 at
1270 1251 1327 1318 lux,
1348 1264 1374 1310 et
1389 1256 1424 1311 ab
1446 1259 1632 1319 illuminandis

74 1326 150 1381 deum
165 1340 243 1393 reno,
257 1324 319 1395 quia
331 1323 489 1379 athletisest
500 1340 663 1398 congruum,
686 1326 782 1382 incen·
838 1344 904 1397 pure
920 1331 1061 1402 excipitur,
1087 1336 1153 1389 etsi
1181 1355 1229 1406 per
1258 1340 1412 1400 immundos
1430 1355 1559 1415 transeat,
1580 1368 1635 1409 non

86 1414 180 1471 lumini
190 1414 352 1479 obnoxium,
365 1421 392 1467 ut
407 1419 502 1469 contra
517 1415 671 1485 spirituales
682 1414 781 1485 nequi·
836 1415 994 1487 inquitatur.
1012 1423 1077 1477 Cum
1090 1440 1165 1497 ergo,
1182 1434 1250 1483 teste
1277 1432 1415 1501 Apostolo,
1440 1439 1560 1494 ministri
1581 1457 1635 1497 non

74 1520 168 1562 amana
183 1502 316 1575 fragilitas
331 1501 427 1557 lortius
451 1502 594 1570 muniatur,
612 1504 683 1572 oleo,
706 1504 781 1559 chri·
836 1505 889 1558 sint
911 1507 1022 1578 aliquid,
1039 1512 1087 1567 sed
1103 1514 1174 1569 lleus
1185 1518 1230 1588 qui
1255 1525 1488 1589 operaturomnia
1500 1528 1526 1581 in
1542 1531 1634 1584 omni·

74 1592 289 1664 retbaptismate
304 1597 331 1646 et
346 1591 371 1645 in
385 1589 588 1649 confirmatione
609 1594 781 1664 perungitur,
836 1593 895 1660 ltus,
925 1595 990 1665 quid
1014 1598 1065 1668 ipsi
1093 1617 1155 1656 cum
1171 1605 1237 1660 nibil
1266 1608 1365 1663 sintin
1389 1612 1633 1673 Daisueramenrjs

74 1706 76 1735 t
99 1683 178 1738 datus
204 1680 323 1751 Spiritus
338 1680 456 1752 geminae
477 1679 640 1749 dilectionis,
663 1682 820 1769 animamB
836 1692 984 1752 operantur
996 1701 1058 1741 oum
1074 1691 1149 1745 solus
1176 1694 1249 1749 Deus
1262 1705 1391 1766 operetur
1416 1704 1508 1758 omnia
1523 1707 1537 1758 ‘t
1553 1706 1628 1761 Unde

74 1771 202 1836 lluminet,
217 1768 361 1823 dilectione
376 1768 534 1835 inllammet,
547 1786 595 1837 spe
606 1771 709 1825 ctulesti
719 1788 780 1825 mu·
836 1770 900 1826 itetn
911 1776 1077 1843 Augustinus
1092 1795 1175 1849 super
1190 1782 1323 1840 loannem
1338 1804 1345 1841 :
1360 1811 1370 1835 t
1387 1789 1544 1861 Baptismus
1569 1795 1631 1850 ggps

74 1870 91 1917 et
111 1861 231 1915 roboret.
256 1856 325 1926 Quia
339 1873 406 1914 vero
421 1859 500 1929 panis
518 1866 545 1912 et
558 1859 651 1914 rinum
680 1859 782 1914 bomini
836 1869 876 1914 est
904 1864 992 1931 qualis
1020 1874 1060 1919 est
1087 1865 1133 1922 ille
1162 1870 1187 1923 in
1207 1872 1284 1941 cujus
1307 1885 1439 1945 potestate
1463 1881 1563 1947 datur;
1580 1898 1635 1941 non

74 1958 196 2013 oratum,
224 1947 281 2001 vite
300 1954 341 2001 est
369 1947 537 2016 temporalis,
565 1947 626 2002 itleo
657 1947 782 2003 Christus

74 2045 225 2096 tetamento
240 2034 320 2091 nobis
343 2043 468 2104 ungriam
485 2044 565 2104 caput
595 2036 728 2091 membris
742 2036 782 2089 in-

74 2137 142 2186 tutus
156 2126 185 2182 lit
195 2126 249 2180 vita
262 2134 362 2181 aeterna
376 2121 511 2179 fidelibus.
529 2125 575 2178 His
589 2126 673 2179 tribus
688 2140 782 2181 sacra·

74 2218 252 2288 sbaptismus
268 2214 318 2267 rite
344 2210 480 2284 perlieitur
496 2233 502 2267 :
519 2221 548 2267 ut
563 2214 624 2283 quia
648 2214 674 2268 in
690 2213 782 2269 Trini-

74 2308 172 2365 tomiue
190 2303 353 2367 celebratur,
369 2300 505 2356 Trinitatis
524 2303 605 2358 etium
632 2302 713 2357 fidem
732 2317 781 2356 suo

74 2398 135 2454 ,erio
150 2400 288 2458 attestans,
312 2406 360 2462 per
373 2407 473 2460 aquam
490 2393 548 2447 Deo
564 2391 635 2447 Patri
645 2408 694 2447 nos
705 2407 783 2461 rege·

87 2502 138 2557 per
152 2481 275 2554 corporis
290 2479 468 2550 etsanguiuis
483 2479 583 2534 Christi
608 2482 781 2536 communio-

74 2575 132 2631 ιἰιιο
148 2572 197 2628 Dei
210 2570 245 2626 ad
267 2569 349 2624 ritem
366 2586 415 2623 nos
442 2577 636 2640 concorporet,
652 2586 703 2640 per
728 2570 782 2625 olei

74 2680 140 2721 nem
155 2659 271 2731 Spiritus
288 2657 376 2713 suncti
391 2657 489 2712 rirtute
512 2656 662 2723 coolirmet,
693 2658 781 2727 utqui

74 2754 118 2809 itio
140 2747 355 2821 regenerationis
379 2754 449 2801 tenta
481 2746 528 2800 Dei
550 2746 639 2819 gratia
676 2745 781 2818 indigni

74 2842 179 2906 tuimur,
191 2854 244 2893 non
259 2839 437 2907 desperemus
452 2834 486 2889 ad
503 2835 564 2890 vitm
578 2835 698 2907 palmam
714 2853 780 2906 per-

74 2932 97 2988 si
106 2946 167 2986 cum
178 2927 272 2984 eadem
288 2924 374 2980 adniti
390 2923 568 2979 uoluerimus.

296 3042 406 3099 carot
427 3041 461 3097 V.

75 3150 159 3205 tauto
174 3146 243 3200 tunt
261 3142 307 3197 Dei
321 3143 502 3195 sacramento
512 3143 543 3193 ut
558 3140 685 3195 omnium
695 3138 783 3196 bonti-

214 3230 284 3269 num
299 3216 433 3283 superent
443 3213 555 3266 atterite.

75 3331 107 3372 us
120 3328 186 3385 ergo
201 3318 242 3366 est
256 3317 357 3364 tantam
377 3309 505 3363 conterre
520 3308 647 3379 gratiam,
669 3307 720 3362 nisi
735 3323 782 3362 so-

74 3405 116 3470 tei,
129 3403 173 3473 qui
187 3401 215 3455 iu
230 3406 464 3455 sacramentorum
493 3412 601 3451 suorum
625 3396 783 3453 excellentia

74 3493 159 3548 mium
174 3496 288 3561 superat
303 3487 410 3553 merita,
427 3494 455 3541 ut
470 3485 505 3540 ad
520 3486 783 3557 eorurntlignitatem

74 3588 204 3636 »testatem
218 3577 339 3647 aspirare
349 3573 624 3642 omninojudicentur
647 3574 783 3644 indignat

74 3670 146 3725 enim
162 3668 197 3722 de
220 3663 393 3720 filiisdiaboli
415 3671 506 3733 potest
532 3678 696 3734 regenerare
712 3661 784 3715 lilios

73 3757 124 3813 nisi
146 3757 225 3811 Pater
252 3754 325 3807 Deus
341 3754 355 3805 t
371 3750 440 3819 Quis
461 3759 616 3821 peccatores
634 3748 784 3819 justificare

74 3858 89 3913 t,
110 3846 164 3901 nisi
187 3845 234 3916 qui
254 3857 304 3914 pro
328 3840 447 3911 peccatis
476 3841 578 3894 nostris
599 3848 720 3893 mortuus
745 3847 785 3893 est

74 3952 112 3992 :us
126 3929 440 4001 tlitcttmspiritualssit
465 3928 596 4000 quidquid
614 3927 784 3998 inbaptismo

74 4041 104 4092 tr,
132 4023 192 4095 quis
217 4021 269 4075 hoo
288 4026 378 4088 potest
405 4034 549 4090 peragere,
582 4016 631 4071 nisi
669 4016 784 4086 Spiritus

74 4115 128 4169 us‘?
144 4112 254 4166 Frustra
282 4109 353 4163 enim
378 4107 432 4161 hoc
460 4107 486 4160 in
511 4106 650 4160 Trinitatis
673 4105 784 4159 nornine

74 4202 113 4270 ,si
128 4201 162 4256 ad
178 4198 259 4253 alium
286 4196 437 4266 quemlibet
454 4210 470 4249 a
485 4194 623 4249 Trinitatis
651 4201 784 4264 potestate

74 4300 123 4347 ret.
140 4290 200 4345 Non
211 4301 277 4358 ergo
293 4291 438 4355 praesumat
465 4282 551 4338 homo
565 4283 618 4337 sibi
643 4283 781 4353 deputare,

836 1949 926 2020 qualis
941 1959 981 2007 est
995 1952 1186 2027 illepcrcujus
1196 1961 1373 2021 ministerium
1384 1968 1472 2025 datur.
1491 1996 1502 2023 a

1137 2055 1248 2113 CAPUT
1278 2062 1325 2116 vt.

891 2131 966 2197 Quod
982 2134 1055 2191 tuito
1064 2138 1107 2193 uel
1115 2155 1225 2211 pagano
1235 2141 1379 2213 baptizare
1385 2156 1576 2221 permittitur.

872 2219 905 2274 Ut
920 2236 988 2294 ergo
1016 2225 1146 2282 ministris
1170 2230 1320 2288 auferretur
1345 2239 1504 2300 meritorum
1528 2248 1633 2318 jactan-

836 2307 882 2371 tia,
899 2311 1052 2366 concedunt
1066 2317 1153 2371 sancti
1165 2317 1188 2372 si
1202 2336 1314 2378 necesse
1329 2326 1364 2380 sit
1377 2326 1456 2395 laico,
1482 2350 1533 2392 nec
1547 2340 1631 2396 abue-

835 2402 903 2494 gant
916 2413 1025 2498 pagano
1040 2402 1197 2473 baptizandi
1211 2412 1341 2481 gratiam,
1354 2416 1451 2485 quibus
1460 2422 1518 2478 sine
1528 2426 1630 2498 ollicio,

836 2500 895 2584 stne
911 2497 1006 2545 mento
1022 2506 1074 2545 non
1086 2500 1186 2549 tautum
1203 2498 1267 2568 quid
1289 2506 1500 2577 permitteretur,
1529 2516 1553 2568 si
1580 2517 1632 2573 bo-

836 2590 939 2630 minum
953 2578 1050 2634 merita
1061 2581 1103 2635 vel
1119 2582 1208 2639 cilicia
1223 2588 1257 2642 ad
1281 2589 1472 2660 baptizandum
1502 2617 1632 2661 necessa-

836 2664 877 2717 riu
889 2665 1056 2722 riderentur.
1075 2670 1152 2727 Unde
1163 2674 1294 2748 Galagitrs
1308 2696 1385 2750 papa,
1402 2699 1466 2756 cap.
1486 2691 1502 2743 7
1517 2708 1523 2744 :
1543 2695 1633 2750 «Dia-

836 2752 897 2808 coni
912 2753 1017 2827 absque
1032 2758 1162 2830 episcopo
1173 2764 1215 2818 vel
1232 2768 1390 2839 presbytero
1406 2773 1542 2846 baptizare
1572 2800 1628 2840 non

836 2841 965 2909 audeaut,
994 2845 1044 2899 nisi
1073 2849 1210 2917 praedictis
1226 2854 1296 2911 torte
1322 2858 1418 2916 officiis
1443 2864 1551 2939 longius
1566 2888 1631 2928 eon-

836 2930 944 2998 stitutis,
967 2933 990 2987 si
1019 2940 1165 2995 necessitas
1192 2952 1314 3000 extrema
1332 2952 1490 3021 compellat,
1511 2961 1582 3030 quod
1604 2970 1630 3019 et

837 3018 913 3073 laicis
941 3022 1099 3079 Christianis
1124 3027 1212 3085 lacere
1238 3033 1398 3108 plerumque
1427 3048 1593 3106 conceditur.
1616 3076 1628 3101 »

815 3105 904 3162 ‘ltrm
928 3109 1068 3168 Isidorus:
1088 3138 1098 3161 ·
1117 3115 1145 3170 Si
1174 3119 1236 3189 quis
1260 3139 1310 3192 per
1338 3128 1532 3199 negligentiam
1561 3140 1632 3197 ordi·

837 3205 916 3251 netur
928 3208 1074 3271 antequam
1087 3203 1246 3274 baptizetur,
1269 3210 1369 3267 debent
1390 3217 1474 3275 abeo
1501 3222 1632 3295 baptizari

838 3285 935 3356 etipse
950 3288 1060 3344 ulterius
1075 3307 1127 3345 non
1143 3295 1293 3352 ordinetur.
1309 3300 1448 3359 Romanus
1463 3311 1535 3366 enim
1560 3332 1631 3385 pou-

839 3374 904 3428 tilex
920 3392 973 3431 nou
987 3379 1124 3434 bominem
1136 3381 1240 3450 judicat
1255 3387 1301 3456 qui
1312 3389 1438 3461 baptizat,
1468 3400 1516 3453 aed
1540 3401 1632 3471 Spiri-

838 3471 892 3517 tum
909 3465 958 3520 Dei
973 3468 1181 3526 subministrare
1196 3472 1322 3544 baptismi
1337 3482 1452 3550 gratiam
1466 3485 1531 3543 licet
1546 3507 1633 3564 paga-

837 3569 888 3607 nus
903 3554 937 3609 sit
951 3556 996 3625 qui
1012 3556 1137 3627 baptizat.
1157 3580 1168 3611 r
1186 3564 1252 3617 ltetn
1267 3566 1397 3624 Nicotaus
1422 3587 1493 3644 papa
1511 3580 1544 3631 cd
1561 3595 1630 3635 con-

836 3643 907 3696 sulta
918 3643 1106 3716 Uulgarorum,
1123 3664 1185 3719 cap.
1203 3654 1269 3707 tot:
1293 3658 1341 3711 «Α
1359 3661 1481 3729 quodam
1496 3675 1524 3720 ut
1537 3670 1629 3738 audio,

838 3731 947 3786 nescitis
962 3741 1054 3788 utrum
1071 3736 1227 3794 Christiano
1242 3756 1277 3795 aa
1293 3759 1411 3815 pagano,
1427 3752 1527 3808 multos
1540 3756 1567 3811 in
1583 3774 1632 3830 pa-

838 3821 890 3874 tria
918 3829 1008 3876 restra
1037 3823 1184 3895 baptizatos
1218 3832 1338 3887 asseritis
1366 3845 1393 3891 et
1417 3840 1480 3909 quid
1506 3842 1570 3901 inde
1597 3849 1633 3904 sit

838 3909 975 3981 agendum
991 3915 1143 3969 consulitis.
1163 3917 1195 3970 Hi
1216 3920 1345 3988 prolecto,
1362 3925 1383 3978 si
1399 3926 1425 3981 in
1446 3931 1556 3988 nomine
1571 3936 1633 3992 Tri-

838 3997 941 4065 nitatis,
960 3998 1001 4054 rel
1016 4007 1119 4057 tantum
1134 4002 1163 4057 iu
1179 4004 1276 4061 Cltristi
1301 4011 1419 4080 nomine,
1435 4017 1505 4073 sicut
1515 4019 1543 4075 ia
1556 4025 1632 4079 Acti-

838 4085 889 4140 bus
916 4089 1102 4158 apostolorum
1132 4089 1258 4163 legimus,
1287 4097 1415 4170 baptizati
1439 4117 1522 4162 sunt:
1550 4128 1634 4169 unum

839 4176 942 4246 quippe
951 4175 1077 4249 idemque
1092 4186 1143 4245 est,
1159 4190 1187 4235 ut
1204 4193 1315 4240 sanctus
1334 4192 1445 4259 exponit
1458 4197 1631 4265 lltnbrosius;

838 4272 945 4319 constat
963 4280 1017 4320 non
1045 4282 1105 4322 esse
1132 4268 1221 4326 denuo
1248 4273 1460 4344 baptizandos·
1485 4284 1527 4340 Ne
1543 4296 1631 4344 tamen

74 4379 158 4435 solius
174 4375 383 4431 Deiestlaeere.
402 4373 447 4427 nit
465 4372 537 4427 enim
554 4371 697 4442 Apostolus
715 4370 784 4426 :ot-
840 4353 1008 4409 ⁰¹5⁵¹lffl⁰¹¹¹f
1035 4355 1095 4411 ‘³¹1⁵
1122 4357 1272 4428 baptismus
1297 4380 1358 4420 ⁰⁸⁸0
1384 4367 1569 4440 intrertectus,
1595 4377 1632 4432 ait

74 4485 110 4526 tet
123 4467 358 4540 gratiarumsunt
374 4481 382 4514 :
397 4460 785 4530 urtuscutertltomt'rtus,gui
800 4429 825 4490 D
840 4446 1129 4516 00⁰¹¹¹f³d¹¹81¹⁸¹i¹¹¹¹⁵
1146 4449 1185 4503 ¹)ss
1206 4450 1341 4521 baptism
1364 4454 1433 4512 libro
1447 4474 1475 4513 tr
1491 4476 1498 4513 :
1513 4485 1524 4509 t
1542 4463 1634 4520 Potest

74 4551 418 4621 turomrttttt‘nootreibur,
435 4550 783 4621 diuidensst'uguttsprout
840 4530 894 4586 dici
910 4531 978 4586 ’ΠΜ
993 4533 1046 4588 θῙῑθ
1069 4535 1183 4604 doctior,
1208 4538 1276 4594 ³¹5¹ss
1303 4541 1358 4598 ³¹10
1373 4546 1461 4618 ⁰¹³3ss
1476 4549 1519 4605 l'el
1542 4550 1632 4610 minus

74 4647 95 4717 [l
105 4646 166 4704 Cor.
178 4659 230 4708 xrt,
247 4642 296 4709 b).
308 4639 385 4696 Unde
397 4640 479 4693 etiam
495 4638 620 4693 Christus
629 4653 690 4693 cum
706 4636 784 4691 dice-

74 4735 128 4792 tttst
141 4734 204 4807 quir
218 4735 338 4787 renatus
352 4730 442 4800 tuerit
471 4743 593 4798 esuque
616 4728 643 4782 et
670 4725 786 4798 Spiritu

74 4825 194 4896 ottone.
210 4835 251 4886 tn,
267 4821 305 4891 tt),
329 4818 363 4873 de
383 4816 514 4871 ministris
543 4814 663 4870 omnimo
692 4812 784 4879 tacuit,

76 4914 111 4970 de
137 4918 213 4967 tanta
240 4906 409 4981 gratianihrl
436 4904 470 4959 ad
493 4919 540 4959 eos
566 4903 680 4959 attinere
709 4901 784 4957 vidit.

90 5002 187 5058 beatus
214 4997 383 5070 Augustinus
397 5010 478 5064 super
488 4996 623 5049 loannem
639 4993 744 5061 (Truct.
756 5008 783 5058 r,

74 5091 147 5157 ,col
163 5090 226 5156 aet)
243 5104 250 5141 ε
269 5109 280 5133 «ι
298 5085 353 5141 Sed
373 5085 438 5139 dicit
455 5083 520 5137 mihi
543 5081 706 5137 haereticus:
723 5080 787 5135 Non

74 5180 261 5251 baptismum,
278 5175 338 5246 quia
354 5174 440 5229 malus
465 5171 514 5227 tibi
537 5170 620 5225 dedit.
647 5170 676 5225 si
701 5168 787 5223 malus

74 5293 185 5350 aquam,
215 5275 346 5340 Christus,
374 5279 400 5327 et
429 5271 516 5325 malus
543 5269 608 5323 milri
633 5267 716 5322 dedit.
748 5268 787 5321 De

74 5376 163 5433 litton
177 5374 301 5446 disputo.
335 5369 443 5426 Fuerint
468 5366 629 5439 qualeslibet
650 5364 784 5432 homiues,

74 5492 81 5532 ι
96 5473 208 5532 Christo
225 5468 328 5542 accepi,
339 5484 392 5542 ego
407 5462 785 5534 aCltristobaptizatussum;

74 5571 143 5645 uoti,
173 5569 241 5645 quia
268 5567 358 5625 docuit
384 5581 430 5621 me
448 5563 573 5621 columba
600 5575 683 5631 quem
719 5559 786 5620 vidit

838 4618 990 4691 baptizatus
1004 4622 1058 4678 dici
1074 4639 1126 4679 oon
1152 4634 1276 4696 potest.»

1146 4742 1255 4799 CAPUT
1275 4746 1331 4801 vtl.

841 4823 916 4889 Quod
937 4825 1086 4894 rcttguiuit
1102 4826 1248 4898 effusione,
1272 4832 1315 4886 oet
1331 4833 1390 4889 totu
1403 4834 1459 4904 fide
1474 4838 1630 4912 baptismus

1140 4902 1328 4971 corrtplratur.

876 4992 930 5047 Sed
955 5008 990 5049 ne
1013 4993 1065 5049 sibi
1093 4995 1172 5050 etiam
1200 4998 1349 5055 attribuant
1374 5002 1513 5073 officiales,
1533 5008 1631 5069 laicum

839 5082 883 5136 vel
897 5097 1034 5154 paganum
1055 5083 1150 5139 saltem
1173 5085 1260 5142 vicem
1281 5106 1356 5146 suam
1374 5094 1526 5165 explevisse
1540 5108 1631 5157 atten-

840 5170 913 5237 dant,
929 5172 1096 5243 gratiamque
1125 5175 1174 5230 Dei
1198 5176 1234 5231 ita
1262 5178 1385 5247 liberam,
1416 5193 1445 5238 ut
1472 5186 1553 5243 nullis
1580 5190 1634 5247 bo·

840 5261 942 5315 minum
961 5264 1068 5316 meritis
1097 5265 1140 5319 rel
1163 5263 1258 5321 ostiolis
1281 5270 1397 5341 astricta,
1423 5275 1534 5345 quando
1560 5280 1631 5350 rutt,

840 5358 978 5430 quomodo
994 5359 1060 5426 vult,
1080 5361 1232 5435 cuicunque
1259 5366 1326 5432 rult,
1351 5370 1468 5441 seipsam
1496 5374 1633 5437 infundat.

839 5457 907 5515 Cum
929 5456 1003 5515 enim
1030 5467 1136 5517 constet
1160 5471 1269 5519 sanctos
1294 5464 1337 5522 tel
1363 5482 1413 5523 suo
1440 5473 1574 5544 sanguine
1590 5477 1633 5533 rel

837 5557 897 5615 sola
915 5555 971 5615 tide
997 5557 1137 5631 baptimi,
1161 5561 1227 5635 quid
1247 5563 1293 5621 bic
1314 5564 1450 5625 officisles
1474 5571 1539 5626 suis
1559 5575 1644 5643 etas-
