<?xml version="1.0" encoding="UTF-8"?>
<!DOCTYPE html PUBLIC "-//W3C//DTD XHTML 1.0 Transitional//EN"
    "http://www.w3.org/TR/xhtml1/DTD/xhtml1-transitional.dtd">
<html xmlns="http://www.w3.org/1999/xhtml" xml:lang="en" lang="en">
 <head>
  <title>
</title>
<meta http-equiv="Content-Type" content="text/html;charset=utf-8" />
  <meta name='ocr-system' content='tesseract 3.04.00' />
  <meta name='ocr-capabilities' content='ocr_page ocr_carea ocr_par ocr_line ocrx_word'/>
</head>
<body>
  <div class='ocr_page' id='page_1' title='image "./patrologiaecurs13unkngoog_0355.png"; bbox 0 0 3704 6000; ppageno 0'>
   <div class='ocr_carea' id='block_1_1' title="bbox 96 212 1746 319">
    <p class='ocr_par' dir='ltr' id='par_1_1' title="bbox 96 212 1746 319">
     <span class='ocr_line' id='line_1_1' title="bbox 96 212 1746 319; baseline -0.001 -34"><span class='ocrx_word' id='word_1_1' title='bbox 96 224 149 285; x_wconf 78' lang='grc' dir='ltr'>ιιι</span> <span class='ocrx_word' id='word_1_2' title='bbox 596 215 789 283; x_wconf 68' lang='lat' dir='ltr'>ambilitati</span> <span class='ocrx_word' id='word_1_3' title='bbox 806 212 949 319; x_wconf 62' lang='lat' dir='ltr'>abbatiis</span> <span class='ocrx_word' id='word_1_4' title='bbox 968 214 997 285; x_wconf 79' lang='lat' dir='ltr'>S,</span> <span class='ocrx_word' id='word_1_5' title='bbox 1016 213 1238 283; x_wconf 71' lang='lat' dir='ltr'>monneto!</span> <span class='ocrx_word' id='word_1_6' title='bbox 1692 224 1746 295; x_wconf 74' lang='lat' dir='ltr'>&#39;iod</span> 
     </span>
    </p>
   </div>
   <div class='ocr_carea' id='block_1_2' title="bbox 94 344 1753 5040">
    <p class='ocr_par' dir='ltr' id='par_1_2' title="bbox 94 344 1753 1576">
     <span class='ocr_line' id='line_1_2' title="bbox 94 344 1749 425; baseline -0.001 -17"><span class='ocrx_word' id='word_1_7' title='bbox 94 358 135 408; x_wconf 90' lang='lat' dir='ltr'>est</span> <span class='ocrx_word' id='word_1_8' title='bbox 149 347 544 424; x_wconf 76' lang='lat' dir='ltr'>flegmatici301rceinieriora</span> <span class='ocrx_word' id='word_1_9' title='bbox 558 363 643 424; x_wconf 81' lang='lat' dir='ltr'>prope</span> <span class='ocrx_word' id='word_1_10' title='bbox 658 363 726 422; x_wconf 89' lang='lat' dir='ltr'>epar</span> <span class='ocrx_word' id='word_1_11' title='bbox 739 347 820 421; x_wconf 87' lang='lat' dir='ltr'>qnasi</span> <span class='ocrx_word' id='word_1_12' title='bbox 831 344 935 409; x_wconf 71' lang='lat' dir='ltr'>san-A</span> <span class='ocrx_word' id='word_1_13' title='bbox 949 344 1069 404; x_wconf 82' lang='lat' dir='ltr'>vitream</span> <span class='ocrx_word' id='word_1_14' title='bbox 1095 348 1199 421; x_wconf 77' lang='lat' dir='ltr'>flegma</span> <span class='ocrx_word' id='word_1_15' title='bbox 1227 344 1318 407; x_wconf 86' lang='lat' dir='ltr'>cibum</span> <span class='ocrx_word' id='word_1_16' title='bbox 1340 349 1369 406; x_wconf 84' lang='lat' dir='ltr'>et</span> <span class='ocrx_word' id='word_1_17' title='bbox 1383 351 1478 423; x_wconf 85' lang='lat' dir='ltr'>potatu</span> <span class='ocrx_word' id='word_1_18' title='bbox 1491 347 1619 419; x_wconf 90' lang='lat' dir='ltr'>destruit,</span> <span class='ocrx_word' id='word_1_19' title='bbox 1637 345 1749 425; x_wconf 88' lang='lat' dir='ltr'>rigores</span> 
     </span>
     <span class='ocr_line' id='line_1_3' title="bbox 96 432 1749 513; baseline 0.001 -19"><span class='ocrx_word' id='word_1_20' title='bbox 96 439 159 513; x_wconf 91' lang='lat' dir='ltr'>guis</span> <span class='ocrx_word' id='word_1_21' title='bbox 172 454 291 510; x_wconf 87' lang='lat' dir='ltr'>aquosus</span> <span class='ocrx_word' id='word_1_22' title='bbox 309 457 316 495; x_wconf 75' lang='grc' dir='ltr'><strong><em>ε</em></strong></span> <span class='ocrx_word' id='word_1_23' title='bbox 333 439 461 496; x_wconf 86' lang='lat' dir='ltr'>decoctus</span> <span class='ocrx_word' id='word_1_24' title='bbox 475 438 503 494; x_wconf 89' lang='lat' dir='ltr'>in</span> <span class='ocrx_word' id='word_1_25' title='bbox 521 445 600 509; x_wconf 91' lang='lat' dir='ltr'>epate</span> <span class='ocrx_word' id='word_1_26' title='bbox 620 438 752 511; x_wconf 86' lang='lat' dir='ltr'>sangnis;</span> <span class='ocrx_word' id='word_1_27' title='bbox 769 436 831 510; x_wconf 90' lang='lat' dir='ltr'>pins</span> <span class='ocrx_word' id='word_1_28' title='bbox 845 434 898 492; x_wconf 89' lang='lat' dir='ltr'>do·</span> <span class='ocrx_word' id='word_1_29' title='bbox 951 433 1014 492; x_wconf 84' lang='lat' dir='ltr'>iacit</span> <span class='ocrx_word' id='word_1_30' title='bbox 1028 435 1179 506; x_wconf 81' lang='lat' dir='ltr'>praenimia</span> <span class='ocrx_word' id='word_1_31' title='bbox 1193 432 1352 509; x_wconf 68' lang='lat' dir='ltr'>frigiditate.</span> <span class='ocrx_word' id='word_1_32' title='bbox 1368 434 1490 508; x_wconf 87' lang='lat' dir='ltr'>Quatuor</span> <span class='ocrx_word' id='word_1_33' title='bbox 1515 453 1582 513; x_wconf 86' lang='lat' dir='ltr'>ergo</span> <span class='ocrx_word' id='word_1_34' title='bbox 1603 436 1632 496; x_wconf 89' lang='lat' dir='ltr'>hi</span> <span class='ocrx_word' id='word_1_35' title='bbox 1645 437 1749 495; x_wconf 88' lang='lat' dir='ltr'>humo·</span> 
     </span>
     <span class='ocr_line' id='line_1_4' title="bbox 97 524 1751 603; baseline 0 -19"><span class='ocrx_word' id='word_1_36' title='bbox 97 535 190 584; x_wconf 91' lang='lat' dir='ltr'>coctus</span> <span class='ocrx_word' id='word_1_37' title='bbox 204 527 314 585; x_wconf 85' lang='lat' dir='ltr'>cholera</span> <span class='ocrx_word' id='word_1_38' title='bbox 324 528 429 599; x_wconf 81' lang='lat' dir='ltr'>mbeo3</span> <span class='ocrx_word' id='word_1_39' title='bbox 445 526 527 582; x_wconf 88' lang='lat' dir='ltr'>nimis</span> <span class='ocrx_word' id='word_1_40' title='bbox 540 526 667 583; x_wconf 86' lang='lat' dir='ltr'>decoctus</span> <span class='ocrx_word' id='word_1_41' title='bbox 681 525 794 584; x_wconf 87' lang='lat' dir='ltr'>cholera</span> <span class='ocrx_word' id='word_1_42' title='bbox 807 526 895 599; x_wconf 80' lang='lat' dir='ltr'>nigra.</span> <span class='ocrx_word' id='word_1_43' title='bbox 949 539 994 583; x_wconf 86' lang='lat' dir='ltr'>res</span> <span class='ocrx_word' id='word_1_44' title='bbox 1019 524 1157 596; x_wconf 83' lang='lat' dir='ltr'>superiore</span> <span class='ocrx_word' id='word_1_45' title='bbox 1180 532 1348 600; x_wconf 72' lang='lat' dir='ltr'>appetentes,</span> <span class='ocrx_word' id='word_1_46' title='bbox 1376 524 1415 581; x_wconf 89' lang='lat' dir='ltr'>ibi</span> <span class='ocrx_word' id='word_1_47' title='bbox 1442 532 1597 603; x_wconf 82' lang='lat' dir='ltr'>purgantur</span> <span class='ocrx_word' id='word_1_48' title='bbox 1631 524 1751 584; x_wconf 83' lang='lat' dir='ltr'>naturali</span> 
     </span>
     <span class='ocr_line' id='line_1_5' title="bbox 99 606 1750 689; baseline 0.001 -17"><span class='ocrx_word' id='word_1_49' title='bbox 99 615 214 674; x_wconf 87' lang='lat' dir='ltr'>Choiera</span> <span class='ocrx_word' id='word_1_50' title='bbox 229 632 298 674; x_wconf 88' lang='lat' dir='ltr'>vero</span> <span class='ocrx_word' id='word_1_51' title='bbox 307 617 396 674; x_wconf 88' lang='lat' dir='ltr'>ruben</span> <span class='ocrx_word' id='word_1_52' title='bbox 410 616 446 671; x_wconf 88' lang='lat' dir='ltr'>ab</span> <span class='ocrx_word' id='word_1_53' title='bbox 460 623 538 687; x_wconf 88' lang='lat' dir='ltr'>epate</span> <span class='ocrx_word' id='word_1_54' title='bbox 546 616 703 689; x_wconf 86' lang='lat' dir='ltr'>egrediens,</span> <span class='ocrx_word' id='word_1_55' title='bbox 713 613 898 687; x_wconf 89' lang='lat' dir='ltr'>multipliciter</span> <span class='ocrx_word' id='word_1_56' title='bbox 951 611 1066 684; x_wconf 86' lang='lat' dir='ltr'>quadam</span> <span class='ocrx_word' id='word_1_57' title='bbox 1075 614 1238 687; x_wconf 73' lang='lat' dir='ltr'>purgatione</span> <span class='ocrx_word' id='word_1_58' title='bbox 1253 631 1261 670; x_wconf 82' lang='lat' dir='ltr'>t</span> <span class='ocrx_word' id='word_1_59' title='bbox 1277 606 1389 671; x_wconf 85' lang='lat' dir='ltr'>cholera</span> <span class='ocrx_word' id='word_1_60' title='bbox 1402 630 1454 689; x_wconf 88' lang='lat' dir='ltr'>per</span> <span class='ocrx_word' id='word_1_61' title='bbox 1466 630 1557 684; x_wconf 84' lang='lat' dir='ltr'>aures,</span> <span class='ocrx_word' id='word_1_62' title='bbox 1586 615 1750 677; x_wconf 83' lang='lat' dir='ltr'>melancho-</span> 
     </span>
     <span class='ocr_line' id='line_1_6' title="bbox 97 701 1751 779; baseline 0.001 -19"><span class='ocrx_word' id='word_1_63' title='bbox 97 704 165 761; x_wconf 92' lang='lat' dir='ltr'>sein</span> <span class='ocrx_word' id='word_1_64' title='bbox 179 720 280 779; x_wconf 85' lang='lat' dir='ltr'>corpus</span> <span class='ocrx_word' id='word_1_65' title='bbox 294 706 451 774; x_wconf 88' lang='lat' dir='ltr'>iniundens,</span> <span class='ocrx_word' id='word_1_66' title='bbox 471 721 521 777; x_wconf 88' lang='lat' dir='ltr'>per</span> <span class='ocrx_word' id='word_1_67' title='bbox 535 719 634 762; x_wconf 88' lang='lat' dir='ltr'>vanam</span> <span class='ocrx_word' id='word_1_68' title='bbox 656 704 802 777; x_wconf 86' lang='lat' dir='ltr'>qnamdam</span> <span class='ocrx_word' id='word_1_69' title='bbox 817 719 847 759; x_wconf 89' lang='lat' dir='ltr'>sc</span> <span class='ocrx_word' id='word_1_70' title='bbox 862 702 897 759; x_wconf 89' lang='lat' dir='ltr'>ad</span> <span class='ocrx_word' id='word_1_71' title='bbox 950 701 987 757; x_wconf 89' lang='lat' dir='ltr'>lia</span> <span class='ocrx_word' id='word_1_72' title='bbox 1002 716 1053 772; x_wconf 87' lang='lat' dir='ltr'>per</span> <span class='ocrx_word' id='word_1_73' title='bbox 1066 703 1171 770; x_wconf 89' lang='lat' dir='ltr'>oculos,</span> <span class='ocrx_word' id='word_1_74' title='bbox 1188 701 1290 776; x_wconf 87' lang='lat' dir='ltr'>iiegma</span> <span class='ocrx_word' id='word_1_75' title='bbox 1302 719 1352 775; x_wconf 89' lang='lat' dir='ltr'>per</span> <span class='ocrx_word' id='word_1_76' title='bbox 1372 718 1451 761; x_wconf 84' lang='lat' dir='ltr'>neree</span> <span class='ocrx_word' id='word_1_77' title='bbox 1465 709 1492 759; x_wconf 91' lang='lat' dir='ltr'>et</span> <span class='ocrx_word' id='word_1_78' title='bbox 1513 719 1560 762; x_wconf 88' lang='lat' dir='ltr'>os.</span> <span class='ocrx_word' id='word_1_79' title='bbox 1576 704 1664 762; x_wconf 85' lang='lat' dir='ltr'>Urina</span> <span class='ocrx_word' id='word_1_80' title='bbox 1685 717 1751 761; x_wconf 90' lang='lat' dir='ltr'>vero</span> 
     </span>
     <span class='ocr_line' id='line_1_7' title="bbox 96 790 1751 869; baseline 0.001 -21"><span class='ocrx_word' id='word_1_81' title='bbox 96 792 227 851; x_wconf 80' lang='lat' dir='ltr'>interiora</span> <span class='ocrx_word' id='word_1_82' title='bbox 244 810 307 852; x_wconf 91' lang='lat' dir='ltr'>cnm</span> <span class='ocrx_word' id='word_1_83' title='bbox 329 796 446 867; x_wconf 90' lang='lat' dir='ltr'>quadam</span> <span class='ocrx_word' id='word_1_84' title='bbox 467 792 626 850; x_wconf 82' lang='lat' dir='ltr'>corrosione</span> <span class='ocrx_word' id='word_1_85' title='bbox 648 794 797 865; x_wconf 88' lang='lat' dir='ltr'>deponens,</span> <span class='ocrx_word' id='word_1_86' title='bbox 810 792 896 850; x_wconf 76' lang='lat' dir='ltr'>isacu-</span> <span class='ocrx_word' id='word_1_87' title='bbox 950 791 1071 849; x_wconf 89' lang='lat' dir='ltr'>colatura</span> <span class='ocrx_word' id='word_1_88' title='bbox 1099 798 1125 848; x_wconf 93' lang='lat' dir='ltr'>et</span> <span class='ocrx_word' id='word_1_89' title='bbox 1152 796 1364 867; x_wconf 76' lang='lat' dir='ltr'>purgamentum</span> <span class='ocrx_word' id='word_1_90' title='bbox 1392 790 1533 869; x_wconf 86' lang='lat' dir='ltr'>sangninis</span> <span class='ocrx_word' id='word_1_91' title='bbox 1559 800 1611 850; x_wconf 90' lang='lat' dir='ltr'>est.</span> <span class='ocrx_word' id='word_1_92' title='bbox 1626 792 1662 851; x_wconf 78' lang='lat' dir='ltr'>tir</span> <span class='ocrx_word' id='word_1_93' title='bbox 1688 809 1751 849; x_wconf 88' lang='lat' dir='ltr'>cnm</span> 
     </span>
     <span class='ocr_line' id='line_1_8' title="bbox 96 880 1751 956; baseline 0.002 -19"><span class='ocrx_word' id='word_1_94' title='bbox 96 881 170 938; x_wconf 90' lang='lat' dir='ltr'>lenta</span> <span class='ocrx_word' id='word_1_95' title='bbox 184 899 247 956; x_wconf 80' lang='lat' dir='ltr'>quae</span> <span class='ocrx_word' id='word_1_96' title='bbox 263 889 463 948; x_wconf 85' lang='lat' dir='ltr'>remanserant,</span> <span class='ocrx_word' id='word_1_97' title='bbox 478 883 556 939; x_wconf 84' lang='lat' dir='ltr'>exire</span> <span class='ocrx_word' id='word_1_98' title='bbox 572 890 702 954; x_wconf 89' lang='lat' dir='ltr'>provocat</span> <span class='ocrx_word' id='word_1_99' title='bbox 715 898 765 956; x_wconf 93' lang='lat' dir='ltr'>per</span> <span class='ocrx_word' id='word_1_100' title='bbox 778 881 896 955; x_wconf 88' lang='lat' dir='ltr'>egestio·</span> <span class='ocrx_word' id='word_1_101' title='bbox 951 888 1060 955; x_wconf 88' lang='lat' dir='ltr'>propter</span> <span class='ocrx_word' id='word_1_102' title='bbox 1072 880 1257 938; x_wconf 86' lang='lat' dir='ltr'>humiditatem</span> <span class='ocrx_word' id='word_1_103' title='bbox 1272 896 1350 937; x_wconf 89' lang='lat' dir='ltr'>suam</span> <span class='ocrx_word' id='word_1_104' title='bbox 1365 888 1392 939; x_wconf 92' lang='lat' dir='ltr'>et</span> <span class='ocrx_word' id='word_1_105' title='bbox 1413 880 1606 938; x_wconf 89' lang='lat' dir='ltr'>abundantiam</span> <span class='ocrx_word' id='word_1_106' title='bbox 1635 881 1751 955; x_wconf 86' lang='lat' dir='ltr'>sangnis</span> 
     </span>
     <span class='ocr_line' id='line_1_9' title="bbox 95 968 1752 1046; baseline 0.002 -20"><span class='ocrx_word' id='word_1_107' title='bbox 95 986 173 1028; x_wconf 90' lang='lat' dir='ltr'>nem.</span> <span class='ocrx_word' id='word_1_108' title='bbox 188 973 221 1026; x_wconf 90' lang='lat' dir='ltr'>ln</span> <span class='ocrx_word' id='word_1_109' title='bbox 241 988 295 1043; x_wconf 88' lang='lat' dir='ltr'>quo</span> <span class='ocrx_word' id='word_1_110' title='bbox 310 973 386 1046; x_wconf 83' lang='lat' dir='ltr'>cogit</span> <span class='ocrx_word' id='word_1_111' title='bbox 411 980 534 1029; x_wconf 88' lang='lat' dir='ltr'>naturam</span> <span class='ocrx_word' id='word_1_112' title='bbox 563 978 626 1027; x_wconf 90' lang='lat' dir='ltr'>ante</span> <span class='ocrx_word' id='word_1_113' title='bbox 653 972 830 1039; x_wconf 88' lang='lat' dir='ltr'>voluntatem,</span> <span class='ocrx_word' id='word_1_114' title='bbox 853 970 897 1028; x_wconf 85' lang='lat' dir='ltr'>ia·</span> <span class='ocrx_word' id='word_1_115' title='bbox 951 971 978 1024; x_wconf 85' lang='lat' dir='ltr'>et</span> <span class='ocrx_word' id='word_1_116' title='bbox 1000 968 1099 1043; x_wconf 86' lang='lat' dir='ltr'>iiegmn</span> <span class='ocrx_word' id='word_1_117' title='bbox 1122 968 1232 1027; x_wconf 83' lang='lat' dir='ltr'>facilius</span> <span class='ocrx_word' id='word_1_118' title='bbox 1257 969 1385 1041; x_wconf 77' lang='lat' dir='ltr'>ferantur,</span> <span class='ocrx_word' id='word_1_119' title='bbox 1411 976 1438 1025; x_wconf 92' lang='lat' dir='ltr'>et</span> <span class='ocrx_word' id='word_1_120' title='bbox 1459 969 1660 1043; x_wconf 79' lang='lat' dir='ltr'>superfluitates</span> <span class='ocrx_word' id='word_1_121' title='bbox 1687 986 1752 1029; x_wconf 83' lang='lat' dir='ltr'>suas</span> 
     </span>
     <span class='ocr_line' id='line_1_10' title="bbox 96 1057 1753 1135; baseline -0.001 -18"><span class='ocrx_word' id='word_1_122' title='bbox 96 1060 133 1117; x_wconf 92' lang='lat' dir='ltr'>cit</span> <span class='ocrx_word' id='word_1_123' title='bbox 159 1069 251 1117; x_wconf 86' lang='lat' dir='ltr'>contra</span> <span class='ocrx_word' id='word_1_124' title='bbox 279 1061 433 1118; x_wconf 86' lang='lat' dir='ltr'>sanitatem.</span> <span class='ocrx_word' id='word_1_125' title='bbox 462 1060 546 1116; x_wconf 86' lang='lat' dir='ltr'>Laedit</span> <span class='ocrx_word' id='word_1_126' title='bbox 572 1061 656 1117; x_wconf 88' lang='lat' dir='ltr'>etiam</span> <span class='ocrx_word' id='word_1_127' title='bbox 682 1061 836 1128; x_wconf 83' lang='lat' dir='ltr'>sanitatem,</span> <span class='ocrx_word' id='word_1_128' title='bbox 850 1061 896 1131; x_wconf 83' lang='lat' dir='ltr'>qui</span> <span class='ocrx_word' id='word_1_129' title='bbox 950 1057 1071 1128; x_wconf 86' lang='lat' dir='ltr'>ejiciam,</span> <span class='ocrx_word' id='word_1_130' title='bbox 1098 1073 1148 1130; x_wconf 89' lang='lat' dir='ltr'>per</span> <span class='ocrx_word' id='word_1_131' title='bbox 1174 1074 1256 1114; x_wconf 87' lang='lat' dir='ltr'>renes</span> <span class='ocrx_word' id='word_1_132' title='bbox 1278 1075 1326 1117; x_wconf 89' lang='lat' dir='ltr'>eas</span> <span class='ocrx_word' id='word_1_133' title='bbox 1351 1066 1378 1115; x_wconf 91' lang='lat' dir='ltr'>et</span> <span class='ocrx_word' id='word_1_134' title='bbox 1390 1058 1510 1117; x_wconf 88' lang='lat' dir='ltr'>vesicam</span> <span class='ocrx_word' id='word_1_135' title='bbox 1537 1066 1665 1135; x_wconf 88' lang='lat' dir='ltr'>egemnt,</span> <span class='ocrx_word' id='word_1_136' title='bbox 1678 1058 1753 1116; x_wconf 86' lang='lat' dir='ltr'>nulla</span> 
     </span>
     <span class='ocr_line' id='line_1_11' title="bbox 98 1145 1748 1220; baseline -0.001 -16"><span class='ocrx_word' id='word_1_137' title='bbox 98 1163 161 1204; x_wconf 90' lang='lat' dir='ltr'>cnm</span> <span class='ocrx_word' id='word_1_138' title='bbox 173 1149 249 1205; x_wconf 87' lang='lat' dir='ltr'>venit</span> <span class='ocrx_word' id='word_1_139' title='bbox 262 1150 395 1212; x_wconf 85' lang='lat' dir='ltr'>voluntas,</span> <span class='ocrx_word' id='word_1_140' title='bbox 410 1158 513 1205; x_wconf 80' lang='lat' dir='ltr'>nature</span> <span class='ocrx_word' id='word_1_141' title='bbox 525 1146 616 1205; x_wconf 85' lang='lat' dir='ltr'>differt</span> <span class='ocrx_word' id='word_1_142' title='bbox 630 1149 829 1206; x_wconf 87' lang='lat' dir='ltr'>necessitatem.</span> <span class='ocrx_word' id='word_1_143' title='bbox 845 1150 897 1206; x_wconf 88' lang='lat' dir='ltr'>Per</span> <span class='ocrx_word' id='word_1_144' title='bbox 950 1146 1059 1220; x_wconf 89' lang='lat' dir='ltr'>propria</span> <span class='ocrx_word' id='word_1_145' title='bbox 1086 1162 1153 1202; x_wconf 89' lang='lat' dir='ltr'>vasa</span> <span class='ocrx_word' id='word_1_146' title='bbox 1179 1146 1320 1215; x_wconf 87' lang='lat' dir='ltr'>habentes,</span> <span class='ocrx_word' id='word_1_147' title='bbox 1352 1145 1426 1205; x_wconf 91' lang='lat' dir='ltr'>sicut</span> <span class='ocrx_word' id='word_1_148' title='bbox 1448 1147 1558 1206; x_wconf 87' lang='lat' dir='ltr'>cnoiem</span> <span class='ocrx_word' id='word_1_149' title='bbox 1585 1146 1672 1207; x_wconf 88' lang='lat' dir='ltr'>rubea</span> <span class='ocrx_word' id='word_1_150' title='bbox 1701 1146 1748 1212; x_wconf 85' lang='lat' dir='ltr'>iel,</span> 
     </span>
     <span class='ocr_line' id='line_1_12' title="bbox 98 1234 1748 1310; baseline 0 -18"><span class='ocrx_word' id='word_1_151' title='bbox 98 1237 184 1292; x_wconf 89' lang='lat' dir='ltr'>alium</span> <span class='ocrx_word' id='word_1_152' title='bbox 194 1254 261 1295; x_wconf 80' lang='lat' dir='ltr'>reru</span> <span class='ocrx_word' id='word_1_153' title='bbox 276 1255 353 1295; x_wconf 86' lang='lat' dir='ltr'>venae</span> <span class='ocrx_word' id='word_1_154' title='bbox 367 1238 509 1308; x_wconf 87' lang='lat' dir='ltr'>cujusdam</span> <span class='ocrx_word' id='word_1_155' title='bbox 521 1238 656 1293; x_wconf 78' lang='lat' dir='ltr'>surculum</span> <span class='ocrx_word' id='word_1_156' title='bbox 671 1239 838 1295; x_wconf 90' lang='lat' dir='ltr'>stomachum</span> <span class='ocrx_word' id='word_1_157' title='bbox 851 1238 896 1293; x_wconf 90' lang='lat' dir='ltr'>in·</span> <span class='ocrx_word' id='word_1_158' title='bbox 950 1234 1141 1307; x_wconf 87' lang='lat' dir='ltr'>melancholia,</span> <span class='ocrx_word' id='word_1_159' title='bbox 1155 1235 1241 1309; x_wconf 91' lang='lat' dir='ltr'>spien.</span> <span class='ocrx_word' id='word_1_160' title='bbox 1257 1235 1437 1295; x_wconf 79' lang='lat' dir='ltr'>Melancholia</span> <span class='ocrx_word' id='word_1_161' title='bbox 1450 1237 1525 1293; x_wconf 90' lang='lat' dir='ltr'>enim</span> <span class='ocrx_word' id='word_1_162' title='bbox 1539 1235 1568 1293; x_wconf 88' lang='lat' dir='ltr'>in</span> <span class='ocrx_word' id='word_1_163' title='bbox 1595 1236 1748 1310; x_wconf 88' lang='lat' dir='ltr'>aplenese·</span> 
     </span>
     <span class='ocr_line' id='line_1_13' title="bbox 98 1322 1746 1401; baseline -0.001 -20"><span class='ocrx_word' id='word_1_164' title='bbox 98 1341 193 1399; x_wconf 89' lang='lat' dir='ltr'>gressa</span> <span class='ocrx_word' id='word_1_165' title='bbox 206 1327 318 1382; x_wconf 85' lang='lat' dir='ltr'>cholera</span> <span class='ocrx_word' id='word_1_166' title='bbox 341 1327 436 1394; x_wconf 86' lang='lat' dir='ltr'>mbea,</span> <span class='ocrx_word' id='word_1_167' title='bbox 454 1326 634 1399; x_wconf 68' lang='lat' dir='ltr'>dignationem</span> <span class='ocrx_word' id='word_1_168' title='bbox 649 1325 687 1381; x_wconf 94' lang='lat' dir='ltr'>ibi</span> <span class='ocrx_word' id='word_1_169' title='bbox 716 1335 843 1397; x_wconf 87' lang='lat' dir='ltr'>operatur</span> <span class='ocrx_word' id='word_1_170' title='bbox 870 1333 897 1384; x_wconf 89' lang='lat' dir='ltr'>et</span> <span class='ocrx_word' id='word_1_171' title='bbox 950 1322 1013 1380; x_wconf 90' lang='lat' dir='ltr'>dem</span> <span class='ocrx_word' id='word_1_172' title='bbox 1035 1323 1127 1391; x_wconf 89' lang='lat' dir='ltr'>babet,</span> <span class='ocrx_word' id='word_1_173' title='bbox 1153 1324 1200 1380; x_wconf 93' lang='lat' dir='ltr'>nbi</span> <span class='ocrx_word' id='word_1_174' title='bbox 1223 1324 1258 1380; x_wconf 89' lang='lat' dir='ltr'>ab</span> <span class='ocrx_word' id='word_1_175' title='bbox 1286 1324 1372 1397; x_wconf 87' lang='lat' dir='ltr'>epatis</span> <span class='ocrx_word' id='word_1_176' title='bbox 1393 1325 1529 1401; x_wconf 85' lang='lat' dir='ltr'>sangnine</span> <span class='ocrx_word' id='word_1_177' title='bbox 1552 1325 1701 1391; x_wconf 87' lang='lat' dir='ltr'>decolatur,</span> <span class='ocrx_word' id='word_1_178' title='bbox 1716 1331 1746 1381; x_wconf 86' lang='lat' dir='ltr'>et</span> 
     </span>
     <span class='ocr_line' id='line_1_14' title="bbox 99 1411 1750 1489; baseline 0 -18"><span class='ocrx_word' id='word_1_179' title='bbox 99 1415 260 1486; x_wconf 87' lang='lat' dir='ltr'>appetitum.</span> <span class='ocrx_word' id='word_1_180' title='bbox 276 1415 411 1471; x_wconf 87' lang='lat' dir='ltr'>Dividitur</span> <span class='ocrx_word' id='word_1_181' title='bbox 425 1415 508 1471; x_wconf 86' lang='lat' dir='ltr'>etiam</span> <span class='ocrx_word' id='word_1_182' title='bbox 526 1415 553 1469; x_wconf 92' lang='lat' dir='ltr'>in</span> <span class='ocrx_word' id='word_1_183' title='bbox 568 1414 635 1472; x_wconf 85' lang='lat' dir='ltr'>alias</span> <span class='ocrx_word' id='word_1_184' title='bbox 648 1416 771 1486; x_wconf 88' lang='lat' dir='ltr'>corporis</span> <span class='ocrx_word' id='word_1_185' title='bbox 793 1423 894 1487; x_wconf 90' lang='lat' dir='ltr'>partes,</span> <span class='ocrx_word' id='word_1_186' title='bbox 950 1411 1013 1469; x_wconf 92' lang='lat' dir='ltr'>inde</span> <span class='ocrx_word' id='word_1_187' title='bbox 1027 1414 1125 1469; x_wconf 90' lang='lat' dir='ltr'>itemm</span> <span class='ocrx_word' id='word_1_188' title='bbox 1149 1412 1185 1470; x_wconf 89' lang='lat' dir='ltr'>ad</span> <span class='ocrx_word' id='word_1_189' title='bbox 1199 1428 1230 1470; x_wconf 90' lang='lat' dir='ltr'>os</span> <span class='ocrx_word' id='word_1_190' title='bbox 1251 1413 1384 1473; x_wconf 88' lang='lat' dir='ltr'>stomachi</span> <span class='ocrx_word' id='word_1_191' title='bbox 1412 1415 1570 1483; x_wconf 84' lang='lat' dir='ltr'>remittitur,</span> <span class='ocrx_word' id='word_1_192' title='bbox 1603 1422 1632 1472; x_wconf 92' lang='grc' dir='ltr'>ιι</span> <span class='ocrx_word' id='word_1_193' title='bbox 1647 1412 1750 1489; x_wconf 83' lang='lat' dir='ltr'>appeti-</span> 
     </span>
     <span class='ocr_line' id='line_1_15' title="bbox 98 1500 1163 1576; baseline 0.003 -15"><span class='ocrx_word' id='word_1_194' title='bbox 98 1503 175 1574; x_wconf 84' lang='lat' dir='ltr'>cnjns</span> <span class='ocrx_word' id='word_1_195' title='bbox 189 1504 347 1561; x_wconf 81' lang='lat' dir='ltr'>retrimenta</span> <span class='ocrx_word' id='word_1_196' title='bbox 357 1504 393 1561; x_wconf 82' lang='lat' dir='ltr'>fel</span> <span class='ocrx_word' id='word_1_197' title='bbox 408 1504 529 1576; x_wconf 82' lang='lat' dir='ltr'>suscipit.</span> <span class='ocrx_word' id='word_1_198' title='bbox 544 1504 592 1559; x_wconf 85' lang='lat' dir='ltr'>Est</span> <span class='ocrx_word' id='word_1_199' title='bbox 605 1505 678 1560; x_wconf 90' lang='lat' dir='ltr'>enim</span> <span class='ocrx_word' id='word_1_200' title='bbox 698 1503 815 1561; x_wconf 88' lang='lat' dir='ltr'>officinm</span> <span class='ocrx_word' id='word_1_201' title='bbox 826 1504 896 1565; x_wconf 82' lang='lat' dir='ltr'>tellis</span> <span class='ocrx_word' id='word_1_202' title='bbox 949 1508 1006 1557; x_wconf 76' lang='lat' dir='ltr'>ium</span> <span class='ocrx_word' id='word_1_203' title='bbox 1017 1500 1163 1559; x_wconf 75' lang='lat' dir='ltr'>confortet·</span> 
     </span>
    </p>

    <p class='ocr_par' dir='ltr' id='par_1_3' title="bbox 96 1590 1752 5040">
     <span class='ocr_line' id='line_1_16' title="bbox 97 1590 1750 1666; baseline 0.001 -17"><span class='ocrx_word' id='word_1_204' title='bbox 97 1598 127 1649; x_wconf 91' lang='lat' dir='ltr'>nt</span> <span class='ocrx_word' id='word_1_205' title='bbox 141 1593 308 1665; x_wconf 86' lang='lat' dir='ltr'>sanguinem</span> <span class='ocrx_word' id='word_1_206' title='bbox 324 1608 341 1649; x_wconf 90' lang='lat' dir='ltr'>a</span> <span class='ocrx_word' id='word_1_207' title='bbox 355 1593 560 1650; x_wconf 90' lang='lat' dir='ltr'>cholerarubea</span> <span class='ocrx_word' id='word_1_208' title='bbox 575 1592 710 1666; x_wconf 78' lang='lat' dir='ltr'>purificet,</span> <span class='ocrx_word' id='word_1_209' title='bbox 721 1609 755 1650; x_wconf 93' lang='lat' dir='ltr'>ne</span> <span class='ocrx_word' id='word_1_210' title='bbox 764 1609 827 1651; x_wconf 90' lang='lat' dir='ltr'>cum</span> <span class='ocrx_word' id='word_1_211' title='bbox 833 1611 895 1652; x_wconf 88' lang='lat' dir='ltr'>san-</span> <span class='ocrx_word' id='word_1_212' title='bbox 984 1591 1049 1647; x_wconf 84' lang='lat' dir='ltr'>riae</span> <span class='ocrx_word' id='word_1_213' title='bbox 1062 1597 1104 1646; x_wconf 88' lang='lat' dir='ltr'>est</span> <span class='ocrx_word' id='word_1_214' title='bbox 1115 1592 1260 1648; x_wconf 88' lang='lat' dir='ltr'>humorum</span> <span class='ocrx_word' id='word_1_215' title='bbox 1275 1591 1429 1649; x_wconf 89' lang='lat' dir='ltr'>distributio</span> <span class='ocrx_word' id='word_1_216' title='bbox 1451 1608 1487 1649; x_wconf 85' lang='lat' dir='ltr'>ex</span> <span class='ocrx_word' id='word_1_217' title='bbox 1514 1590 1673 1666; x_wconf 68' lang='lat' dir='ltr'>digestione</span> <span class='ocrx_word' id='word_1_218' title='bbox 1683 1606 1750 1666; x_wconf 86' lang='lat' dir='ltr'>epa·</span> 
     </span>
     <span class='ocr_line' id='line_1_17' title="bbox 98 1679 1746 1767; baseline -0.001 -28"><span class='ocrx_word' id='word_1_219' title='bbox 98 1682 181 1755; x_wconf 88' lang='lat' dir='ltr'>gnine</span> <span class='ocrx_word' id='word_1_220' title='bbox 188 1697 361 1739; x_wconf 87' lang='lat' dir='ltr'>commorans</span> <span class='ocrx_word' id='word_1_221' title='bbox 369 1700 432 1739; x_wconf 92' lang='lat' dir='ltr'>eum</span> <span class='ocrx_word' id='word_1_222' title='bbox 440 1682 576 1739; x_wconf 91' lang='lat' dir='ltr'>incendat.</span> <span class='ocrx_word' id='word_1_223' title='bbox 594 1682 661 1752; x_wconf 86' lang='lat' dir='ltr'>Qnae</span> <span class='ocrx_word' id='word_1_224' title='bbox 675 1682 721 1738; x_wconf 91' lang='lat' dir='ltr'>nbi</span> <span class='ocrx_word' id='word_1_225' title='bbox 737 1700 787 1755; x_wconf 79' lang='lat' dir='ltr'>per</span> <span class='ocrx_word' id='word_1_226' title='bbox 808 1701 837 1741; x_wconf 75' lang='lat' dir='ltr'>aa</span> <span class='ocrx_word' id='word_1_227' title='bbox 852 1685 896 1742; x_wconf 75' lang='lat' dir='ltr'>ni.</span> <span class='ocrx_word' id='word_1_228' title='bbox 909 1700 938 1767; x_wconf 78' lang='grc' dir='ltr'><strong>Β</strong></span> <span class='ocrx_word' id='word_1_229' title='bbox 950 1679 985 1735; x_wconf 83' lang='grc' dir='ltr'>ιιι</span> <span class='ocrx_word' id='word_1_230' title='bbox 998 1679 1161 1751; x_wconf 84' lang='lat' dir='ltr'>procedens.</span> <span class='ocrx_word' id='word_1_231' title='bbox 1184 1680 1290 1737; x_wconf 86' lang='lat' dir='ltr'>Deinde</span> <span class='ocrx_word' id='word_1_232' title='bbox 1312 1696 1346 1737; x_wconf 90' lang='lat' dir='ltr'>ex</span> <span class='ocrx_word' id='word_1_233' title='bbox 1360 1680 1446 1757; x_wconf 89' lang='lat' dir='ltr'>ipsius</span> <span class='ocrx_word' id='word_1_234' title='bbox 1460 1681 1624 1756; x_wconf 71' lang='lat' dir='ltr'>digestionis</span> <span class='ocrx_word' id='word_1_235' title='bbox 1639 1679 1746 1738; x_wconf 81' lang='lat' dir='ltr'>fervore</span> 
     </span>
     <span class='ocr_line' id='line_1_18' title="bbox 97 1767 1750 1847; baseline -0.002 -19"><span class='ocrx_word' id='word_1_236' title='bbox 97 1771 182 1828; x_wconf 91' lang='lat' dir='ltr'>mium</span> <span class='ocrx_word' id='word_1_237' title='bbox 196 1771 362 1840; x_wconf 90' lang='lat' dir='ltr'>dominatur,</span> <span class='ocrx_word' id='word_1_238' title='bbox 377 1771 769 1842; x_wconf 88' lang='lat' dir='ltr'>omninincendenspessimas</span> <span class='ocrx_word' id='word_1_239' title='bbox 783 1773 899 1832; x_wconf 83' lang='lat' dir='ltr'>infirmi·</span> <span class='ocrx_word' id='word_1_240' title='bbox 954 1767 1044 1824; x_wconf 81' lang='lat' dir='ltr'>sumus</span> <span class='ocrx_word' id='word_1_241' title='bbox 1059 1768 1169 1843; x_wconf 87' lang='lat' dir='ltr'>quidam</span> <span class='ocrx_word' id='word_1_242' title='bbox 1185 1769 1336 1843; x_wconf 82' lang='lat' dir='ltr'>procedens</span> <span class='ocrx_word' id='word_1_243' title='bbox 1346 1777 1461 1845; x_wconf 89' lang='lat' dir='ltr'>generat</span> <span class='ocrx_word' id='word_1_244' title='bbox 1482 1770 1620 1845; x_wconf 82' lang='lat' dir='ltr'>spiritum,</span> <span class='ocrx_word' id='word_1_245' title='bbox 1635 1772 1684 1847; x_wconf 87' lang='lat' dir='ltr'>qui</span> <span class='ocrx_word' id='word_1_246' title='bbox 1709 1769 1750 1825; x_wconf 91' lang='lat' dir='ltr'>di·</span> 
     </span>
     <span class='ocr_line' id='line_1_19' title="bbox 98 1856 1750 1940; baseline 0.001 -24"><span class='ocrx_word' id='word_1_247' title='bbox 98 1860 902 1940; x_wconf 81' lang='lat' dir='ltr'>tatesoperotnr.Sanguisabepatepersrenasduasegre·</span> <span class='ocrx_word' id='word_1_248' title='bbox 954 1857 1027 1913; x_wconf 87' lang='lat' dir='ltr'>citur</span> <span class='ocrx_word' id='word_1_249' title='bbox 1041 1857 1183 1928; x_wconf 78' lang='lat' dir='ltr'>naturalis,</span> <span class='ocrx_word' id='word_1_250' title='bbox 1212 1873 1278 1929; x_wconf 89' lang='lat' dir='ltr'>epar</span> <span class='ocrx_word' id='word_1_251' title='bbox 1291 1858 1379 1931; x_wconf 91' lang='lat' dir='ltr'>ipsum</span> <span class='ocrx_word' id='word_1_252' title='bbox 1403 1857 1547 1917; x_wconf 84' lang='lat' dir='ltr'>vivificans</span> <span class='ocrx_word' id='word_1_253' title='bbox 1568 1856 1605 1915; x_wconf 88' lang='lat' dir='ltr'>ed</span> <span class='ocrx_word' id='word_1_254' title='bbox 1630 1857 1750 1917; x_wconf 84' lang='lat' dir='ltr'>servien-</span> 
     </span>
     <span class='ocr_line' id='line_1_20' title="bbox 100 1945 1750 2027; baseline 0.004 -22"><span class='ocrx_word' id='word_1_255' title='bbox 100 1947 190 2019; x_wconf 83' lang='lat' dir='ltr'>dieas,</span> <span class='ocrx_word' id='word_1_256' title='bbox 220 1965 335 2022; x_wconf 82' lang='lat' dir='ltr'>quarum</span> <span class='ocrx_word' id='word_1_257' title='bbox 350 1966 401 2005; x_wconf 81' lang='lat' dir='ltr'>uns</span> <span class='ocrx_word' id='word_1_258' title='bbox 414 1964 535 2006; x_wconf 80' lang='lat' dir='ltr'>canaam</span> <span class='ocrx_word' id='word_1_259' title='bbox 556 1956 680 2015; x_wconf 75' lang='lat' dir='ltr'>sonatur,</span> <span class='ocrx_word' id='word_1_260' title='bbox 697 1959 775 2022; x_wconf 77' lang='lat' dir='ltr'>paru</span> <span class='ocrx_word' id='word_1_261' title='bbox 802 1954 897 2027; x_wconf 82' lang='lat' dir='ltr'>sitem,</span> <span class='ocrx_word' id='word_1_262' title='bbox 954 1945 1019 2003; x_wconf 85' lang='lat' dir='ltr'>dum</span> <span class='ocrx_word' id='word_1_263' title='bbox 1034 1953 1146 2011; x_wconf 80' lang='lat' dir='ltr'>naama,</span> <span class='ocrx_word' id='word_1_264' title='bbox 1163 1947 1191 2003; x_wconf 85' lang='lat' dir='ltr'>in</span> <span class='ocrx_word' id='word_1_265' title='bbox 1204 1946 1386 2021; x_wconf 80' lang='lat' dir='ltr'>quodcunque</span> <span class='ocrx_word' id='word_1_266' title='bbox 1406 1948 1492 2004; x_wconf 79' lang='lat' dir='ltr'>virens</span> <span class='ocrx_word' id='word_1_267' title='bbox 1519 1946 1621 2022; x_wconf 81' lang='lat' dir='ltr'>expetit</span> <span class='ocrx_word' id='word_1_268' title='bbox 1644 1955 1750 2006; x_wconf 80' lang='lat' dir='ltr'>aarum·</span> 
     </span>
     <span class='ocr_line' id='line_1_21' title="bbox 99 2034 1746 2111; baseline 0.009 -20"><span class='ocrx_word' id='word_1_269' title='bbox 99 2038 130 2092; x_wconf 94' lang='lat' dir='ltr'>in</span> <span class='ocrx_word' id='word_1_270' title='bbox 143 2043 238 2110; x_wconf 89' lang='lat' dir='ltr'>partes</span> <span class='ocrx_word' id='word_1_271' title='bbox 252 2053 282 2094; x_wconf 89' lang='lat' dir='ltr'>sa</span> <span class='ocrx_word' id='word_1_272' title='bbox 298 2037 456 2094; x_wconf 86' lang='lat' dir='ltr'>innumeras</span> <span class='ocrx_word' id='word_1_273' title='bbox 470 2036 608 2104; x_wconf 78' lang='lat' dir='ltr'>diffundit,</span> <span class='ocrx_word' id='word_1_274' title='bbox 624 2053 674 2110; x_wconf 92' lang='lat' dir='ltr'>per</span> <span class='ocrx_word' id='word_1_275' title='bbox 681 2054 768 2095; x_wconf 91' lang='lat' dir='ltr'>venas</span> <span class='ocrx_word' id='word_1_276' title='bbox 781 2050 899 2101; x_wconf 89' lang='lat' dir='ltr'>etvena-</span> <span class='ocrx_word' id='word_1_277' title='bbox 953 2034 998 2091; x_wconf 68' lang='lat' dir='ltr'>lii·</span> <span class='ocrx_word' id='word_1_278' title='bbox 1013 2034 1079 2091; x_wconf 58' lang='lat' dir='ltr'>Titi</span> <span class='ocrx_word' id='word_1_279' title='bbox 1093 2035 1194 2108; x_wconf 89' lang='lat' dir='ltr'>quippe</span> <span class='ocrx_word' id='word_1_280' title='bbox 1210 2043 1273 2092; x_wconf 67' lang='lat' dir='ltr'>⁸i¹¹¹i</span> <span class='ocrx_word' id='word_1_281' title='bbox 1283 2037 1400 2093; x_wconf 58' lang='grc' dir='ltr'>ιῑῐιῑιῑθι</span> <span class='ocrx_word' id='word_1_282' title='bbox 1414 2036 1442 2092; x_wconf 68' lang='grc' dir='ltr'>ῑῦ</span> <span class='ocrx_word' id='word_1_283' title='bbox 1456 2036 1580 2111; x_wconf 69' lang='grc' dir='ltr'>θῡιιιθιῑθ</span> <span class='ocrx_word' id='word_1_284' title='bbox 1598 2036 1746 2111; x_wconf 60' lang='lat' dir='ltr'>redimine·</span> 
     </span>
     <span class='ocr_line' id='line_1_22' title="bbox 100 2123 1749 2200; baseline 0.001 -18"><span class='ocrx_word' id='word_1_285' title='bbox 100 2141 160 2182; x_wconf 90' lang='lat' dir='ltr'>rum</span> <span class='ocrx_word' id='word_1_286' title='bbox 175 2125 310 2183; x_wconf 88' lang='lat' dir='ltr'>torculos.</span> <span class='ocrx_word' id='word_1_287' title='bbox 330 2126 389 2183; x_wconf 88' lang='lat' dir='ltr'>Una</span> <span class='ocrx_word' id='word_1_288' title='bbox 404 2133 453 2193; x_wconf 89' lang='lat' dir='ltr'>est,</span> <span class='ocrx_word' id='word_1_289' title='bbox 469 2142 532 2200; x_wconf 76' lang='lat' dir='ltr'>qne</span> <span class='ocrx_word' id='word_1_290' title='bbox 552 2128 636 2182; x_wconf 83' lang='lat' dir='ltr'>intret</span> <span class='ocrx_word' id='word_1_291' title='bbox 662 2131 843 2198; x_wconf 86' lang='lat' dir='ltr'>stomachum,</span> <span class='ocrx_word' id='word_1_292' title='bbox 872 2137 900 2188; x_wconf 79' lang='lat' dir='ltr'>et</span> <span class='ocrx_word' id='word_1_293' title='bbox 952 2123 1045 2179; x_wconf 84' lang='lat' dir='ltr'>Virtus</span> <span class='ocrx_word' id='word_1_294' title='bbox 1072 2130 1163 2179; x_wconf 86' lang='lat' dir='ltr'>autern</span> <span class='ocrx_word' id='word_1_295' title='bbox 1179 2132 1221 2179; x_wconf 90' lang='lat' dir='ltr'>est</span> <span class='ocrx_word' id='word_1_296' title='bbox 1247 2124 1357 2180; x_wconf 90' lang='lat' dir='ltr'>habitus</span> <span class='ocrx_word' id='word_1_297' title='bbox 1385 2125 1550 2199; x_wconf 74' lang='lat' dir='ltr'>operationis</span> <span class='ocrx_word' id='word_1_298' title='bbox 1568 2126 1598 2181; x_wconf 92' lang='lat' dir='ltr'>in</span> <span class='ocrx_word' id='word_1_299' title='bbox 1616 2123 1749 2196; x_wconf 87' lang='lat' dir='ltr'>membro,</span> 
     </span>
     <span class='ocr_line' id='line_1_23' title="bbox 100 2210 1747 2287; baseline 0.004 -18"><span class='ocrx_word' id='word_1_300' title='bbox 100 2213 165 2271; x_wconf 93' lang='lat' dir='ltr'>inde</span> <span class='ocrx_word' id='word_1_301' title='bbox 179 2213 230 2271; x_wconf 81' lang='lat' dir='ltr'>fert</span> <span class='ocrx_word' id='word_1_302' title='bbox 245 2214 334 2270; x_wconf 90' lang='lat' dir='ltr'>cibum</span> <span class='ocrx_word' id='word_1_303' title='bbox 349 2214 382 2270; x_wconf 88' lang='lat' dir='ltr'>ad</span> <span class='ocrx_word' id='word_1_304' title='bbox 400 2230 478 2286; x_wconf 86' lang='lat' dir='ltr'>epar,</span> <span class='ocrx_word' id='word_1_305' title='bbox 502 2215 618 2286; x_wconf 91' lang='lat' dir='ltr'>siquem</span> <span class='ocrx_word' id='word_1_306' title='bbox 640 2215 785 2273; x_wconf 91' lang='lat' dir='ltr'>invenerit.</span> <span class='ocrx_word' id='word_1_307' title='bbox 805 2219 898 2279; x_wconf 78' lang='lat' dir='ltr'>Altera</span> <span class='ocrx_word' id='word_1_308' title='bbox 952 2211 988 2268; x_wconf 77' lang='lat' dir='ltr'>tid</span> <span class='ocrx_word' id='word_1_309' title='bbox 1002 2210 1112 2286; x_wconf 77' lang='lat' dir='ltr'>idquod</span> <span class='ocrx_word' id='word_1_310' title='bbox 1127 2210 1251 2268; x_wconf 80' lang='lat' dir='ltr'>efficitur.</span> <span class='ocrx_word' id='word_1_311' title='bbox 1270 2210 1337 2283; x_wconf 81' lang='lat' dir='ltr'>Qua</span> <span class='ocrx_word' id='word_1_312' title='bbox 1363 2213 1417 2270; x_wconf 89' lang='lat' dir='ltr'>aiia</span> <span class='ocrx_word' id='word_1_313' title='bbox 1443 2212 1576 2271; x_wconf 87' lang='lat' dir='ltr'>naturalis</span> <span class='ocrx_word' id='word_1_314' title='bbox 1604 2213 1633 2269; x_wconf 90' lang='lat' dir='ltr'>in</span> <span class='ocrx_word' id='word_1_315' title='bbox 1662 2222 1747 2287; x_wconf 84' lang='lat' dir='ltr'>epate,</span> 
     </span>
     <span class='ocr_line' id='line_1_24' title="bbox 99 2299 1748 2375; baseline 0 -17"><span class='ocrx_word' id='word_1_316' title='bbox 99 2302 252 2375; x_wconf 84' lang='lat' dir='ltr'>ingreditur</span> <span class='ocrx_word' id='word_1_317' title='bbox 279 2303 412 2359; x_wconf 88' lang='lat' dir='ltr'>stomachi</span> <span class='ocrx_word' id='word_1_318' title='bbox 433 2302 612 2369; x_wconf 83' lang='lat' dir='ltr'>latitudinem,</span> <span class='ocrx_word' id='word_1_319' title='bbox 637 2311 748 2374; x_wconf 88' lang='lat' dir='ltr'>portans</span> <span class='ocrx_word' id='word_1_320' title='bbox 776 2304 841 2364; x_wconf 73' lang='lat' dir='ltr'>iiiuc</span> <span class='ocrx_word' id='word_1_321' title='bbox 863 2309 898 2366; x_wconf 68' lang='lat' dir='ltr'>ab</span> <span class='ocrx_word' id='word_1_322' title='bbox 952 2300 1006 2356; x_wconf 87' lang='lat' dir='ltr'>alia</span> <span class='ocrx_word' id='word_1_323' title='bbox 1019 2299 1167 2372; x_wconf 87' lang='lat' dir='ltr'>spiritualis</span> <span class='ocrx_word' id='word_1_324' title='bbox 1181 2300 1209 2356; x_wconf 90' lang='lat' dir='ltr'>in</span> <span class='ocrx_word' id='word_1_325' title='bbox 1232 2301 1325 2372; x_wconf 89' lang='lat' dir='ltr'>corde,</span> <span class='ocrx_word' id='word_1_326' title='bbox 1351 2300 1407 2358; x_wconf 90' lang='lat' dir='ltr'>niia</span> <span class='ocrx_word' id='word_1_327' title='bbox 1432 2300 1556 2359; x_wconf 86' lang='lat' dir='ltr'>animalis</span> <span class='ocrx_word' id='word_1_328' title='bbox 1577 2301 1607 2363; x_wconf 85' lang='lat' dir='ltr'>in</span> <span class='ocrx_word' id='word_1_329' title='bbox 1622 2302 1748 2360; x_wconf 89' lang='lat' dir='ltr'>cerebro.</span> 
     </span>
     <span class='ocr_line' id='line_1_25' title="bbox 100 2388 1750 2471; baseline 0 -24"><span class='ocrx_word' id='word_1_330' title='bbox 100 2396 180 2463; x_wconf 89' lang='lat' dir='ltr'>epate</span> <span class='ocrx_word' id='word_1_331' title='bbox 195 2390 296 2457; x_wconf 91' lang='lat' dir='ltr'>cibum,</span> <span class='ocrx_word' id='word_1_332' title='bbox 306 2391 378 2447; x_wconf 92' lang='lat' dir='ltr'>uode</span> <span class='ocrx_word' id='word_1_333' title='bbox 388 2391 558 2448; x_wconf 80' lang='lat' dir='ltr'>ventriculus</span> <span class='ocrx_word' id='word_1_334' title='bbox 569 2392 699 2448; x_wconf 78' lang='lat' dir='ltr'>stomachi</span> <span class='ocrx_word' id='word_1_335' title='bbox 714 2393 804 2451; x_wconf 90' lang='lat' dir='ltr'>cibum</span> <span class='ocrx_word' id='word_1_336' title='bbox 820 2394 898 2471; x_wconf 90' lang='lat' dir='ltr'>dige·</span> <span class='ocrx_word' id='word_1_337' title='bbox 953 2388 1051 2447; x_wconf 87' lang='lat' dir='ltr'>Omnia</span> <span class='ocrx_word' id='word_1_338' title='bbox 1062 2398 1152 2447; x_wconf 89' lang='lat' dir='ltr'>antem</span> <span class='ocrx_word' id='word_1_339' title='bbox 1162 2391 1285 2465; x_wconf 87' lang='lat' dir='ltr'>eorporis</span> <span class='ocrx_word' id='word_1_340' title='bbox 1295 2393 1449 2466; x_wconf 87' lang='lat' dir='ltr'>regimenta</span> <span class='ocrx_word' id='word_1_341' title='bbox 1465 2399 1513 2448; x_wconf 91' lang='grc' dir='ltr'>ιιι</span> <span class='ocrx_word' id='word_1_342' title='bbox 1526 2391 1666 2451; x_wconf 83' lang='lat' dir='ltr'>exanima</span> <span class='ocrx_word' id='word_1_343' title='bbox 1691 2397 1750 2448; x_wconf 94' lang='lat' dir='ltr'>snnt</span> 
     </span>
     <span class='ocr_line' id='line_1_26' title="bbox 100 2478 1748 2558; baseline 0.005 -23"><span class='ocrx_word' id='word_1_344' title='bbox 100 2494 164 2535; x_wconf 82' lang='lat' dir='ltr'>rens</span> <span class='ocrx_word' id='word_1_345' title='bbox 181 2479 233 2535; x_wconf 86' lang='lat' dir='ltr'>sini</span> <span class='ocrx_word' id='word_1_346' title='bbox 262 2487 350 2535; x_wconf 83' lang='lat' dir='ltr'>summ</span> <span class='ocrx_word' id='word_1_347' title='bbox 368 2479 576 2535; x_wconf 83' lang='lat' dir='ltr'>nutrimentum.</span> <span class='ocrx_word' id='word_1_348' title='bbox 606 2480 697 2537; x_wconf 80' lang='lat' dir='ltr'>attera</span> <span class='ocrx_word' id='word_1_349' title='bbox 717 2482 753 2538; x_wconf 88' lang='lat' dir='ltr'>ad</span> <span class='ocrx_word' id='word_1_350' title='bbox 775 2484 898 2558; x_wconf 78' lang='lat' dir='ltr'>splenem</span> <span class='ocrx_word' id='word_1_351' title='bbox 952 2484 980 2533; x_wconf 85' lang='lat' dir='ltr'>et</span> <span class='ocrx_word' id='word_1_352' title='bbox 1005 2485 1113 2544; x_wconf 81' lang='lat' dir='ltr'>namra,</span> <span class='ocrx_word' id='word_1_353' title='bbox 1135 2486 1182 2535; x_wconf 76' lang='grc' dir='ltr'>ιιι</span> <span class='ocrx_word' id='word_1_354' title='bbox 1210 2491 1245 2536; x_wconf 84' lang='lat' dir='ltr'>ex</span> <span class='ocrx_word' id='word_1_355' title='bbox 1273 2480 1332 2536; x_wconf 87' lang='lat' dir='ltr'>sota</span> <span class='ocrx_word' id='word_1_356' title='bbox 1354 2486 1458 2536; x_wconf 81' lang='lat' dir='ltr'>natura.</span> <span class='ocrx_word' id='word_1_357' title='bbox 1489 2478 1569 2551; x_wconf 84' lang='lat' dir='ltr'>Quod</span> <span class='ocrx_word' id='word_1_358' title='bbox 1591 2480 1748 2539; x_wconf 84' lang='lat' dir='ltr'>anstnmst</span> 
     </span>
     <span class='ocr_line' id='line_1_27' title="bbox 100 2566 1748 2642; baseline 0.001 -18"><span class='ocrx_word' id='word_1_359' title='bbox 100 2583 188 2640; x_wconf 90' lang='lat' dir='ltr'>nsque</span> <span class='ocrx_word' id='word_1_360' title='bbox 203 2567 366 2641; x_wconf 88' lang='lat' dir='ltr'>procedens,</span> <span class='ocrx_word' id='word_1_361' title='bbox 380 2567 462 2624; x_wconf 73' lang='lat' dir='ltr'>iaces</span> <span class='ocrx_word' id='word_1_362' title='bbox 481 2567 622 2641; x_wconf 86' lang='lat' dir='ltr'>sanguinis</span> <span class='ocrx_word' id='word_1_363' title='bbox 650 2570 685 2626; x_wconf 96' lang='lat' dir='ltr'>ab</span> <span class='ocrx_word' id='word_1_364' title='bbox 699 2578 777 2642; x_wconf 88' lang='lat' dir='ltr'>epate</span> <span class='ocrx_word' id='word_1_365' title='bbox 802 2574 896 2632; x_wconf 80' lang='lat' dir='ltr'>trahit.</span> <span class='ocrx_word' id='word_1_366' title='bbox 951 2566 1042 2623; x_wconf 86' lang='lat' dir='ltr'>anima</span> <span class='ocrx_word' id='word_1_367' title='bbox 1059 2567 1177 2641; x_wconf 89' lang='lat' dir='ltr'>regitur,</span> <span class='ocrx_word' id='word_1_368' title='bbox 1205 2574 1232 2625; x_wconf 92' lang='lat' dir='ltr'>et</span> <span class='ocrx_word' id='word_1_369' title='bbox 1246 2567 1396 2626; x_wconf 87' lang='lat' dir='ltr'>animatum</span> <span class='ocrx_word' id='word_1_370' title='bbox 1411 2587 1419 2634; x_wconf 90' lang='lat'>;</span> <span class='ocrx_word' id='word_1_371' title='bbox 1437 2568 1510 2640; x_wconf 84' lang='lat' dir='ltr'>qnod</span> <span class='ocrx_word' id='word_1_372' title='bbox 1523 2584 1541 2625; x_wconf 92' lang='lat' dir='ltr'>a</span> <span class='ocrx_word' id='word_1_373' title='bbox 1554 2570 1616 2628; x_wconf 91' lang='lat' dir='ltr'>sola</span> <span class='ocrx_word' id='word_1_374' title='bbox 1643 2577 1748 2640; x_wconf 88' lang='lat' dir='ltr'>natura,</span> 
     </span>
     <span class='ocr_line' id='line_1_28' title="bbox 100 2653 1750 2734; baseline 0.001 -21"><span class='ocrx_word' id='word_1_375' title='bbox 100 2653 156 2713; x_wconf 89' lang='lat' dir='ltr'>Sed</span> <span class='ocrx_word' id='word_1_376' title='bbox 168 2661 314 2728; x_wconf 86' lang='lat' dir='ltr'>antequam</span> <span class='ocrx_word' id='word_1_377' title='bbox 329 2656 392 2713; x_wconf 89' lang='lat' dir='ltr'>illuc</span> <span class='ocrx_word' id='word_1_378' title='bbox 406 2656 506 2725; x_wconf 86' lang='lat' dir='ltr'>veniat,</span> <span class='ocrx_word' id='word_1_379' title='bbox 522 2656 650 2713; x_wconf 90' lang='lat' dir='ltr'>dividitur</span> <span class='ocrx_word' id='word_1_380' title='bbox 664 2658 691 2713; x_wconf 93' lang='lat' dir='ltr'>in</span> <span class='ocrx_word' id='word_1_381' title='bbox 715 2668 805 2731; x_wconf 89' lang='lat' dir='ltr'>partes</span> <span class='ocrx_word' id='word_1_382' title='bbox 833 2662 897 2734; x_wconf 81' lang='lat' dir='ltr'>plu.</span> <span class='ocrx_word' id='word_1_383' title='bbox 951 2654 1140 2711; x_wconf 88' lang='lat' dir='ltr'>inanimatum.</span> <span class='ocrx_word' id='word_1_384' title='bbox 1157 2654 1199 2711; x_wconf 89' lang='lat' dir='ltr'>De</span> <span class='ocrx_word' id='word_1_385' title='bbox 1213 2655 1367 2712; x_wconf 87' lang='lat' dir='ltr'>inanimatis</span> <span class='ocrx_word' id='word_1_386' title='bbox 1377 2655 1458 2714; x_wconf 91' lang='lat' dir='ltr'>modo</span> <span class='ocrx_word' id='word_1_387' title='bbox 1474 2656 1542 2714; x_wconf 90' lang='lat' dir='ltr'>nihil</span> <span class='ocrx_word' id='word_1_388' title='bbox 1556 2657 1592 2715; x_wconf 92' lang='lat' dir='ltr'>ad</span> <span class='ocrx_word' id='word_1_389' title='bbox 1619 2672 1689 2715; x_wconf 91' lang='lat' dir='ltr'>rem.</span> <span class='ocrx_word' id='word_1_390' title='bbox 1719 2657 1750 2714; x_wconf 89' lang='lat' dir='ltr'>in</span> 
     </span>
     <span class='ocr_line' id='line_1_29' title="bbox 100 2742 1750 2816; baseline 0.007 -16"><span class='ocrx_word' id='word_1_391' title='bbox 100 2759 153 2814; x_wconf 82' lang='lat' dir='ltr'>res,</span> <span class='ocrx_word' id='word_1_392' title='bbox 168 2751 195 2801; x_wconf 83' lang='lat' dir='ltr'>er</span> <span class='ocrx_word' id='word_1_393' title='bbox 210 2744 245 2801; x_wconf 89' lang='lat' dir='ltr'>ad</span> <span class='ocrx_word' id='word_1_394' title='bbox 258 2760 369 2802; x_wconf 81' lang='lat' dir='ltr'>carnem</span> <span class='ocrx_word' id='word_1_395' title='bbox 385 2744 556 2801; x_wconf 75' lang='lat' dir='ltr'>intuendam</span> <span class='ocrx_word' id='word_1_396' title='bbox 572 2745 700 2802; x_wconf 82' lang='lat' dir='ltr'>nititur.</span> <span class='ocrx_word' id='word_1_397' title='bbox 718 2749 783 2805; x_wconf 82' lang='lat' dir='ltr'>itae</span> <span class='ocrx_word' id='word_1_398' title='bbox 797 2765 898 2809; x_wconf 82' lang='lat' dir='ltr'>venae</span> <span class='ocrx_word' id='word_1_399' title='bbox 952 2742 992 2800; x_wconf 84' lang='lat' dir='ltr'>ets</span> <span class='ocrx_word' id='word_1_400' title='bbox 1019 2759 1085 2800; x_wconf 81' lang='lat' dir='ltr'>vem</span> <span class='ocrx_word' id='word_1_401' title='bbox 1101 2759 1164 2816; x_wconf 82' lang='lat' dir='ltr'>qus</span> <span class='ocrx_word' id='word_1_402' title='bbox 1178 2751 1240 2800; x_wconf 85' lang='lat' dir='ltr'>sunt</span> <span class='ocrx_word' id='word_1_403' title='bbox 1264 2745 1394 2810; x_wconf 81' lang='lat' dir='ltr'>animata.</span> <span class='ocrx_word' id='word_1_404' title='bbox 1421 2760 1534 2803; x_wconf 82' lang='lat' dir='ltr'>necesse</span> <span class='ocrx_word' id='word_1_405' title='bbox 1556 2745 1709 2805; x_wconf 82' lang='lat' dir='ltr'>estantma</span> <span class='ocrx_word' id='word_1_406' title='bbox 1723 2751 1750 2802; x_wconf 88' lang='lat' dir='ltr'>et</span> 
     </span>
     <span class='ocr_line' id='line_1_30' title="bbox 99 2831 1750 2911; baseline 0.009 -23"><span class='ocrx_word' id='word_1_407' title='bbox 99 2831 212 2890; x_wconf 90' lang='lat' dir='ltr'>medicis</span> <span class='ocrx_word' id='word_1_408' title='bbox 225 2848 368 2905; x_wconf 86' lang='lat' dir='ltr'>panagras</span> <span class='ocrx_word' id='word_1_409' title='bbox 378 2842 512 2905; x_wconf 76' lang='lat' dir='ltr'>vocatnr3</span> <span class='ocrx_word' id='word_1_410' title='bbox 528 2833 671 2907; x_wconf 89' lang='lat' dir='ltr'>proprium</span> <span class='ocrx_word' id='word_1_411' title='bbox 685 2844 727 2892; x_wconf 90' lang='lat' dir='ltr'>est</span> <span class='ocrx_word' id='word_1_412' title='bbox 747 2838 818 2896; x_wconf 90' lang='lat' dir='ltr'>enirn</span> <span class='ocrx_word' id='word_1_413' title='bbox 832 2855 897 2897; x_wconf 86' lang='lat' dir='ltr'>san-</span> <span class='ocrx_word' id='word_1_414' title='bbox 951 2838 1055 2889; x_wconf 61' lang='lat' dir='ltr'>nstitit&amp;</span> <span class='ocrx_word' id='word_1_415' title='bbox 1079 2831 1224 2905; x_wconf 63' lang='lat' dir='ltr'>quamdin]</span> <span class='ocrx_word' id='word_1_416' title='bbox 1255 2833 1384 2890; x_wconf 64' lang='lat' dir='ltr'>Virtutem</span> <span class='ocrx_word' id='word_1_417' title='bbox 1417 2833 1519 2903; x_wconf 88' lang='lat' dir='ltr'>inesse,</span> <span class='ocrx_word' id='word_1_418' title='bbox 1558 2848 1614 2911; x_wconf 63' lang='lat'>(1¹1⁸</span> <span class='ocrx_word' id='word_1_419' title='bbox 1641 2834 1750 2892; x_wconf 58' lang='lat' dir='ltr'>”liiii</span> 
     </span>
     <span class='ocr_line' id='line_1_31' title="bbox 98 2919 1750 3000; baseline 0.002 -24"><span class='ocrx_word' id='word_1_420' title='bbox 98 2920 176 2995; x_wconf 88' lang='lat' dir='ltr'>gnini</span> <span class='ocrx_word' id='word_1_421' title='bbox 191 2936 291 2993; x_wconf 89' lang='lat' dir='ltr'>corpus</span> <span class='ocrx_word' id='word_1_422' title='bbox 303 2921 414 2979; x_wconf 88' lang='lat' dir='ltr'>nutrire.</span> <span class='ocrx_word' id='word_1_423' title='bbox 445 2922 492 2977; x_wconf 88' lang='lat' dir='ltr'>Est</span> <span class='ocrx_word' id='word_1_424' title='bbox 507 2922 588 2978; x_wconf 89' lang='lat' dir='ltr'>etiam</span> <span class='ocrx_word' id='word_1_425' title='bbox 602 2925 742 2997; x_wconf 87' lang='lat' dir='ltr'>proprium</span> <span class='ocrx_word' id='word_1_426' title='bbox 770 2928 897 3000; x_wconf 81' lang='lat' dir='ltr'>sangnini</span> <span class='ocrx_word' id='word_1_427' title='bbox 951 2936 1026 2975; x_wconf 87' lang='lat' dir='ltr'>snam</span> <span class='ocrx_word' id='word_1_428' title='bbox 1040 2919 1191 2993; x_wconf 91' lang='lat' dir='ltr'>adimplere</span> <span class='ocrx_word' id='word_1_429' title='bbox 1201 2919 1347 2978; x_wconf 88' lang='lat' dir='ltr'>actionem.</span> <span class='ocrx_word' id='word_1_430' title='bbox 1363 2920 1432 2993; x_wconf 73' lang='lat' dir='ltr'>Quae</span> <span class='ocrx_word' id='word_1_431' title='bbox 1445 2921 1531 2978; x_wconf 85' lang='lat' dir='ltr'>virtus</span> <span class='ocrx_word' id='word_1_432' title='bbox 1546 2937 1580 2980; x_wconf 82' lang='lat' dir='ltr'>ex</span> <span class='ocrx_word' id='word_1_433' title='bbox 1596 2920 1750 2980; x_wconf 89' lang='lat' dir='ltr'>actionibus</span> 
     </span>
     <span class='ocr_line' id='line_1_32' title="bbox 98 3007 1749 3085; baseline 0.001 -20"><span class='ocrx_word' id='word_1_434' title='bbox 98 3016 128 3065; x_wconf 95' lang='lat' dir='ltr'>nt</span> <span class='ocrx_word' id='word_1_435' title='bbox 142 3008 214 3065; x_wconf 87' lang='lat' dir='ltr'>aeris</span> <span class='ocrx_word' id='word_1_436' title='bbox 225 3009 344 3066; x_wconf 90' lang='lat' dir='ltr'>imitetur</span> <span class='ocrx_word' id='word_1_437' title='bbox 358 3010 530 3083; x_wconf 77' lang='lat' dir='ltr'>qualitatem,</span> <span class='ocrx_word' id='word_1_438' title='bbox 547 3010 636 3084; x_wconf 88' lang='lat' dir='ltr'>cnjus,</span> <span class='ocrx_word' id='word_1_439' title='bbox 652 3013 720 3070; x_wconf 90' lang='lat' dir='ltr'>sicut</span> <span class='ocrx_word' id='word_1_440' title='bbox 732 3015 895 3085; x_wconf 72' lang='lat' dir='ltr'>jamdictum</span> <span class='ocrx_word' id='word_1_441' title='bbox 951 3007 1110 3084; x_wconf 69' lang='lat' dir='ltr'>concipitur·</span> <span class='ocrx_word' id='word_1_442' title='bbox 1130 3009 1161 3065; x_wconf 85' lang='lat'>111</span> <span class='ocrx_word' id='word_1_443' title='bbox 1188 3024 1220 3066; x_wconf 81' lang='lat' dir='ltr'>eo</span> <span class='ocrx_word' id='word_1_444' title='bbox 1248 3009 1321 3066; x_wconf 82' lang='lat' dir='ltr'>enim</span> <span class='ocrx_word' id='word_1_445' title='bbox 1332 3010 1407 3082; x_wconf 87' lang='lat' dir='ltr'>quod</span> <span class='ocrx_word' id='word_1_446' title='bbox 1436 3010 1603 3085; x_wconf 84' lang='lat' dir='ltr'>appetimus,</span> <span class='ocrx_word' id='word_1_447' title='bbox 1622 3012 1749 3068; x_wconf 88' lang='lat' dir='ltr'>contine·</span> 
     </span>
     <span class='ocr_line' id='line_1_33' title="bbox 99 3096 1751 3177; baseline 0.005 -22"><span class='ocrx_word' id='word_1_448' title='bbox 99 3104 149 3165; x_wconf 81' lang='grc' dir='ltr'>ιιι,</span> <span class='ocrx_word' id='word_1_449' title='bbox 165 3096 248 3156; x_wconf 86' lang='lat' dir='ltr'>babet</span> <span class='ocrx_word' id='word_1_450' title='bbox 258 3108 394 3168; x_wconf 88' lang='lat' dir='ltr'>naturam,</span> <span class='ocrx_word' id='word_1_451' title='bbox 410 3098 568 3172; x_wconf 86' lang='lat' dir='ltr'>inquantum</span> <span class='ocrx_word' id='word_1_452' title='bbox 581 3099 715 3172; x_wconf 89' lang='lat' dir='ltr'>plurimas</span> <span class='ocrx_word' id='word_1_453' title='bbox 737 3105 840 3177; x_wconf 88' lang='lat' dir='ltr'>patitur</span> <span class='ocrx_word' id='word_1_454' title='bbox 853 3106 896 3169; x_wconf 88' lang='lat' dir='ltr'>sni</span> <span class='ocrx_word' id='word_1_455' title='bbox 951 3114 1021 3167; x_wconf 86' lang='lat' dir='ltr'>mne,</span> <span class='ocrx_word' id='word_1_456' title='bbox 1035 3098 1189 3172; x_wconf 87' lang='lat' dir='ltr'>digerimus</span> <span class='ocrx_word' id='word_1_457' title='bbox 1202 3104 1230 3156; x_wconf 86' lang='lat' dir='ltr'>et</span> <span class='ocrx_word' id='word_1_458' title='bbox 1239 3099 1388 3172; x_wconf 86' lang='lat' dir='ltr'>egerimus,</span> <span class='ocrx_word' id='word_1_459' title='bbox 1404 3105 1549 3157; x_wconf 85' lang='lat' dir='ltr'>exercetur</span> <span class='ocrx_word' id='word_1_460' title='bbox 1562 3098 1649 3157; x_wconf 76' lang='lat' dir='ltr'>virtus</span> <span class='ocrx_word' id='word_1_461' title='bbox 1671 3107 1751 3163; x_wconf 72' lang='lat' dir='ltr'>utiti-</span> 
     </span>
     <span class='ocr_line' id='line_1_34' title="bbox 98 3186 1751 3263; baseline -0.001 -18"><span class='ocrx_word' id='word_1_462' title='bbox 98 3186 271 3254; x_wconf 84' lang='lat' dir='ltr'>mutationes,</span> <span class='ocrx_word' id='word_1_463' title='bbox 281 3187 414 3244; x_wconf 89' lang='lat' dir='ltr'>sicutaer.</span> <span class='ocrx_word' id='word_1_464' title='bbox 426 3187 454 3244; x_wconf 86' lang='lat' dir='ltr'>Si</span> <span class='ocrx_word' id='word_1_465' title='bbox 467 3187 541 3244; x_wconf 88' lang='lat' dir='ltr'>enim</span> <span class='ocrx_word' id='word_1_466' title='bbox 550 3187 630 3244; x_wconf 79' lang='lat' dir='ltr'>fucrit</span> <span class='ocrx_word' id='word_1_467' title='bbox 644 3206 758 3263; x_wconf 88' lang='lat' dir='ltr'>grossus</span> <span class='ocrx_word' id='word_1_468' title='bbox 785 3202 811 3249; x_wconf 90' lang='lat' dir='ltr'>et</span> <span class='ocrx_word' id='word_1_469' title='bbox 838 3200 899 3251; x_wconf 89' lang='lat' dir='ltr'>tur·</span> <span class='ocrx_word' id='word_1_470' title='bbox 950 3186 1017 3243; x_wconf 85' lang='lat' dir='ltr'>ralis</span> <span class='ocrx_word' id='word_1_471' title='bbox 1032 3204 1041 3253; x_wconf 75' lang='grc' dir='ltr'><strong>ς</strong></span> <span class='ocrx_word' id='word_1_472' title='bbox 1057 3186 1086 3242; x_wconf 88' lang='grc' dir='ltr'>ιι</span> <span class='ocrx_word' id='word_1_473' title='bbox 1101 3201 1134 3243; x_wconf 94' lang='lat' dir='ltr'>eo</span> <span class='ocrx_word' id='word_1_474' title='bbox 1147 3186 1221 3259; x_wconf 90' lang='lat' dir='ltr'>quod</span> <span class='ocrx_word' id='word_1_475' title='bbox 1236 3188 1378 3260; x_wconf 86' lang='lat' dir='ltr'>sentimus,</span> <span class='ocrx_word' id='word_1_476' title='bbox 1393 3195 1421 3245; x_wconf 93' lang='lat' dir='ltr'>et</span> <span class='ocrx_word' id='word_1_477' title='bbox 1429 3188 1582 3246; x_wconf 85' lang='lat' dir='ltr'>voluntario</span> <span class='ocrx_word' id='word_1_478' title='bbox 1599 3196 1676 3246; x_wconf 90' lang='lat' dir='ltr'>motu</span> <span class='ocrx_word' id='word_1_479' title='bbox 1699 3204 1751 3246; x_wconf 90' lang='lat' dir='ltr'>nos</span> 
     </span>
     <span class='ocr_line' id='line_1_35' title="bbox 99 3275 1750 3351; baseline 0.005 -18"><span class='ocrx_word' id='word_1_480' title='bbox 99 3276 513 3347; x_wconf 76' lang='lat' dir='ltr'>bidus,significarcaiidiratem</span> <span class='ocrx_word' id='word_1_481' title='bbox 522 3286 548 3333; x_wconf 89' lang='lat' dir='ltr'>er</span> <span class='ocrx_word' id='word_1_482' title='bbox 560 3279 748 3336; x_wconf 81' lang='lat' dir='ltr'>humiditatem</span> <span class='ocrx_word' id='word_1_483' title='bbox 761 3281 871 3338; x_wconf 89' lang='lat' dir='ltr'>nimiam</span> <span class='ocrx_word' id='word_1_484' title='bbox 888 3302 895 3351; x_wconf 86' lang='lat'>;</span> <span class='ocrx_word' id='word_1_485' title='bbox 951 3291 1103 3341; x_wconf 84' lang='lat' dir='ltr'>movemus,</span> <span class='ocrx_word' id='word_1_486' title='bbox 1120 3275 1349 3344; x_wconf 80' lang='lat' dir='ltr'>rimussnimaiis,</span> <span class='ocrx_word' id='word_1_487' title='bbox 1366 3278 1395 3333; x_wconf 89' lang='lat' dir='ltr'>tn</span> <span class='ocrx_word' id='word_1_488' title='bbox 1415 3293 1448 3335; x_wconf 91' lang='lat' dir='ltr'>en</span> <span class='ocrx_word' id='word_1_489' title='bbox 1463 3294 1528 3339; x_wconf 87' lang='lat' dir='ltr'>vern</span> <span class='ocrx_word' id='word_1_490' title='bbox 1556 3278 1631 3351; x_wconf 89' lang='lat' dir='ltr'>qnod</span> <span class='ocrx_word' id='word_1_491' title='bbox 1657 3293 1750 3342; x_wconf 77' lang='lat' dir='ltr'>aerem</span> 
     </span>
     <span class='ocr_line' id='line_1_36' title="bbox 99 3364 1751 3441; baseline 0.003 -19"><span class='ocrx_word' id='word_1_492' title='bbox 99 3367 122 3422; x_wconf 89' lang='lat' dir='ltr'>si</span> <span class='ocrx_word' id='word_1_493' title='bbox 136 3365 244 3423; x_wconf 88' lang='lat' dir='ltr'>subtilis</span> <span class='ocrx_word' id='word_1_494' title='bbox 257 3373 283 3423; x_wconf 90' lang='lat' dir='ltr'>et</span> <span class='ocrx_word' id='word_1_495' title='bbox 299 3382 419 3439; x_wconf 86' lang='lat' dir='ltr'>aquosus</span> <span class='ocrx_word' id='word_1_496' title='bbox 434 3364 568 3440; x_wconf 88' lang='lat' dir='ltr'>significat</span> <span class='ocrx_word' id='word_1_497' title='bbox 583 3367 760 3441; x_wconf 78' lang='lat' dir='ltr'>frigiditatem</span> <span class='ocrx_word' id='word_1_498' title='bbox 785 3371 894 3441; x_wconf 84' lang='lat' dir='ltr'>epatis3</span> <span class='ocrx_word' id='word_1_499' title='bbox 951 3365 1114 3420; x_wconf 81' lang='lat' dir='ltr'>attrahimus</span> <span class='ocrx_word' id='word_1_500' title='bbox 1129 3374 1156 3421; x_wconf 91' lang='lat' dir='ltr'>ct</span> <span class='ocrx_word' id='word_1_501' title='bbox 1165 3366 1323 3434; x_wconf 86' lang='lat' dir='ltr'>emittimus,</span> <span class='ocrx_word' id='word_1_502' title='bbox 1354 3368 1440 3422; x_wconf 89' lang='lat' dir='ltr'>virtus</span> <span class='ocrx_word' id='word_1_503' title='bbox 1468 3367 1629 3441; x_wconf 82' lang='lat' dir='ltr'>spiritantia.</span> <span class='ocrx_word' id='word_1_504' title='bbox 1658 3367 1751 3427; x_wconf 85' lang='lat' dir='ltr'>virtus</span> 
     </span>
     <span class='ocr_line' id='line_1_37' title="bbox 99 3453 1750 3528; baseline 0.004 -18"><span class='ocrx_word' id='word_1_505' title='bbox 99 3456 271 3511; x_wconf 86' lang='lat' dir='ltr'>sirnbenset</span> <span class='ocrx_word' id='word_1_506' title='bbox 285 3455 393 3522; x_wconf 77' lang='lat' dir='ltr'>teribus,</span> <span class='ocrx_word' id='word_1_507' title='bbox 410 3454 548 3528; x_wconf 81' lang='lat' dir='ltr'>significat</span> <span class='ocrx_word' id='word_1_508' title='bbox 575 3454 751 3513; x_wconf 86' lang='lat' dir='ltr'>iniectionem</span> <span class='ocrx_word' id='word_1_509' title='bbox 777 3458 897 3515; x_wconf 82' lang='lat' dir='ltr'>choierae</span> <span class='ocrx_word' id='word_1_510' title='bbox 951 3453 1081 3509; x_wconf 81' lang='lat' dir='ltr'>maturatis</span> <span class='ocrx_word' id='word_1_511' title='bbox 1110 3455 1264 3511; x_wconf 88' lang='lat' dir='ltr'>communis</span> <span class='ocrx_word' id='word_1_512' title='bbox 1286 3456 1437 3522; x_wconf 84' lang='lat' dir='ltr'>arboribus.</span> <span class='ocrx_word' id='word_1_513' title='bbox 1462 3456 1557 3512; x_wconf 84' lang='lat' dir='ltr'>bestiis</span> <span class='ocrx_word' id='word_1_514' title='bbox 1579 3465 1606 3513; x_wconf 91' lang='lat' dir='ltr'>et</span> <span class='ocrx_word' id='word_1_515' title='bbox 1628 3456 1750 3514; x_wconf 88' lang='lat' dir='ltr'>homini-</span> 
     </span>
     <span class='ocr_line' id='line_1_38' title="bbox 99 3542 1748 3616; baseline 0.002 -18"><span class='ocrx_word' id='word_1_516' title='bbox 99 3545 199 3612; x_wconf 75' lang='lat' dir='ltr'>mbeae,</span> <span class='ocrx_word' id='word_1_517' title='bbox 216 3551 243 3600; x_wconf 93' lang='lat' dir='ltr'>et</span> <span class='ocrx_word' id='word_1_518' title='bbox 256 3545 297 3599; x_wconf 89' lang='lat' dir='ltr'>sni</span> <span class='ocrx_word' id='word_1_519' title='bbox 312 3542 534 3613; x_wconf 85' lang='lat' dir='ltr'>putrefactionem</span> <span class='ocrx_word' id='word_1_520' title='bbox 551 3559 558 3613; x_wconf 89' lang='lat'>;</span> <span class='ocrx_word' id='word_1_521' title='bbox 574 3544 596 3599; x_wconf 86' lang='lat' dir='ltr'>si</span> <span class='ocrx_word' id='word_1_522' title='bbox 607 3561 746 3616; x_wconf 90' lang='lat' dir='ltr'>spumeus,</span> <span class='ocrx_word' id='word_1_523' title='bbox 772 3549 897 3603; x_wconf 87' lang='lat' dir='ltr'>ventosi·</span> <span class='ocrx_word' id='word_1_524' title='bbox 950 3542 1003 3597; x_wconf 89' lang='lat' dir='ltr'>bus</span> <span class='ocrx_word' id='word_1_525' title='bbox 1019 3561 1027 3609; x_wconf 87' lang='lat'><strong>;</strong></span> <span class='ocrx_word' id='word_1_526' title='bbox 1043 3544 1128 3598; x_wconf 90' lang='lat' dir='ltr'>virtus</span> <span class='ocrx_word' id='word_1_527' title='bbox 1143 3544 1293 3615; x_wconf 86' lang='lat' dir='ltr'>spiritualis</span> <span class='ocrx_word' id='word_1_528' title='bbox 1304 3545 1398 3600; x_wconf 87' lang='lat' dir='ltr'>bestiis</span> <span class='ocrx_word' id='word_1_529' title='bbox 1425 3553 1453 3600; x_wconf 88' lang='lat' dir='ltr'>et</span> <span class='ocrx_word' id='word_1_530' title='bbox 1465 3545 1620 3602; x_wconf 87' lang='lat' dir='ltr'>hominibus</span> <span class='ocrx_word' id='word_1_531' title='bbox 1637 3563 1645 3613; x_wconf 83' lang='lat'><strong>;</strong></span> <span class='ocrx_word' id='word_1_532' title='bbox 1661 3547 1748 3602; x_wconf 84' lang='lat' dir='ltr'>virtus</span> 
     </span>
     <span class='ocr_line' id='line_1_39' title="bbox 101 3631 1751 3711; baseline 0.002 -24"><span class='ocrx_word' id='word_1_533' title='bbox 101 3640 205 3697; x_wconf 75' lang='lat' dir='ltr'>taiem3</span> <span class='ocrx_word' id='word_1_534' title='bbox 222 3633 415 3706; x_wconf 86' lang='lat' dir='ltr'>aicoegniatua</span> <span class='ocrx_word' id='word_1_535' title='bbox 431 3640 458 3688; x_wconf 90' lang='lat' dir='ltr'>et</span> <span class='ocrx_word' id='word_1_536' title='bbox 478 3649 608 3703; x_wconf 86' lang='lat' dir='ltr'>aquosus,</span> <span class='ocrx_word' id='word_1_537' title='bbox 624 3635 759 3707; x_wconf 75' lang='lat' dir='ltr'>significat</span> <span class='ocrx_word' id='word_1_538' title='bbox 782 3637 898 3693; x_wconf 81' lang='lat' dir='ltr'>nimium</span> <span class='ocrx_word' id='word_1_539' title='bbox 952 3631 1076 3686; x_wconf 88' lang='lat' dir='ltr'>animalis</span> <span class='ocrx_word' id='word_1_540' title='bbox 1085 3631 1248 3687; x_wconf 87' lang='lat' dir='ltr'>animalibus</span> <span class='ocrx_word' id='word_1_541' title='bbox 1261 3633 1385 3689; x_wconf 78' lang='lat' dir='ltr'>similiter</span> <span class='ocrx_word' id='word_1_542' title='bbox 1394 3634 1421 3689; x_wconf 89' lang='lat' dir='ltr'>in</span> <span class='ocrx_word' id='word_1_543' title='bbox 1438 3633 1613 3709; x_wconf 80' lang='lat' dir='ltr'>quibusdam,</span> <span class='ocrx_word' id='word_1_544' title='bbox 1637 3635 1666 3689; x_wconf 91' lang='lat' dir='ltr'>in</span> <span class='ocrx_word' id='word_1_545' title='bbox 1688 3636 1751 3711; x_wconf 89' lang='lat' dir='ltr'>qni·</span> 
     </span>
     <span class='ocr_line' id='line_1_40' title="bbox 100 3717 1750 3796; baseline 0.002 -20"><span class='ocrx_word' id='word_1_546' title='bbox 100 3719 203 3794; x_wconf 86' lang='lat' dir='ltr'>iegnra</span> <span class='ocrx_word' id='word_1_547' title='bbox 217 3728 244 3777; x_wconf 88' lang='lat' dir='ltr'>et</span> <span class='ocrx_word' id='word_1_548' title='bbox 258 3721 408 3793; x_wconf 82' lang='lat' dir='ltr'>expuisivae</span> <span class='ocrx_word' id='word_1_549' title='bbox 431 3721 536 3776; x_wconf 79' lang='lat' dir='ltr'>virtutis</span> <span class='ocrx_word' id='word_1_550' title='bbox 558 3722 707 3779; x_wconf 85' lang='lat' dir='ltr'>defectum.</span> <span class='ocrx_word' id='word_1_551' title='bbox 734 3722 812 3793; x_wconf 84' lang='lat' dir='ltr'>Quod</span> <span class='ocrx_word' id='word_1_552' title='bbox 824 3726 898 3787; x_wconf 88' lang='lat' dir='ltr'>enim</span> <span class='ocrx_word' id='word_1_553' title='bbox 952 3717 1142 3776; x_wconf 86' lang='lat' dir='ltr'>husdnmnon.</span> <span class='ocrx_word' id='word_1_554' title='bbox 1161 3722 1231 3776; x_wconf 88' lang='lat' dir='ltr'>Nam</span> <span class='ocrx_word' id='word_1_555' title='bbox 1247 3723 1420 3794; x_wconf 86' lang='lat' dir='ltr'>phantasiam</span> <span class='ocrx_word' id='word_1_556' title='bbox 1449 3731 1475 3779; x_wconf 90' lang='lat' dir='ltr'>et</span> <span class='ocrx_word' id='word_1_557' title='bbox 1497 3723 1659 3781; x_wconf 87' lang='lat' dir='ltr'>memoriam</span> <span class='ocrx_word' id='word_1_558' title='bbox 1682 3738 1750 3796; x_wconf 90' lang='lat' dir='ltr'>per·</span> 
     </span>
     <span class='ocr_line' id='line_1_41' title="bbox 99 3808 1749 3881; baseline 0.002 -16"><span class='ocrx_word' id='word_1_559' title='bbox 99 3808 265 3881; x_wconf 80' lang='lat' dir='ltr'>pecorinam</span> <span class='ocrx_word' id='word_1_560' title='bbox 281 3809 325 3864; x_wconf 90' lang='lat' dir='ltr'>vel</span> <span class='ocrx_word' id='word_1_561' title='bbox 339 3809 466 3864; x_wconf 88' lang='lat' dir='ltr'>sudorem</span> <span class='ocrx_word' id='word_1_562' title='bbox 486 3809 580 3865; x_wconf 89' lang='lat' dir='ltr'>aliisve</span> <span class='ocrx_word' id='word_1_563' title='bbox 610 3810 700 3867; x_wconf 91' lang='lat' dir='ltr'>modis</span> <span class='ocrx_word' id='word_1_564' title='bbox 727 3813 819 3868; x_wconf 90' lang='lat' dir='ltr'>debuit</span> <span class='ocrx_word' id='word_1_565' title='bbox 845 3829 896 3871; x_wconf 86' lang='lat' dir='ltr'>ex·</span> <span class='ocrx_word' id='word_1_566' title='bbox 952 3808 1021 3864; x_wconf 89' lang='lat' dir='ltr'>ieote</span> <span class='ocrx_word' id='word_1_567' title='bbox 1043 3824 1097 3865; x_wconf 92' lang='lat' dir='ltr'>non</span> <span class='ocrx_word' id='word_1_568' title='bbox 1124 3818 1215 3881; x_wconf 87' lang='lat' dir='ltr'>potest</span> <span class='ocrx_word' id='word_1_569' title='bbox 1227 3811 1338 3877; x_wconf 80' lang='lat' dir='ltr'>bebere,</span> <span class='ocrx_word' id='word_1_570' title='bbox 1351 3811 1402 3868; x_wconf 92' lang='lat' dir='ltr'>nisi</span> <span class='ocrx_word' id='word_1_571' title='bbox 1417 3811 1517 3868; x_wconf 88' lang='lat' dir='ltr'>animai</span> <span class='ocrx_word' id='word_1_572' title='bbox 1533 3810 1676 3873; x_wconf 82' lang='lat' dir='ltr'>rationale.</span> <span class='ocrx_word' id='word_1_573' title='bbox 1687 3811 1749 3869; x_wconf 84' lang='lat' dir='ltr'>Vir·</span> 
     </span>
     <span class='ocr_line' id='line_1_42' title="bbox 100 3896 1749 3972; baseline 0.005 -20"><span class='ocrx_word' id='word_1_574' title='bbox 100 3896 176 3970; x_wconf 87' lang='lat' dir='ltr'>pelli,</span> <span class='ocrx_word' id='word_1_575' title='bbox 192 3896 324 3952; x_wconf 80' lang='lat' dir='ltr'>remansit</span> <span class='ocrx_word' id='word_1_576' title='bbox 339 3896 531 3969; x_wconf 87' lang='lat' dir='ltr'>insanguine.</span> <span class='ocrx_word' id='word_1_577' title='bbox 552 3897 665 3971; x_wconf 86' lang='lat' dir='ltr'>Fiegma</span> <span class='ocrx_word' id='word_1_578' title='bbox 674 3901 843 3957; x_wconf 89' lang='lat' dir='ltr'>semicrudus</span> <span class='ocrx_word' id='word_1_579' title='bbox 855 3909 899 3959; x_wconf 88' lang='lat' dir='ltr'>est</span> <span class='ocrx_word' id='word_1_580' title='bbox 953 3903 993 3953; x_wconf 80' lang='lat' dir='ltr'>ius</span> <span class='ocrx_word' id='word_1_581' title='bbox 1008 3903 1098 3953; x_wconf 66' lang='lat' dir='ltr'>tutem</span> <span class='ocrx_word' id='word_1_582' title='bbox 1113 3899 1243 3954; x_wconf 66' lang='lat' dir='ltr'>naturalis</span> <span class='ocrx_word' id='word_1_583' title='bbox 1262 3899 1311 3955; x_wconf 79' lang='lat' dir='ltr'>trit</span> <span class='ocrx_word' id='word_1_584' title='bbox 1322 3901 1413 3967; x_wconf 72' lang='lat' dir='ltr'>habet,</span> <span class='ocrx_word' id='word_1_585' title='bbox 1436 3898 1463 3955; x_wconf 86' lang='lat' dir='ltr'>id</span> <span class='ocrx_word' id='word_1_586' title='bbox 1492 3906 1533 3957; x_wconf 79' lang='lat' dir='ltr'>osi</span> <span class='ocrx_word' id='word_1_587' title='bbox 1545 3908 1601 3958; x_wconf 76' lang='lat' dir='ltr'>ires</span> <span class='ocrx_word' id='word_1_588' title='bbox 1624 3900 1749 3972; x_wconf 76' lang='lat' dir='ltr'>virtutae,</span> 
     </span>
     <span class='ocr_line' id='line_1_43' title="bbox 100 3983 1752 4063; baseline 0.004 -22"><span class='ocrx_word' id='word_1_589' title='bbox 100 3983 176 4041; x_wconf 88' lang='lat' dir='ltr'>cibus</span> <span class='ocrx_word' id='word_1_590' title='bbox 191 3997 199 4054; x_wconf 88' lang='lat'>;</span> <span class='ocrx_word' id='word_1_591' title='bbox 215 3992 360 4056; x_wconf 89' lang='lat' dir='ltr'>propterea</span> <span class='ocrx_word' id='word_1_592' title='bbox 375 3984 504 4058; x_wconf 78' lang='lat' dir='ltr'>frigidum</span> <span class='ocrx_word' id='word_1_593' title='bbox 519 3994 603 4042; x_wconf 88' lang='lat' dir='ltr'>estet</span> <span class='ocrx_word' id='word_1_594' title='bbox 617 3986 769 4044; x_wconf 91' lang='lat' dir='ltr'>humidum.</span> <span class='ocrx_word' id='word_1_595' title='bbox 785 3990 898 4063; x_wconf 85' lang='lat' dir='ltr'>Flegma</span> <span class='ocrx_word' id='word_1_596' title='bbox 951 3986 1147 4057; x_wconf 80' lang='lat' dir='ltr'>generativam,</span> <span class='ocrx_word' id='word_1_597' title='bbox 1163 3988 1334 4058; x_wconf 82' lang='lat' dir='ltr'>pascitivam,</span> <span class='ocrx_word' id='word_1_598' title='bbox 1364 3987 1529 4047; x_wconf 80' lang='lat' dir='ltr'>nutritivam.</span> <span class='ocrx_word' id='word_1_599' title='bbox 1558 3988 1752 4049; x_wconf 77' lang='lat' dir='ltr'>Generatimnt</span> 
     </span>
     <span class='ocr_line' id='line_1_44' title="bbox 100 4072 1750 4150; baseline 0.004 -22"><span class='ocrx_word' id='word_1_600' title='bbox 100 4073 129 4128; x_wconf 93' lang='lat' dir='ltr'>in</span> <span class='ocrx_word' id='word_1_601' title='bbox 156 4073 355 4130; x_wconf 89' lang='lat' dir='ltr'>nutrimentum</span> <span class='ocrx_word' id='word_1_602' title='bbox 382 4072 504 4144; x_wconf 85' lang='lat' dir='ltr'>corporis</span> <span class='ocrx_word' id='word_1_603' title='bbox 533 4073 681 4147; x_wconf 88' lang='lat' dir='ltr'>aliqnando</span> <span class='ocrx_word' id='word_1_604' title='bbox 707 4085 836 4148; x_wconf 89' lang='lat' dir='ltr'>operatur</span> <span class='ocrx_word' id='word_1_605' title='bbox 849 4078 897 4136; x_wconf 87' lang='lat' dir='ltr'>de-</span> <span class='ocrx_word' id='word_1_606' title='bbox 950 4073 979 4129; x_wconf 89' lang='lat' dir='ltr'>in</span> <span class='ocrx_word' id='word_1_607' title='bbox 995 4081 1137 4144; x_wconf 85' lang='lat' dir='ltr'>spermate,</span> <span class='ocrx_word' id='word_1_608' title='bbox 1155 4075 1316 4145; x_wconf 83' lang='lat' dir='ltr'>pascitivam</span> <span class='ocrx_word' id='word_1_609' title='bbox 1331 4077 1358 4132; x_wconf 90' lang='lat' dir='ltr'>in</span> <span class='ocrx_word' id='word_1_610' title='bbox 1372 4079 1557 4150; x_wconf 85' lang='lat' dir='ltr'>vegetatione,</span> <span class='ocrx_word' id='word_1_611' title='bbox 1588 4078 1750 4136; x_wconf 87' lang='lat' dir='ltr'>nutritivam</span> 
     </span>
     <span class='ocr_line' id='line_1_45' title="bbox 100 4158 1749 4238; baseline 0.006 -23"><span class='ocrx_word' id='word_1_612' title='bbox 100 4158 207 4217; x_wconf 82' lang='lat' dir='ltr'>finiente</span> <span class='ocrx_word' id='word_1_613' title='bbox 228 4159 371 4233; x_wconf 87' lang='lat' dir='ltr'>sangnine,</span> <span class='ocrx_word' id='word_1_614' title='bbox 394 4168 420 4217; x_wconf 89' lang='lat' dir='ltr'>et</span> <span class='ocrx_word' id='word_1_615' title='bbox 447 4160 589 4219; x_wconf 89' lang='lat' dir='ltr'>decoctum</span> <span class='ocrx_word' id='word_1_616' title='bbox 616 4167 737 4220; x_wconf 87' lang='lat' dir='ltr'>mutatur</span> <span class='ocrx_word' id='word_1_617' title='bbox 762 4165 792 4221; x_wconf 89' lang='lat' dir='ltr'>in</span> <span class='ocrx_word' id='word_1_618' title='bbox 831 4182 897 4222; x_wconf 87' lang='lat' dir='ltr'>san-</span> <span class='ocrx_word' id='word_1_619' title='bbox 950 4160 978 4217; x_wconf 93' lang='lat' dir='ltr'>in</span> <span class='ocrx_word' id='word_1_620' title='bbox 993 4164 1217 4235; x_wconf 85' lang='lat' dir='ltr'>augmentatione</span> <span class='ocrx_word' id='word_1_621' title='bbox 1232 4163 1266 4222; x_wconf 93' lang='lat' dir='ltr'>de</span> <span class='ocrx_word' id='word_1_622' title='bbox 1281 4180 1365 4238; x_wconf 87' lang='lat' dir='ltr'>parvo</span> <span class='ocrx_word' id='word_1_623' title='bbox 1380 4165 1408 4221; x_wconf 92' lang='lat' dir='ltr'>in</span> <span class='ocrx_word' id='word_1_624' title='bbox 1421 4180 1560 4238; x_wconf 88' lang='lat' dir='ltr'>magnum.</span> <span class='ocrx_word' id='word_1_625' title='bbox 1578 4166 1643 4224; x_wconf 81' lang='lat' dir='ltr'>Han</span> <span class='ocrx_word' id='word_1_626' title='bbox 1656 4175 1749 4224; x_wconf 88' lang='lat' dir='ltr'>autern</span> 
     </span>
     <span class='ocr_line' id='line_1_46' title="bbox 100 4248 1751 4328; baseline 0.005 -24"><span class='ocrx_word' id='word_1_627' title='bbox 100 4248 221 4323; x_wconf 88' lang='lat' dir='ltr'>guinem.</span> <span class='ocrx_word' id='word_1_628' title='bbox 253 4248 367 4323; x_wconf 83' lang='lat' dir='ltr'>Flegma</span> <span class='ocrx_word' id='word_1_629' title='bbox 381 4249 404 4305; x_wconf 93' lang='lat' dir='ltr'>si</span> <span class='ocrx_word' id='word_1_630' title='bbox 419 4248 549 4325; x_wconf 91' lang='lat' dir='ltr'>liquidem</span> <span class='ocrx_word' id='word_1_631' title='bbox 565 4251 695 4308; x_wconf 87' lang='lat' dir='ltr'>emittitur</span> <span class='ocrx_word' id='word_1_632' title='bbox 713 4259 740 4308; x_wconf 93' lang='lat' dir='ltr'>et</span> <span class='ocrx_word' id='word_1_633' title='bbox 767 4254 824 4311; x_wconf 87' lang='lat' dir='ltr'>sine</span> <span class='ocrx_word' id='word_1_634' title='bbox 850 4270 896 4311; x_wconf 88' lang='lat' dir='ltr'>sn·</span> <span class='ocrx_word' id='word_1_635' title='bbox 950 4248 1195 4324; x_wconf 86' lang='lat' dir='ltr'>maximesanguis</span> <span class='ocrx_word' id='word_1_636' title='bbox 1208 4261 1349 4324; x_wconf 89' lang='lat' dir='ltr'>operatur,</span> <span class='ocrx_word' id='word_1_637' title='bbox 1374 4254 1420 4328; x_wconf 92' lang='lat' dir='ltr'>qui</span> <span class='ocrx_word' id='word_1_638' title='bbox 1441 4254 1564 4313; x_wconf 78' lang='lat' dir='ltr'>umorem</span> <span class='ocrx_word' id='word_1_639' title='bbox 1592 4253 1674 4312; x_wconf 84' lang='lat' dir='ltr'>habat</span> <span class='ocrx_word' id='word_1_640' title='bbox 1701 4271 1751 4312; x_wconf 92' lang='lat' dir='ltr'>nn·</span> 
     </span>
     <span class='ocr_line' id='line_1_47' title="bbox 96 4338 1752 4416; baseline 0.005 -22"><span class='ocrx_word' id='word_1_641' title='bbox 96 4352 176 4410; x_wconf 89' lang='lat' dir='ltr'>pore,</span> <span class='ocrx_word' id='word_1_642' title='bbox 204 4339 328 4394; x_wconf 90' lang='lat' dir='ltr'>naturale</span> <span class='ocrx_word' id='word_1_643' title='bbox 342 4346 383 4395; x_wconf 91' lang='lat' dir='ltr'>est</span> <span class='ocrx_word' id='word_1_644' title='bbox 400 4356 406 4405; x_wconf 85' lang='lat'>;</span> <span class='ocrx_word' id='word_1_645' title='bbox 423 4339 447 4394; x_wconf 89' lang='lat' dir='ltr'>si</span> <span class='ocrx_word' id='word_1_646' title='bbox 471 4338 560 4409; x_wconf 91' lang='lat' dir='ltr'>dulce,</span> <span class='ocrx_word' id='word_1_647' title='bbox 589 4338 721 4397; x_wconf 80' lang='lat' dir='ltr'>infectum</span> <span class='ocrx_word' id='word_1_648' title='bbox 738 4342 894 4416; x_wconf 87' lang='lat' dir='ltr'>sangnina;</span> <span class='ocrx_word' id='word_1_649' title='bbox 953 4338 1068 4396; x_wconf 85' lang='lat' dir='ltr'>hitivam</span> <span class='ocrx_word' id='word_1_650' title='bbox 1084 4347 1110 4396; x_wconf 93' lang='lat' dir='ltr'>et</span> <span class='ocrx_word' id='word_1_651' title='bbox 1120 4341 1358 4414; x_wconf 88' lang='lat' dir='ltr'>augmentativam.</span> <span class='ocrx_word' id='word_1_652' title='bbox 1374 4341 1423 4399; x_wconf 86' lang='lat' dir='ltr'>cni</span> <span class='ocrx_word' id='word_1_653' title='bbox 1447 4343 1617 4401; x_wconf 86' lang='lat' dir='ltr'>subserviunt</span> <span class='ocrx_word' id='word_1_654' title='bbox 1641 4343 1671 4400; x_wconf 91' lang='lat' dir='ltr'>in</span> <span class='ocrx_word' id='word_1_655' title='bbox 1697 4344 1752 4403; x_wconf 88' lang='lat' dir='ltr'>boo</span> 
     </span>
     <span class='ocr_line' id='line_1_48' title="bbox 98 4409 1749 4506; baseline 0.007 -25"><span class='ocrx_word' id='word_1_656' title='bbox 98 4425 122 4481; x_wconf 93' lang='grc' dir='ltr'>ιι</span> <span class='ocrx_word' id='word_1_657' title='bbox 137 4425 248 4491; x_wconf 85' lang='lat' dir='ltr'>salsum,</span> <span class='ocrx_word' id='word_1_658' title='bbox 264 4425 394 4484; x_wconf 88' lang='lat' dir='ltr'>iniectum</span> <span class='ocrx_word' id='word_1_659' title='bbox 409 4426 518 4484; x_wconf 87' lang='lat' dir='ltr'>cholera</span> <span class='ocrx_word' id='word_1_660' title='bbox 533 4427 618 4484; x_wconf 88' lang='lat' dir='ltr'>mbea</span> <span class='ocrx_word' id='word_1_661' title='bbox 641 4442 648 4497; x_wconf 87' lang='lat'>;</span> <span class='ocrx_word' id='word_1_662' title='bbox 676 4430 701 4486; x_wconf 89' lang='lat' dir='ltr'>si</span> <span class='ocrx_word' id='word_1_663' title='bbox 714 4445 817 4499; x_wconf 87' lang='lat' dir='ltr'>acrum,</span> <span class='ocrx_word' id='word_1_664' title='bbox 833 4448 894 4489; x_wconf 87' lang='lat' dir='ltr'>me·</span> <span class='ocrx_word' id='word_1_665' title='bbox 908 4409 937 4472; x_wconf 78' lang='lat' dir='ltr'>D</span> <span class='ocrx_word' id='word_1_666' title='bbox 952 4427 1155 4500; x_wconf 87' lang='lat' dir='ltr'>superfluitates</span> <span class='ocrx_word' id='word_1_667' title='bbox 1169 4429 1226 4500; x_wconf 87' lang='lat' dir='ltr'>ejus</span> <span class='ocrx_word' id='word_1_668' title='bbox 1239 4428 1458 4501; x_wconf 79' lang='lat' dir='ltr'>mundificantes,</span> <span class='ocrx_word' id='word_1_669' title='bbox 1482 4431 1528 4499; x_wconf 86' lang='lat' dir='ltr'>iel,</span> <span class='ocrx_word' id='word_1_670' title='bbox 1543 4431 1632 4506; x_wconf 89' lang='lat' dir='ltr'>splen,</span> <span class='ocrx_word' id='word_1_671' title='bbox 1659 4448 1749 4493; x_wconf 77' lang='lat' dir='ltr'>renea</span> 
     </span>
     <span class='ocr_line' id='line_1_49' title="bbox 105 4512 1750 4594; baseline 0.008 -24"><span class='ocrx_word' id='word_1_672' title='bbox 105 4512 659 4591; x_wconf 85' lang='lat' dir='ltr'>tanchoiia;sivitrsnmetcoagn1atnm,</span> <span class='ocrx_word' id='word_1_673' title='bbox 689 4534 724 4575; x_wconf 87' lang='lat' dir='ltr'>ex</span> <span class='ocrx_word' id='word_1_674' title='bbox 748 4518 897 4594; x_wconf 75' lang='lat' dir='ltr'>nigidium</span> <span class='ocrx_word' id='word_1_675' title='bbox 952 4515 998 4574; x_wconf 80' lang='lat' dir='ltr'>ret</span> <span class='ocrx_word' id='word_1_676' title='bbox 1025 4516 1164 4574; x_wconf 80' lang='lat' dir='ltr'>choleram</span> <span class='ocrx_word' id='word_1_677' title='bbox 1192 4518 1304 4575; x_wconf 82' lang='lat' dir='ltr'>rubeam</span> <span class='ocrx_word' id='word_1_678' title='bbox 1334 4520 1470 4576; x_wconf 81' lang='lat' dir='ltr'>armosos</span> <span class='ocrx_word' id='word_1_679' title='bbox 1490 4520 1525 4577; x_wconf 89' lang='lat' dir='ltr'>sd</span> <span class='ocrx_word' id='word_1_680' title='bbox 1554 4535 1594 4591; x_wconf 87' lang='lat' dir='ltr'>se,</span> <span class='ocrx_word' id='word_1_681' title='bbox 1622 4536 1659 4580; x_wconf 88' lang='lat' dir='ltr'>ne</span> <span class='ocrx_word' id='word_1_682' title='bbox 1687 4537 1750 4581; x_wconf 86' lang='lat' dir='ltr'>erun</span> 
     </span>
     <span class='ocr_line' id='line_1_50' title="bbox 98 4602 1748 4684; baseline 0.006 -25"><span class='ocrx_word' id='word_1_683' title='bbox 98 4609 149 4660; x_wconf 87' lang='lat' dir='ltr'>est.</span> <span class='ocrx_word' id='word_1_684' title='bbox 179 4602 221 4660; x_wconf 81' lang='lat' dir='ltr'>Er</span> <span class='ocrx_word' id='word_1_685' title='bbox 238 4603 441 4660; x_wconf 88' lang='lat' dir='ltr'>actionibuesic</span> <span class='ocrx_word' id='word_1_686' title='bbox 455 4612 648 4679; x_wconf 90' lang='lat' dir='ltr'>cognoscetur.</span> <span class='ocrx_word' id='word_1_687' title='bbox 664 4606 693 4664; x_wconf 84' lang='lat' dir='ltr'>si</span> <span class='ocrx_word' id='word_1_688' title='bbox 719 4606 819 4681; x_wconf 89' lang='lat' dir='ltr'>iiegmn</span> <span class='ocrx_word' id='word_1_689' title='bbox 845 4624 898 4666; x_wconf 86' lang='lat' dir='ltr'>na·</span> <span class='ocrx_word' id='word_1_690' title='bbox 951 4612 1065 4674; x_wconf 60' lang='lat' dir='ltr'>exuram</span> <span class='ocrx_word' id='word_1_691' title='bbox 1081 4605 1160 4678; x_wconf 89' lang='lat' dir='ltr'>splen</span> <span class='ocrx_word' id='word_1_692' title='bbox 1173 4606 1374 4678; x_wconf 82' lang='lat' dir='ltr'>superfluitates</span> <span class='ocrx_word' id='word_1_693' title='bbox 1395 4607 1454 4681; x_wconf 92' lang='lat' dir='ltr'>ejus</span> <span class='ocrx_word' id='word_1_694' title='bbox 1476 4608 1506 4665; x_wconf 90' lang='lat' dir='ltr'>in</span> <span class='ocrx_word' id='word_1_695' title='bbox 1533 4624 1563 4666; x_wconf 91' lang='lat' dir='ltr'>se</span> <span class='ocrx_word' id='word_1_696' title='bbox 1585 4610 1748 4684; x_wconf 83' lang='lat' dir='ltr'>suscipiens,</span> 
     </span>
     <span class='ocr_line' id='line_1_51' title="bbox 97 4690 1750 4774; baseline 0.007 -27"><span class='ocrx_word' id='word_1_697' title='bbox 97 4690 185 4748; x_wconf 87' lang='lat' dir='ltr'>tnraie</span> <span class='ocrx_word' id='word_1_698' title='bbox 196 4692 399 4762; x_wconf 87' lang='lat' dir='ltr'>redundaverit,</span> <span class='ocrx_word' id='word_1_699' title='bbox 415 4692 467 4750; x_wconf 90' lang='lat' dir='ltr'>cibi</span> <span class='ocrx_word' id='word_1_700' title='bbox 482 4701 616 4766; x_wconf 89' lang='lat' dir='ltr'>potusque</span> <span class='ocrx_word' id='word_1_701' title='bbox 626 4695 775 4768; x_wconf 89' lang='lat' dir='ltr'>appetitum</span> <span class='ocrx_word' id='word_1_702' title='bbox 799 4697 897 4754; x_wconf 89' lang='lat' dir='ltr'>remit-</span> <span class='ocrx_word' id='word_1_703' title='bbox 951 4709 1033 4750; x_wconf 90' lang='lat' dir='ltr'>renes</span> <span class='ocrx_word' id='word_1_704' title='bbox 1061 4709 1127 4751; x_wconf 89' lang='lat' dir='ltr'>vero</span> <span class='ocrx_word' id='word_1_705' title='bbox 1156 4694 1354 4765; x_wconf 84' lang='lat' dir='ltr'>superfluitates</span> <span class='ocrx_word' id='word_1_706' title='bbox 1373 4712 1490 4770; x_wconf 85' lang='lat' dir='ltr'>aquosas</span> <span class='ocrx_word' id='word_1_707' title='bbox 1503 4697 1539 4755; x_wconf 90' lang='lat' dir='ltr'>de</span> <span class='ocrx_word' id='word_1_708' title='bbox 1561 4701 1697 4774; x_wconf 87' lang='lat' dir='ltr'>sangnine</span> <span class='ocrx_word' id='word_1_709' title='bbox 1721 4700 1750 4758; x_wconf 90' lang='lat' dir='ltr'>in</span> 
     </span>
     <span class='ocr_line' id='line_1_52' title="bbox 98 4779 1749 4862; baseline 0.006 -26"><span class='ocrx_word' id='word_1_710' title='bbox 98 4779 137 4851; x_wconf 89' lang='grc' dir='ltr'>ιιι,</span> <span class='ocrx_word' id='word_1_711' title='bbox 154 4787 266 4852; x_wconf 90' lang='lat' dir='ltr'>propter</span> <span class='ocrx_word' id='word_1_712' title='bbox 273 4781 394 4838; x_wconf 84' lang='lat' dir='ltr'>humoris</span> <span class='ocrx_word' id='word_1_713' title='bbox 409 4781 603 4840; x_wconf 87' lang='lat' dir='ltr'>abundantiam</span> <span class='ocrx_word' id='word_1_714' title='bbox 620 4783 649 4839; x_wconf 90' lang='lat' dir='ltr'>in</span> <span class='ocrx_word' id='word_1_715' title='bbox 668 4786 825 4857; x_wconf 86' lang='lat' dir='ltr'>stomacho;</span> <span class='ocrx_word' id='word_1_716' title='bbox 842 4784 897 4846; x_wconf 90' lang='lat' dir='ltr'>cibi</span> <span class='ocrx_word' id='word_1_717' title='bbox 951 4782 1070 4840; x_wconf 86' lang='lat' dir='ltr'>vesicam</span> <span class='ocrx_word' id='word_1_718' title='bbox 1080 4783 1204 4839; x_wconf 92' lang='lat' dir='ltr'>emittunt</span> <span class='ocrx_word' id='word_1_719' title='bbox 1217 4784 1382 4858; x_wconf 86' lang='lat' dir='ltr'>egerendas,</span> <span class='ocrx_word' id='word_1_720' title='bbox 1396 4785 1465 4844; x_wconf 91' lang='lat' dir='ltr'>sicut</span> <span class='ocrx_word' id='word_1_721' title='bbox 1479 4786 1610 4845; x_wconf 86' lang='lat' dir='ltr'>intestina</span> <span class='ocrx_word' id='word_1_722' title='bbox 1636 4804 1749 4862; x_wconf 75' lang='lat' dir='ltr'>grossm</span> 
     </span>
     <span class='ocr_line' id='line_1_53' title="bbox 97 4870 1749 4948; baseline 0.006 -22"><span class='ocrx_word' id='word_1_723' title='bbox 97 4874 231 4942; x_wconf 84' lang='lat' dir='ltr'>potusque</span> <span class='ocrx_word' id='word_1_724' title='bbox 241 4884 369 4942; x_wconf 87' lang='lat' dir='ltr'>saporem</span> <span class='ocrx_word' id='word_1_725' title='bbox 384 4870 489 4941; x_wconf 90' lang='lat' dir='ltr'>minuit,</span> <span class='ocrx_word' id='word_1_726' title='bbox 506 4872 576 4928; x_wconf 88' lang='lat' dir='ltr'>sicut</span> <span class='ocrx_word' id='word_1_727' title='bbox 598 4888 667 4943; x_wconf 85' lang='lat' dir='ltr'>aqna</span> <span class='ocrx_word' id='word_1_728' title='bbox 686 4873 820 4947; x_wconf 84' lang='lat' dir='ltr'>cujusque</span> <span class='ocrx_word' id='word_1_729' title='bbox 842 4875 897 4934; x_wconf 88' lang='lat' dir='ltr'>eibi</span> <span class='ocrx_word' id='word_1_730' title='bbox 950 4872 1053 4930; x_wconf 86' lang='lat' dir='ltr'>oibose</span> <span class='ocrx_word' id='word_1_731' title='bbox 1066 4872 1206 4929; x_wconf 88' lang='lat' dir='ltr'>stomacho</span> <span class='ocrx_word' id='word_1_732' title='bbox 1220 4873 1369 4945; x_wconf 87' lang='lat' dir='ltr'>suscipiunt</span> <span class='ocrx_word' id='word_1_733' title='bbox 1384 4877 1551 4948; x_wconf 88' lang='lat' dir='ltr'>egerendos.</span> <span class='ocrx_word' id='word_1_734' title='bbox 1568 4876 1604 4933; x_wconf 83' lang='lat' dir='ltr'>iit</span> <span class='ocrx_word' id='word_1_735' title='bbox 1617 4879 1676 4935; x_wconf 84' lang='lat' dir='ltr'>baec</span> <span class='ocrx_word' id='word_1_736' title='bbox 1689 4892 1749 4936; x_wconf 87' lang='lat' dir='ltr'>orn-</span> 
     </span>
     <span class='ocr_line' id='line_1_54' title="bbox 98 4957 1749 5040; baseline 0.006 -26"><span class='ocrx_word' id='word_1_737' title='bbox 98 4957 151 5014; x_wconf 86' lang='lat' dir='ltr'>aibi</span> <span class='ocrx_word' id='word_1_738' title='bbox 165 4957 273 5014; x_wconf 89' lang='lat' dir='ltr'>admisti</span> <span class='ocrx_word' id='word_1_739' title='bbox 285 4974 412 5032; x_wconf 90' lang='lat' dir='ltr'>saporem</span> <span class='ocrx_word' id='word_1_740' title='bbox 428 4960 496 5016; x_wconf 89' lang='lat' dir='ltr'>solet</span> <span class='ocrx_word' id='word_1_741' title='bbox 505 4960 637 5017; x_wconf 89' lang='lat' dir='ltr'>minuere.</span> <span class='ocrx_word' id='word_1_742' title='bbox 654 4960 682 5017; x_wconf 90' lang='lat' dir='ltr'>Si</span> <span class='ocrx_word' id='word_1_743' title='bbox 696 4962 775 5019; x_wconf 87' lang='lat' dir='ltr'>dulce</span> <span class='ocrx_word' id='word_1_744' title='bbox 796 4963 897 5038; x_wconf 82' lang='lat' dir='ltr'>flegma</span> <span class='ocrx_word' id='word_1_745' title='bbox 949 4961 998 5016; x_wconf 87' lang='lat' dir='ltr'>nio</span> <span class='ocrx_word' id='word_1_746' title='bbox 1012 4969 1142 5032; x_wconf 87' lang='lat' dir='ltr'>operatur</span> <span class='ocrx_word' id='word_1_747' title='bbox 1156 4960 1267 5033; x_wconf 83' lang='lat' dir='ltr'>spiritns</span> <span class='ocrx_word' id='word_1_748' title='bbox 1281 4962 1423 5034; x_wconf 85' lang='lat' dir='ltr'>naturalis,</span> <span class='ocrx_word' id='word_1_749' title='bbox 1450 4963 1496 5036; x_wconf 87' lang='lat' dir='ltr'>qni</span> <span class='ocrx_word' id='word_1_750' title='bbox 1519 4971 1599 5022; x_wconf 88' lang='lat' dir='ltr'>natue</span> <span class='ocrx_word' id='word_1_751' title='bbox 1626 4965 1655 5022; x_wconf 92' lang='lat' dir='ltr'>in</span> <span class='ocrx_word' id='word_1_752' title='bbox 1668 4974 1749 5040; x_wconf 85' lang='lat' dir='ltr'>epate</span> 
     </span>
    </p>
   </div>
   <div class='ocr_carea' id='block_1_3' title="bbox 96 5050 1751 5625">
    <p class='ocr_par' dir='ltr' id='par_1_4' title="bbox 96 5050 1751 5625">
     <span class='ocr_line' id='line_1_55' title="bbox 99 5050 1746 5136; baseline 0.007 -26"><span class='ocrx_word' id='word_1_753' title='bbox 99 5050 263 5124; x_wconf 90' lang='lat' dir='ltr'>dominatur,</span> <span class='ocrx_word' id='word_1_754' title='bbox 280 5055 356 5112; x_wconf 84' lang='lat' dir='ltr'>cibus</span> <span class='ocrx_word' id='word_1_755' title='bbox 379 5071 469 5113; x_wconf 89' lang='lat' dir='ltr'>omnrs</span> <span class='ocrx_word' id='word_1_756' title='bbox 487 5056 567 5114; x_wconf 91' lang='lat' dir='ltr'>duioe</span> <span class='ocrx_word' id='word_1_757' title='bbox 581 5057 661 5129; x_wconf 88' lang='lat' dir='ltr'>sapit,</span> <span class='ocrx_word' id='word_1_758' title='bbox 680 5065 708 5115; x_wconf 90' lang='lat' dir='ltr'>et</span> <span class='ocrx_word' id='word_1_759' title='bbox 720 5056 774 5116; x_wconf 90' lang='lat' dir='ltr'>cito</span> <span class='ocrx_word' id='word_1_760' title='bbox 791 5060 895 5135; x_wconf 67' lang='lat' dir='ltr'>digest.</span> <span class='ocrx_word' id='word_1_761' title='bbox 950 5055 1077 5112; x_wconf 88' lang='lat' dir='ltr'>virtutem</span> <span class='ocrx_word' id='word_1_762' title='bbox 1091 5055 1243 5113; x_wconf 86' lang='lat' dir='ltr'>naturalem</span> <span class='ocrx_word' id='word_1_763' title='bbox 1251 5063 1407 5131; x_wconf 76' lang='lat' dir='ltr'>angmemm</span> <span class='ocrx_word' id='word_1_764' title='bbox 1421 5065 1448 5116; x_wconf 90' lang='lat' dir='ltr'>et</span> <span class='ocrx_word' id='word_1_765' title='bbox 1460 5058 1541 5134; x_wconf 86' lang='lat' dir='ltr'>regit,</span> <span class='ocrx_word' id='word_1_766' title='bbox 1551 5061 1674 5121; x_wconf 87' lang='lat' dir='ltr'>actiones</span> <span class='ocrx_word' id='word_1_767' title='bbox 1685 5063 1746 5136; x_wconf 76' lang='lat' dir='ltr'>eins</span> 
     </span>
     <span class='ocr_line' id='line_1_56' title="bbox 96 5153 1750 5233; baseline 0.008 -26"><span class='ocrx_word' id='word_1_768' title='bbox 96 5156 153 5224; x_wconf 90' lang='lat' dir='ltr'>tur,</span> <span class='ocrx_word' id='word_1_769' title='bbox 167 5154 192 5209; x_wconf 87' lang='lat' dir='ltr'>si</span> <span class='ocrx_word' id='word_1_770' title='bbox 205 5154 308 5211; x_wconf 87' lang='lat' dir='ltr'>salsum</span> <span class='ocrx_word' id='word_1_771' title='bbox 323 5154 487 5224; x_wconf 88' lang='lat' dir='ltr'>dominatur,</span> <span class='ocrx_word' id='word_1_772' title='bbox 510 5154 656 5212; x_wconf 88' lang='lat' dir='ltr'>minoratio</span> <span class='ocrx_word' id='word_1_773' title='bbox 683 5155 739 5214; x_wconf 89' lang='lat' dir='ltr'>cibi</span> <span class='ocrx_word' id='word_1_774' title='bbox 759 5158 892 5232; x_wconf 85' lang='lat' dir='ltr'>sequitur,</span> <span class='ocrx_word' id='word_1_775' title='bbox 949 5153 1105 5212; x_wconf 89' lang='lat' dir='ltr'>custodiens</span> <span class='ocrx_word' id='word_1_776' title='bbox 1121 5168 1128 5225; x_wconf 87' lang='lat'>;</span> <span class='ocrx_word' id='word_1_777' title='bbox 1144 5154 1375 5230; x_wconf 88' lang='lat' dir='ltr'>elontspiritnaiis</span> <span class='ocrx_word' id='word_1_778' title='bbox 1403 5154 1515 5229; x_wconf 88' lang='lat' dir='ltr'>spiritus</span> <span class='ocrx_word' id='word_1_779' title='bbox 1542 5158 1571 5215; x_wconf 92' lang='lat' dir='ltr'>in</span> <span class='ocrx_word' id='word_1_780' title='bbox 1598 5161 1692 5233; x_wconf 90' lang='lat' dir='ltr'>corde,</span> <span class='ocrx_word' id='word_1_781' title='bbox 1722 5168 1750 5221; x_wconf 92' lang='lat' dir='ltr'>et</span> 
     </span>
     <span class='ocr_line' id='line_1_57' title="bbox 97 5250 1750 5334; baseline 0.007 -27"><span class='ocrx_word' id='word_1_782' title='bbox 97 5256 126 5307; x_wconf 90' lang='lat' dir='ltr'>et</span> <span class='ocrx_word' id='word_1_783' title='bbox 138 5264 171 5307; x_wconf 94' lang='lat' dir='ltr'>os</span> <span class='ocrx_word' id='word_1_784' title='bbox 189 5250 367 5308; x_wconf 87' lang='lat' dir='ltr'>amaricatum</span> <span class='ocrx_word' id='word_1_785' title='bbox 382 5257 498 5324; x_wconf 85' lang='lat' dir='ltr'>etpotne</span> <span class='ocrx_word' id='word_1_786' title='bbox 510 5251 655 5325; x_wconf 83' lang='lat' dir='ltr'>appetitus.</span> <span class='ocrx_word' id='word_1_787' title='bbox 672 5252 747 5310; x_wconf 77' lang='lat' dir='ltr'>hore</span> <span class='ocrx_word' id='word_1_788' title='bbox 761 5267 828 5311; x_wconf 88' lang='lat' dir='ltr'>vero</span> <span class='ocrx_word' id='word_1_789' title='bbox 842 5253 895 5313; x_wconf 90' lang='lat' dir='ltr'>de·</span> <span class='ocrx_word' id='word_1_790' title='bbox 949 5251 1061 5325; x_wconf 85' lang='lat' dir='ltr'>spirima</span> <span class='ocrx_word' id='word_1_791' title='bbox 1073 5252 1197 5309; x_wconf 86' lang='lat' dir='ltr'>animalis</span> <span class='ocrx_word' id='word_1_792' title='bbox 1211 5253 1241 5309; x_wconf 91' lang='lat' dir='ltr'>in</span> <span class='ocrx_word' id='word_1_793' title='bbox 1255 5252 1366 5311; x_wconf 84' lang='lat' dir='ltr'>corabo.</span> <span class='ocrx_word' id='word_1_794' title='bbox 1394 5253 1462 5313; x_wconf 86' lang='lat' dir='ltr'>&#39;ires</span> <span class='ocrx_word' id='word_1_795' title='bbox 1480 5255 1556 5314; x_wconf 87' lang='lat' dir='ltr'>eninr</span> <span class='ocrx_word' id='word_1_796' title='bbox 1584 5266 1648 5317; x_wconf 87' lang='lat' dir='ltr'>sunt</span> <span class='ocrx_word' id='word_1_797' title='bbox 1668 5258 1750 5334; x_wconf 89' lang='lat' dir='ltr'>spiri·</span> 
     </span>
     <span class='ocr_line' id='line_1_58' title="bbox 96 5348 1751 5428; baseline 0.009 -23"><span class='ocrx_word' id='word_1_798' title='bbox 96 5348 182 5407; x_wconf 90' lang='lat' dir='ltr'>hilitat</span> <span class='ocrx_word' id='word_1_799' title='bbox 204 5353 296 5424; x_wconf 89' lang='lat' dir='ltr'>potins</span> <span class='ocrx_word' id='word_1_800' title='bbox 309 5351 474 5425; x_wconf 71' lang='lat' dir='ltr'>{appetitum</span> <span class='ocrx_word' id='word_1_801' title='bbox 503 5352 647 5425; x_wconf 85' lang='lat' dir='ltr'>cibumque</span> <span class='ocrx_word' id='word_1_802' title='bbox 661 5359 804 5428; x_wconf 87' lang='lat' dir='ltr'>provocat,</span> <span class='ocrx_word' id='word_1_803' title='bbox 833 5350 896 5411; x_wconf 88' lang='lat' dir='ltr'>cibo</span> <span class='ocrx_word' id='word_1_804' title='bbox 950 5356 1006 5418; x_wconf 90' lang='grc' dir='ltr'>ιιι,</span> <span class='ocrx_word' id='word_1_805' title='bbox 1022 5357 1079 5407; x_wconf 90' lang='lat' dir='ltr'>tres</span> <span class='ocrx_word' id='word_1_806' title='bbox 1091 5348 1204 5407; x_wconf 81' lang='lat' dir='ltr'>virtutes</span> <span class='ocrx_word' id='word_1_807' title='bbox 1231 5356 1360 5425; x_wconf 88' lang='lat' dir='ltr'>regentes</span> <span class='ocrx_word' id='word_1_808' title='bbox 1381 5357 1409 5409; x_wconf 89' lang='lat' dir='ltr'>et</span> <span class='ocrx_word' id='word_1_809' title='bbox 1430 5349 1614 5414; x_wconf 82' lang='lat' dir='ltr'>vivificantes.</span> <span class='ocrx_word' id='word_1_810' title='bbox 1628 5356 1664 5415; x_wconf 83' lang='lat' dir='ltr'>tit</span> <span class='ocrx_word' id='word_1_811' title='bbox 1677 5361 1751 5420; x_wconf 85' lang='grc' dir='ltr'>ιιιιι</span> 
     </span>
     <span class='ocr_line' id='line_1_59' title="bbox 98 5445 1750 5533; baseline 0.005 -30"><span class='ocrx_word' id='word_1_812' title='bbox 98 5462 154 5503; x_wconf 85' lang='grc' dir='ltr'>ιιι</span> <span class='ocrx_word' id='word_1_813' title='bbox 166 5446 284 5523; x_wconf 88' lang='lat' dir='ltr'>digesto,</span> <span class='ocrx_word' id='word_1_814' title='bbox 299 5450 369 5522; x_wconf 68' lang='lat' dir='ltr'>etjin</span> <span class='ocrx_word' id='word_1_815' title='bbox 383 5450 504 5509; x_wconf 82' lang='lat' dir='ltr'>interiori</span> <span class='ocrx_word' id='word_1_816' title='bbox 518 5460 596 5525; x_wconf 91' lang='lat' dir='ltr'>parte</span> <span class='ocrx_word' id='word_1_817' title='bbox 611 5450 744 5508; x_wconf 89' lang='lat' dir='ltr'>stomachi</span> <span class='ocrx_word' id='word_1_818' title='bbox 769 5447 894 5523; x_wconf 88' lang='lat' dir='ltr'>collecto,</span> <span class='ocrx_word' id='word_1_819' title='bbox 950 5446 1081 5506; x_wconf 87' lang='lat' dir='ltr'>naturalis</span> <span class='ocrx_word' id='word_1_820' title='bbox 1088 5446 1223 5520; x_wconf 81' lang='lat' dir='ltr'>originem</span> <span class='ocrx_word' id='word_1_821' title='bbox 1231 5445 1577 5527; x_wconf 86' lang='lat' dir='ltr'>etsedemhebetinepate,</span> <span class='ocrx_word' id='word_1_822' title='bbox 1589 5454 1629 5514; x_wconf 88' lang='lat' dir='ltr'>sic</span> <span class='ocrx_word' id='word_1_823' title='bbox 1640 5458 1750 5533; x_wconf 70' lang='lat' dir='ltr'>apta-tam</span> 
     </span>
     <span class='ocr_line' id='line_1_60' title="bbox 97 5544 1750 5625; baseline 0.002 -16"><span class='ocrx_word' id='word_1_824' title='bbox 97 5548 232 5624; x_wconf 87' lang='lat' dir='ltr'>superiori</span> <span class='ocrx_word' id='word_1_825' title='bbox 256 5558 333 5622; x_wconf 89' lang='lat' dir='ltr'>porte</span> <span class='ocrx_word' id='word_1_826' title='bbox 361 5549 459 5608; x_wconf 90' lang='lat' dir='ltr'>relicta</span> <span class='ocrx_word' id='word_1_827' title='bbox 481 5564 579 5620; x_wconf 78' lang='lat' dir='ltr'>vacua,</span> <span class='ocrx_word' id='word_1_828' title='bbox 595 5566 656 5625; x_wconf 81' lang='lat' dir='ltr'>qua</span> <span class='ocrx_word' id='word_1_829' title='bbox 675 5549 766 5608; x_wconf 87' lang='lat' dir='ltr'>cibum</span> <span class='ocrx_word' id='word_1_830' title='bbox 781 5547 895 5622; x_wconf 89' lang='lat' dir='ltr'>appetit.</span> <span class='ocrx_word' id='word_1_831' title='bbox 951 5544 1141 5622; x_wconf 87' lang='lat' dir='ltr'>spirituaiisin</span> <span class='ocrx_word' id='word_1_832' title='bbox 1154 5545 1316 5605; x_wconf 82' lang='lat' dir='ltr'>nordscor</span> <span class='ocrx_word' id='word_1_833' title='bbox 1329 5546 1557 5625; x_wconf 85' lang='lat' dir='ltr'>eninspiritnelis</span> <span class='ocrx_word' id='word_1_834' title='bbox 1577 5554 1679 5619; x_wconf 78' lang='lat' dir='ltr'>mlorta</span> <span class='ocrx_word' id='word_1_835' title='bbox 1705 5566 1750 5625; x_wconf 63' lang='lat' dir='ltr'>aaa</span> 
     </span>
    </p>
   </div>
   <div class='ocr_carea' id='block_1_4' title="bbox 0 0 1858 6000">
    <p class='ocr_par' dir='ltr' id='par_1_5' title="bbox 0 0 1858 6000">
     <span class='ocr_line' id='line_1_61' title="bbox 0 0 1858 6000; baseline 0 0"><span class='ocrx_word' id='word_1_836' title='bbox 0 0 1858 6000; x_wconf 95' lang='lat' dir='ltr'> </span> 
     </span>
    </p>
   </div>
  </div>
 </body>
</html>
