3728 6000
55 186 128 251 libb
687 188 867 247 EPISTOLAE
887 188 931 246 ET
949 190 1153 251 pervasori
1701 195 1771 253 1le

10 304 21 347 ¹
55 318 143 384 erod
159 317 329 374 sineutrum
339 317 448 374 horum
461 317 557 375 facere
572 316 885 388 volueritipsumvin·
904 322 927 376 ιι
942 317 1053 374 ibidem
1067 318 1326 391 plantatumest,et
1336 317 1439 376 divina
1451 318 1547 390 gralia
1559 318 1700 393 usquead
1709 321 1771 379 brec

10 396 22 435 ³
55 408 124 464 culo
139 407 459 464 excommunicationis
483 406 635 478 subjicias,
655 406 806 462 sitandin
829 407 886 462 sub
942 415 1077 479 tempora
1101 408 1266 479 irrigatum,
1285 407 1344 465 ullu
1369 407 1520 481 patiamur
1534 408 1771 467 dissimulatione

10 486 23 525 ⁰
54 494 885 567 sodemrinculoeumtenensreligatum‚donecalterum
940 497 1048 563 divelli,
1063 496 1253 553 sollicitudini
1266 495 1698 569 nostroeincumbitditigcntirs
1709 514 1772 558 ma-

10 577 25 615 ¹
55 586 294 659 supradictorum
308 586 474 659 adimplere
488 589 621 657 cogatur.
940 600 997 641 nus
1009 586 1161 655 adhibere,
1177 593 1206 642 st
1219 585 1302 659 quod
1317 586 1349 642 iu
1369 587 1476 643 eadem
1494 586 1619 644 Ecclesia
1630 603 1771 646 normam

10 666 25 707 ι
413 686 524 742 cem,
940 673 1081 732 diciturst
1093 675 1228 732 ordinem
1241 675 1380 733 excedere
1393 674 1624 733 adrectitudiuis
1636 677 1772 747 regulam

10 768 23 796 ³
93 783 142 840 Ad
160 783 368 854 paqusremgm
388 784 643 854 archsepiscopum
665 782 848 853 [Andrean]
941 779 1134 836 summopere
1147 780 1295 821 revocare.
1309 764 1772 839 Verumquoniamabsquedils·

10 846 22 886 ²
248 880 345 954 (Anno
362 882 457 937 ΗΜ
468 886 513 938 ,52
540 883 609 955 Sept
635 884 693 950 ῃ)
940 852 1111 910 ationistuoe
1123 853 1257 921 consilio,
1268 854 1314 910 cui
1326 854 1772 929 eiusdemEcclssioedispositio

130 981 295 1052 mamus,
311 980 467 1050 'Nym-cum
487 925 619 1046 sagorum?
634 926 679 1045 VL'
699 996 729 1052 p·
746 977 804 1052 ab]
940 944 1105 999 commissa
1123 950 1176 1010 est,
1192 944 1220 1000 id
1235 942 1405 1000 nullatenus
1419 943 1564 1000 duximus
1578 960 1644 1001 esse
1660 945 1773 1003 facisn-

93 1070 229 1126 Ilucnuus
243 1069 412 1142 episcopus,
430 1086 534 1127 servus
546 1085 701 1127 servorum
723 1068 783 1135 Dei,
799 1083 886 1124 vene-

10 1207 17 1229 ,
56 1158 144 1215 rabili
154 1157 235 1215 fratri
247 1158 394 1233 Manena]
408 1158 825 1233 flagusiensiarchiepiscopo,
839 1174 885 1217 sa-

10 1234 19 1309 ]
57 1247 150 1304 lutem
162 1253 190 1305 et
204 1249 401 1320 apostolicam
417 1248 669 1306 benedictionem.

10 1324 18 1335 ’
94 1339 219 1409 Cognito
234 1338 425 1397 fraternitatis
441 1344 499 1396 tuas
513 1344 590 1397 statu
606 1356 659 1413 per
673 1339 799 1397 latorem
811 1355 886 1413 pras·

10 1418 17 1491 ,’
58 1429 188 1485 sentium
198 1430 226 1485 S.
243 1431 453 1502 presbyterum
467 1434 562 1495 tuum,
574 1429 625 1502 qui
640 1429 679 1486 ad
689 1445 744 1487 uos
758 1429 886 1487 Domino

10 1506 17 1579 J
58 1517 193 1584 ductore,
211 1517 352 1588 pervenit,
375 1517 539 1574 infirmitati
561 1517 694 1591 corporis
721 1517 762 1574 tui
787 1516 887 1575 debita

10 1600 17 1607 “
59 1606 157 1663 cordis
174 1606 346 1663 infirmitate
358 1608 562 1679 compatimur,
580 1607 887 1679 sedgaudemusquiu

940 1030 1024 1099 dum,
1040 1049 1090 1105 per
1102 1033 1257 1105 praesentia
1268 1032 1321 1089 tibi
1336 1033 1448 1105 scripta
1463 1034 1653 1101 mandamus,
1667 1039 1772 1108 quate·

940 1138 1007 1187 nus,
1024 1124 1107 1179 omni
1121 1123 1279 1180 occasions
1293 1126 1417 1188 remota,
1440 1139 1535 1195 usque
1551 1123 1590 1179 ad
1603 1124 1773 1196 proximum

939 1210 1049 1268 festum
1060 1214 1092 1269 S.
1112 1212 1259 1270 Michaelis
1273 1212 1467 1285 praesentiam
1493 1217 1575 1269 tuam
1590 1212 1678 1269 nobis
1692 1213 1774 1272 exhi-

939 1300 1023 1365 beas,
1047 1306 1078 1358 ut
1103 1301 1142 1359 ad
1160 1301 1389 1360 reformandam
1415 1301 1447 1358 in
1474 1301 1617 1374 predicta
1646 1302 1774 1361 Ecclesia

940 1390 1131 1447 concordiam
1140 1391 1223 1448 omni
1237 1388 1337 1446 studio
1350 1389 1772 1462 lecuminlenderepossimus.

977 1478 1049 1535 Data
1070 1479 1190 1551 Signia,
1205 1496 1247 1535 ιιι
1259 1478 1322 1535 Kal.
1338 1479 1486 1551 Septemb.

1281 1577 1419 1634 cbtrtld.

58 1695 89 1751 in
104 1694 195 1766 hujus
208 1696 285 1765 ignis
299 1696 419 1752 camino
439 1696 722 1754 cond1101·0fflnium
742 1696 887 1753 pominus
903 1679 925 1736 B
944 1675 987 1730 dcl
1001 1675 1175 1733 conradum
1186 1676 1248 1735 Vis.
1263 1675 1772 1736 etunieersumcleremflomortum.

10 1840 15 1851 ,
58 1784 888 1857 rubiginemdilectorumsuorumexpurgans,teinfilio·

59 1890 127 1930 rum
142 1889 266 1932 suorum
280 1891 404 1932 numero
418 1874 564 1932 collocare
586 1874 735 1947 dignetur.
756 1876 798 1932 Tu
819 1891 887 1932 vero

60 1965 135 2020 inter
147 1965 210 2020 luae
215 2007 268 2022 .....
286 1982 349 2022 a...
367 1965 404 2020 ad
421 1964 545 2035 patriam
563 1964 680 2035 erigens
695 1964 787 2020 exsilii
813 1980 886 2037 pras·

61 2054 152 2110 sentis
161 2055 361 2125 augustias...
374 2052 888 2129 oculiscordisexcogita,etplebem

60 2143 247 2200 Dominioam
255 2144 392 2213 regimini
406 2148 454 2199 tun
470 2143 698 2200 commissam...
716 2142 888 2216 eteremplo

60 2234 228 2303 gubernare
260 2239 288 2289 et
316 2233 415 2289 fovere
438 2249 498 2289 non
525 2232 655 2288 desinas.
679 2234 710 2288 ln
735 2232 889 2289 lucrandis

60 2320 220 2378 animabus
234 2321 414 2391 invigilas...
427 2338 486 2378 a...
500 2321 707 2377 rectitudinem
731 2325 793 2377 esto
809 2321 889 2377 solli-

61 2410 145 2474 citus,
163 2410 315 2466 utilitatem
339 2410 475 2466 Ecclesia
499 2411 608 2482 injuste
624 2411 716 2482 perire
736 2409 784 2466 vel
806 2410 889 2466 dele-

60 2499 164 2556 riorari
180 2499 262 2556 nulla
278 2499 457 2571 negligentia
470 2499 513 2554 vel
524 2499 717 2571 subreptione
727 2499 889 2580 permittas,

60 2593 88 2645 et
101 2591 130 2645 iu
146 2590 230 2646 certis
243 2588 475 2661 bonisoperibus
489 2587 667 2644 sacerdotali
681 2587 889 2652 sollicitudine,

59 2676 890 2747 itallominofargienteinvigila‚utantetribunalreterni

56 2766 167 2838 judicis
182 2766 359 2822 constitutus
374 2765 507 2822 fructum
522 2767 611 2821 bone
628 2765 820 2837 operationis,
838 2766 891 2838 qni

60 2854 97 2912 ad
115 2856 284 2911 mercedem
297 2860 379 2911 tuam
395 2855 552 2928 pertineat,
575 2854 672 2910 eidem
700 2854 890 2927 Redemptori

58 2951 173 3011 nostro,
188 2946 216 3001 in
231 2961 292 3017 quo
308 2944 413 3010 laetari,
428 2945 534 3017 possit,
549 2942 699 3001 exhibens.
715 2944 788 3000 illud
809 2959 889 3011 vero,

1156 1766 1254 1837 (Anno
1271 1765 1398 1829 trae-52,
1415 1764 1558 1838 Octobr).

944 1852 1054 1927 fiteusi,
1071 1853 1193 1922 deecit,
1207 1854 1275 1920 ιιιιι,
1295 1853 1357 1919 690,
1371 1870 1408 1910 ex
1416 1852 1531 1920 adnot,
1546 1855 1613 1912 cod.
1630 1871 1688 1915 ms.
1702 1855 1775 1913 Gra-

1052 1943 1121 1999 tiani
1132 1944 1211 2015 apud
1227 1942 1280 1999 PP.
1296 1958 1384 2016 cong.
1401 1943 1500 1999 Matris
1514 1943 1565 2001 Dei
1579 1943 1665 2018 Luc]

980 2034 1122 2090 Praeterea
1134 2032 1218 2106 quod
1238 2048 1255 2090 a
1270 2032 1356 2089 vobis
1378 2036 1522 2089 statutum
1538 2038 1583 2091 est
1596 2033 1633 2091 ds
1656 2034 1702 2090 bis
1722 2033 1774 2106 qui

946 2121 1075 2178 alienam
1091 2122 1443 2195 prasumuutparoeciam
1455 2122 1774 2193 invadere,etaliorum

945 2211 1132 2284 paroeciauos
1146 2215 1250 2268 contra
1277 2226 1429 2268 canonum
1445 2211 1519 2267 scita
1531 2212 1666 2284 recipiul;
1687 2212 1774 2269 nihil·

945 2299 1064 2355 ominus
1084 2299 1267 2356 auctoritatis
1283 2304 1392 2356 nostres
1407 2299 1565 2356 assertione
1579 2300 1731 2369 firmatum
1745 2306 1775 2357 ut

946 2387 1077 2445 videficet
1090 2389 1262 2460 quicunque
1282 2389 1319 2445 de
1333 2394 1440 2445 cetero
1453 2387 1484 2444 in
1508 2389 1681 2461 hujusmodi
1701 2406 1775 2462 proe·

945 2478 1113 2549 sumptione
1121 2477 1336 2550 comprobatus
1350 2477 1435 2534 fuerit
1460 2477 1552 2534 dandi
1567 2479 1775 2551 poenitentiam

945 2570 1122 2638 potestatem
1134 2568 1163 2622 in
1176 2566 1304 2623 Ecclesia
1315 2567 1365 2623 Dei
1376 2566 1500 2624 omuino
1510 2568 1635 2633 amittat,
1650 2568 1775 2625 eteocle·

945 2655 1062 2712 siastico
1078 2655 1232 2722 beneficio,
1249 2671 1407 2729 quousque
1422 2671 1473 2729 per
1503 2672 1611 2714 manus
1625 2656 1774 2729 pontificia

944 2745 1124 2812 restituatur,
1141 2745 1229 2801 simul
1245 2746 1386 2817 privetur.

980 2834 1054 2890 Data
1068 2833 1188 2905 Signioe,
1206 2849 1236 2890 ιιι
1255 2837 1356 2890 Nonas
1377 2834 1523 2891 Octobris.

1284 2930 1423 2989 cclxiv,

60 3035 258 3091 undeanobis
271 3033 621 3104 solliciteindnfgentiam
633 3032 890 3104 postulas,scilicet
906 3034 926 3090 C
945 3031 993 3087 Ad
1007 3030 1173 3087 arnoldum
1187 3030 1440 3100 archiepiscopum
1458 3031 1671 3090 delaniensem.
1687 3034 1774 3091 -Ds

60 3125 143 3197 quod
163 3139 198 3180 cx
212 3123 310 3179 debito
323 3122 487 3193 juramenti
498 3122 890 3195 apostolorumliminavisi-

60 3218 123 3269 tare
135 3211 318 3284 astringeris,
333 3215 360 3268 et
375 3211 456 3284 gravi
472 3212 649 3281 egritudine
661 3211 843 3284 praepeditus
859 3211 889 3267 id

59 3318 112 3375 per
122 3306 147 3358 te
158 3303 257 3374 ipsum
273 3300 418 3357 hacteuus
429 3316 490 3355 non
503 3300 622 3373 potuisti
639 3299 755 3356 efficere
765 3305 822 3356 tuce
833 3298 890 3357 fra·

60 3390 186 3447 tenuitati
203 3406 238 3446 ex
249 3388 691 3462 apostolicaesedisbenignitate
701 3389 888 3444 remittimus.

60 3480 118 3537 Sed
132 3497 201 3535 oum
214 3478 467 3551 opportunitatem
481 3478 529 3534 tibi
543 3477 699 3534 clementia
714 3477 890 3550 divinaper-

61 3568 185 3634 miserit,
199 3568 222 3622 si
240 3583 291 3640 per
307 3567 444 3639 teipsum
459 3583 519 3622 non
528 3566 646 3638 poteris,
661 3582 712 3638 per
723 3573 890 3622 tuumuun-

60 3660 283 3719 commatrem
299 3662 383 3712 tuam
395 3662 530 3711 sanctam
552 3654 712 3711 Ecclesiam
728 3654 889 3713 devolione
964 3708 969 3718 ,

59 3746 158 3802 debita
174 3745 292 3801 studens
307 3744 436 3810 visitare,
451 3749 598 3817 quatenus
612 3759 668 3799 nos
684 3744 721 3799 de
736 3749 793 3798 ture
807 3743 890 3800 habi-

61 3835 171 3891 tudinis
189 3841 279 3901 statu,
296 3838 325 3889 et
341 3839 370 3889 tu
385 3834 422 3888 de
444 3832 488 3887 his
503 3850 570 3905 quse
583 3833 663 3889 circa
678 3849 734 3888 uos
747 3838 877 3903 aguntur

59 3925 167 3996 possis,
195 3927 354 3996 praestante
380 3923 513 3987 Domino,
545 3921 700 3978 informari
714 3940 721 3989 ;
737 3921 820 3977 de...
837 3890 889 3994 pro

59 4013 227 4070 visitatione
241 4020 291 4068 tua
306 4010 481 4068 fraternitati
496 4016 551 4066 ture
562 4011 675 4081 gratias
688 4011 817 4081 agimus.

95 4106 202 4158 Datum
219 4098 410 4173 [Ferentini‘i]
427 4115 490 4153 -x
512 4098 636 4156 Kalend.
654 4098 836 4158 Octobris...

413 4205 536 4261 cbtxrr.

974 3102 1093 3173 jurium
1105 3109 1131 3158 el
1143 3102 1365 3173 privilegiorum
1373 3104 1536 3159 multorum
1548 3104 1773 3175 urclu'episcepe

980 3180 1007 3231 et
1026 3174 1263 3243 naetropolitone
1277 3175 1407 3230 ecclesia·
1428 3172 1610 3232 Coloniensis
1623 3179 1773 3248 presbyte-

979 3246 1021 3301 ris
1027 3247 1177 3302 canonicis
1192 3245 1318 3301 sestertia
1327 3248 1772 3315 concessorumceafirnrotionc.

1192 3341 1289 3412 (Anno
1305 3342 1383 3406 1152,
1400 3341 1467 3399 lan.
1483 3341 1522 3414 8).

1141 3440 1250 3510 [dinsa
1269 3439 1390 3510 concil,
1408 3440 1474 3505 xxt,
1487 3441 1563 3514 634]

980 3531 1115 3586 Essemus
1130 3529 1300 3600 episcopus,
1316 3544 1420 3584 servus
1436 3544 1588 3587 serrorum
1604 3530 1664 3597 Dei,
1683 3544 1773 3589 vene·

944 3618 1030 3675 rabili
1059 3617 1140 3674 fratri
1179 3623 1312 3674 Aurorae
1345 3616 1511 3673 Coloniensi
1536 3619 1771 3693 archiepiscopo,

944 3723 1070 3780 ejusque
1083 3706 1306 3762 successoribus
1323 3706 1467 3762 canonice
1483 3705 1708 3765 substituendis.

980 3798 1011 3851 ln
1026 3795 1167 3851 eminenti
1179 3794 1352 3866 apostolice
1363 3794 1440 3852 sedis
1456 3795 1589 3869 specula,
1601 3797 1702 3856 divina
1713 3797 1772 3854 dis·

944 3890 1074 3959 ponente
1090 3883 1192 3955 gratia,
1208 3884 1372 3949 constituti,
1389 3885 1663 3956 exinjunctonobis
1679 3902 1697 3943 a
1712 3889 1771 3945 fleo

944 3973 1773 4048 apostolatusofticio,fratresuostrosepisoopnssincera

944 4065 1084 4122 charitate
1112 4063 1246 4134 diligere,
1262 4068 1290 4118 et
1312 4063 1447 4120 Ecclesiis
1467 4080 1571 4120 eorum
1591 4065 1729 4137 regimini
1743 4075 1773 4127 st

943 4153 1153 4227 gubernationi
1173 4152 1345 4210 commissis
1361 4169 1447 4210 suam
1462 4153 1610 4211 debemus
1623 4155 1772 4226 justitiam

942 4240 1770 4315 conservare.Sioutenimiubumnntcompagecorporis

96 4308 146 4362 Ad
158 4308 193 4362 P.
207 4305 346 4362 Ecclesiae
357 4305 390 4361 S.
399 4303 557 4373 l'ripdioni
565 4303 850 4374 Lucensisprierem.

943 4329 1299 4402 naturalisratiosingulis
1313 4328 1485 4401 quibusque
1493 4330 1635 4385 membris
1646 4330 1683 4387 ad
1690 4330 1771 4388 solu-

274 4404 372 4475 (anno
388 4402 518 4467 ¹¹5⁰·522
530 4406 604 4472 ΑΗΒ·
620 4406 676 4468 21)·
903 4388 924 4441 ⁰
942 4426 1002 4477 tem
1018 4419 1189 4493 providens,
1207 4419 1350 4490 speciales
1366 4425 1394 4474 et
1413 4418 1551 4490 proprios
1563 4418 1769 4488 actusedocet,

198 4495 306 4565 [ΒΑΜ
322 4492 447 4548 Ml'ioell·
464 4490 508 4548 0d·
527 4494 595 4547 LUO·
614 4492 659 4555 IV·
677 4492 752 4567 59l.]
942 4509 1139 4568 nobilioribus
1152 4524 1222 4566 vero
1238 4525 1326 4565 suam
1343 4508 1520 4578 dignitatem
1535 4514 1709 4566 conservat:
1729 4509 1771 4567 ita

96 4604 232 4658 Eucaerus
252 4600 422 4672 episcopus,
437 4615 702 4656 servasservorum
711 4599 887 4665 Dei,dilecto
941 4600 972 4656 ιιι
989 4614 1114 4671 corpore
1130 4596 1267 4653 Ecclesioe
1280 4598 1447 4668 apostolica
1461 4597 1650 4669 providentia
1666 4613 1770 4655 secun·

59 4692 121 4748 filio
137 4691 168 4745 P.
186 4690 275 4763 priori
291 4691 319 4745 S.
336 4688 496 4761 Frigdiani,
514 4688 640 4746 salutem
654 4692 682 4745 et
694 4688 886 4761 apostolicam
941 4689 1173 4745 dumsacrorum
1181 4701 1333 4742 canonum
1343 4685 1552 4751 institutiones,
1563 4687 1718 4744 universas
1727 4701 1770 4743 re-

59 4780 309 4839 benedictionem.
941 4777 983 4850 git
997 4775 1136 4833 ecclesias
1149 4791 1156 4841 ;
1172 4774 1323 4845 digniores
1335 4780 1435 4829 autem
1448 4777 1476 4829 st
1489 4772 1664 4831 famosiores
1678 4776 1709 4831 in
1722 4774 1769 4833 sni

97 4873 272 4942 Frequenter
282 4867 444 4924 insinuavit
457 4868 581 4924 auribus
596 4867 705 4924 nostris
720 4868 841 4924 dilectus
852 4868 887 4923 ιι-
942 4870 1035 4922 stolus
1052 4865 1248 4936 praerogativa
1260 4862 1399 4918 custodit.
1414 4863 1543 4934 AEquum
1564 4863 1666 4935 itaque
1678 4869 1707 4921 et
1720 4879 1769 4920 ra·

59 4957 117 5013 lius
130 4958 263 5012 nosterl.
273 4956 585 5014 diaconusoardinalis
596 4956 691 5014 llariae
699 4957 887 5029 Novae,qrrod
942 4954 1084 5011 tionabile
1094 4958 1147 5019 est,
1163 4960 1195 5008 ut
1209 4968 1282 5007 suus
1298 4952 1460 5024 unicuique
1472 4950 1570 5007 honor
1582 4951 1724 5019 ecclesis,
1740 4957 1770 5011 st

59 5046 190 5102 Ecclesia
205 5063 261 5102 sua
288 5046 387 5102 multis
416 5047 641 5104 enormitatibus
663 5051 691 5102 et
717 5046 887 5103 excessibus
941 5040 1769 5116 propriajuramuniminesedisapostoliceeconfirmen-

61 5135 196 5208 ejusdem
209 5134 347 5191 Ecclesiae
358 5135 733 5207 prioris,sicuttibiuotum
749 5149 888 5190 essecre·
942 5139 998 5189 tur.
1020 5131 1174 5198 Quocirca,
1192 5130 1297 5187 dilecte
1322 5130 1352 5186 in
1381 5129 1497 5187 Christo
1523 5129 1613 5187 frater
1642 5131 1768 5187 arnolde

61 5226 169 5291 dimus,
180 5225 222 5280 ita
237 5224 359 5279 interius
375 5227 404 5277 et
416 5224 544 5278 exterius
560 5224 676 5278 turbata
692 5222 739 5287 sit,
755 5228 784 5277 ut
804 5237 886 5278 eom·
941 5222 1171 5293 archiepiscope,
1181 5220 1236 5275 tuis
1240 5219 1329 5290 justis
1342 5219 1593 5290 postulationibus
1602 5219 1769 5289 benignum

59 5330 135 5388 page
151 5312 302 5369 charitatis
312 5310 456 5367 dissoluta
470 5310 805 5367 totumsdtficiumboni
817 5327 887 5384 ope·
939 5310 1143 5383 impertientes
1159 5322 1316 5365 assensum
1328 5306 1367 5363 ad
1383 5307 1767 5379 exemplarproedecessoris

59 5405 100 5462 ris
114 5407 219 5458 nutare
231 5401 376 5469 videatur,
388 5405 416 5455 et
426 5398 884 5473 bonailliusEccfesiaadcpcrire.
941 5400 1035 5457 nostri
1048 5397 1140 5455 felicis
1149 5395 1303 5454 memoriae
1319 5396 1464 5452 Leonislx
1472 5412 1570 5468 papas,
1582 5399 1612 5453 e.
1629 5397 1705 5457 Petri
1716 5400 1768 5456 Co·

60 5496 101 5553 lte
116 5491 206 5566 igitur
217 5491 329 5548 bonum
343 5488 427 5563 quod
451 5503 469 5546 a
491 5486 762 5562 predecessoribus
777 5489 886 5547 nostris
940 5488 1106 5549 luniensem
1122 5485 1358 5558 Ecclesiamcui,
1372 5487 1572 5557 Deoauctore,
1584 5486 1779 5567 preessedif,
