3728 6000
117 233 170 292 807

607 228 642 286 D.
661 227 794 286 ALGERI
813 224 1043 290 SCHOLASTlCl
1061 232 1276 297 Lnonlttnsls

1722 245 1775 304 808

117 376 187 427 mus,
204 358 355 430 angelicam
376 356 405 411 in
430 355 510 412 terris
524 354 608 410 uitam
627 354 767 424 ducamus,
783 363 916 425 quatenus
931 359 960 422 A
974 365 1002 413 ut
1030 360 1070 415 rel
1093 361 1242 434 corporalis
1263 362 1428 420 infirmitatis
1448 365 1573 423 molestia
1596 368 1774 442 corrigantur

116 447 246 505 castitatis
261 445 403 511 munditie,
421 445 504 501 corde
520 453 547 500 et
560 459 674 514 corpore
690 443 791 499 Christi
805 444 919 500 mundi-

117 537 162 593 tiae
176 537 343 602 conformes,
359 550 393 590 ne
408 533 511 591 coelesti
527 532 660 588 alimonia
673 532 788 605 indigne
810 531 919 589 relicia-

119 642 180 681 mur
203 642 211 682 :
232 624 316 680 simus
341 639 389 694 spe
410 630 437 678 et
456 621 663 679 conuersatione
696 622 833 688 coelcstes,
856 621 920 693 quia

118 714 195 786 panis
213 713 372 786 angelorum
398 711 506 767 nonnisi
529 710 660 783 angelicae
676 710 741 765 ritae
757 718 798 766 est
812 709 918 780 stipen-

116 803 203 860 dium.
218 803 297 859 Unde
312 801 392 856 etium
411 800 489 871 pravi
505 799 570 853 dum
586 798 791 854 communicare
812 814 918 869 praesu-

116 898 202 960 munt,
218 891 278 946 cibo
293 890 339 961 qui
363 887 630 945 incommunicabilis
662 894 703 942 est
735 886 873 955 pravitati,
890 894 921 941 ut

117 980 155 1037 ait
168 978 323 1051 Apostolus,
338 975 495 1033 imbecilles
519 976 596 1042 liunt,
620 983 647 1030 ει
669 974 807 1030 dormiunt
826 973 916 1041 multi,

115 1068 249 1140 quianon
264 1066 414 1138 dijudicant
437 1082 536 1138 corpus
550 1064 659 1121 Domini
674 1065 697 1134 (l
712 1065 772 1121 Cor.
789 1080 828 1133 11,
845 1064 891 1135 30)
908 1079 915 1116 :

974 464 1024 520 per
1038 449 1089 505 Dei
1103 451 1332 520 misericordiam,
1346 451 1390 508 vel
1405 453 1568 511 dormitione
1589 457 1683 512 mortis
1708 472 1771 515 eor·

973 537 1076 608 puralis
1090 538 1171 594 vitam
1185 540 1311 596 amittant
1323 541 1502 612 temporalem
1523 548 1552 600 ει
1572 552 1715 603 aternam.
1730 548 1770 603 td

974 626 1045 697 quod
1059 626 1208 695 periculum
1224 628 1363 685 vitandum
1385 631 1532 687 consulens
1546 633 1695 705 Apostolus
1708 634 1768 691 ait:

973 713 1076 771 Probet
1089 732 1119 772 se
1134 717 1226 782 homo,
1247 721 1277 774 et
1299 717 1340 774 sic
1363 718 1397 774 de
1418 736 1492 792 pane
1514 721 1565 777 illo
1586 721 1664 790 edet,
1689 726 1719 779 et
1737 724 1769 780 de

973 805 1061 861 culice
1084 804 1159 861 hibet
1177 806 1201 874 (1
1219 807 1280 863 Cer.
1305 823 1343 874 xi,
1365 810 1429 878 28);
1454 807 1517 880 quis
1539 825 1635 866 revera
1656 811 1769 868 sollicite

973 893 1054 949 debet
1068 894 1238 965 perpendere
1248 895 1325 965 cujus
1338 896 1373 951 sit
1385 895 1509 964 actionis,
1519 897 1563 953 vel
1572 898 1668 954 saltem
1684 901 1769 956 inten-

974 983 1064 1052 tionis,
1085 983 1131 1055 qui
1145 991 1226 1040 tautce
1240 985 1298 1040 vult
1320 984 1380 1041 lieri
1400 984 1535 1058 particeps
1557 988 1767 1045 communionis.

677 1366 837 1462 LIBER
884 1364 1199 1461 SECUNDUS.

371 1654 483 1709 CAPUT
501 1652 647 1708 PRIMUM.

117 1772 193 1842 Quod
221 1773 433 1827 sacromentum
467 1768 591 1838 corporis
614 1767 718 1824 Christi
742 1766 914 1822 nullatenus

150 1845 277 1901 solvetur
299 1843 331 1896 ιἰι
354 1840 539 1911 digestionem
572 1840 616 1894 vel
649 1839 776 1910 clinnum
809 1837 914 1908 sedum

147 1915 369 1986 corruptionem.

147 2002 216 2074 Quia
230 2001 364 2073 superiori
380 1999 472 2056 libello
505 1999 540 2055 de
571 1998 687 2054 veritate
720 2006 746 2053 ει
779 2002 914 2068 potestate

113 2093 238 2165 corporis
261 2090 370 2155 Christi,
393 2088 532 2159 aspirante
560 2104 607 2142 sua
632 2086 732 2159 gratia,
758 2085 914 2154 aliquantu·

112 2183 168 2238 lum
199 2180 392 2250 explicuimus,
419 2179 452 2232 de
478 2176 562 2247 ipsius
585 2173 913 2243 sacramentiquaestiuu-

112 2271 197 2340 culis,
233 2275 366 2339 quantum
390 2267 464 2320 Deus
484 2263 590 2318 dederit
610 2263 760 2319 videamus.
790 2261 914 2315 Diximus

115 2357 241 2429 superius
258 2371 312 2410 non
332 2354 422 2409 minus
442 2367 489 2407 ore
510 2351 633 2421 corporis
657 2365 736 2419 quum
757 2365 803 2405 ore
823 2347 915 2404 cordis

111 2461 213 2516 corpus
233 2443 342 2498 Domini
364 2457 426 2496 esse
445 2439 607 2495 sumendum
631 2458 637 2494 ε
662 2439 711 2494 sed
730 2455 764 2493 ex
786 2438 835 2493 ltac
854 2438 913 2507 ipsa

111 2533 218 2589 visibili
239 2540 266 2586 ει
286 2529 423 2601 corporali
453 2528 641 2594 comestione,
663 2543 723 2597 quae
742 2533 913 2582 sacramento

111 2631 191 2681 tenus
204 2620 243 2688 fit,
260 2619 383 2674 nascitur
394 2617 508 2672 haeresis
530 2616 678 2671 loedissima
699 2614 913 2671 stercoranista-

111 2727 185 2768 rum.
209 2708 307 2764 Dicuut
322 2707 392 2762 enim
410 2713 511 2760 tantum
535 2712 732 2760 sacramentum
757 2703 826 2758 sicut
847 2718 911 2758 cor·

111 2799 201 2873 porali
222 2794 401 2860 comestioni,
425 2794 466 2849 sic
487 2802 514 2848 et
535 2793 652 2848 secessui
672 2809 733 2848 esse
750 2791 910 2848 obnoxium.

112 2889 212 2945 Volunt
226 2894 315 2942 autem
336 2887 386 2939 hoc
400 2890 522 2937 astruere
538 2898 599 2937 cum
614 2881 708 2936 multis
729 2880 912 2951 argumentis,

925 1654 951 1713 Β
967 1648 1121 1704 reverentia
1135 1662 1195 1701 esse
1220 1660 1237 1700 a
1259 1643 1446 1700 communibus
1461 1644 1533 1702 escis
1549 1646 1761 1705 secernendum.

970 1732 1051 1802 Quia,
1067 1740 1099 1787 ut
1114 1729 1152 1786 ait
1166 1729 1315 1800 Apostolus
1333 1749 1339 1784 :
1357 1729 1409 1798 Qut
1422 1731 1580 1787 munducat
1592 1736 1620 1787 et
1635 1732 1705 1789 bibit
1719 1735 1766 1790 in·

969 1823 1065 1893 digne,
1081 1837 1140 1877 noo
1155 1819 1318 1892 dijudicans
1333 1835 1435 1890 corpus
1450 1821 1574 1885 Domini,
1589 1819 1617 1874 id
1631 1828 1674 1877 est
1687 1837 1702 1876 a
1716 1837 1770 1879 cz·

969 1909 1033 1965 teris
1056 1910 1127 1964 escis
1152 1923 1208 1962 non
1232 1907 1398 1978 discernens,
1414 1914 1469 1964 etc.
1495 1908 1569 1964 Licet
1592 1908 1664 1964 enim
1689 1910 1769 1967 simili

969 1998 1060 2064 modo,
1078 2004 1207 2069 quantum
1228 1996 1264 2050 ad
1285 1996 1480 2052 comestionem
1495 2013 1546 2068 per
1559 2014 1590 2053 os
1603 1997 1630 2051 in
1646 2007 1768 2056 reuuem

968 2089 1100 2155 mittatur,
1117 2086 1187 2140 absit
1204 2093 1292 2140 tamen
1315 2093 1344 2141 ut
1367 2094 1471 2141 tantum
1495 2094 1696 2142 sacramentum
1721 2104 1768 2144 εε-

968 2176 1058 2232 εεεειιὶ
1081 2175 1208 2231 credatur
1232 2173 1397 2241 obnoxium,
1420 2174 1449 2228 in
1473 2190 1526 2246 quo
1559 2174 1582 2229 si
1612 2175 1768 2245 hujusmodi

968 2274 1071 2319 naturae
1104 2263 1171 2318 ordo
1201 2263 1379 2333 complentur,
1399 2262 1557 2334 mysterium
1589 2261 1652 2319 fidei
1684 2266 1768 2322 nimia

969 2370 1018 2408 sua
1033 2350 1196 2423 indignitate
1209 2349 1376 2405 humilietur.
1393 2350 1421 2405 Si
1436 2352 1519 2418 enim,
1532 2359 1560 2405 ut
1574 2351 1613 2406 ait
1623 2350 1765 2421 Eusebius,

967 2444 1026 2498 haeo
1050 2441 1142 2496 hostia
1173 2436 1226 2494 irde
1256 2438 1416 2495 aestimanda
1440 2446 1493 2511 est,
1518 2455 1571 2494 nou
1595 2439 1697 2512 specie,
1715 2457 1767 2499 nec

967 2529 1092 2586 exteriori
1108 2527 1245 2585 censenda
1261 2527 1331 2595 visu,
1346 2544 1405 2584 ctam
1421 2527 1502 2598 hujus
1523 2528 1617 2584 hostiae
1637 2528 1766 2585 substan-

966 2619 1004 2674 tia
1028 2617 1152 2674 credatur
1175 2617 1314 2685 Christus,
1339 2633 1388 2672 cur
1412 2633 1461 2688 pro
1484 2617 1574 2688 specie
1597 2617 1692 2690 panis,
1713 2635 1767 2691 qua

966 2716 1077 2779 opertus
1103 2714 1161 2775 est,
1186 2705 1358 2777 adjudicatur
1390 2706 1416 2761 ei
1447 2722 1570 2762 secessus
1602 2706 1763 2779 indignitas,

966 2814 1027 2852 curu
1043 2795 1173 2851 exteriori
1187 2794 1277 2864 specie
1300 2793 1343 2850 vel
1368 2795 1426 2851 visu
1450 2812 1505 2850 noo
1528 2797 1565 2850 sit
1588 2797 1767 2852 censendus?

966 2885 1039 2957 quod
1060 2901 1115 2940 non
1135 2884 1223 2940 solum
1250 2892 1292 2940 est
1315 2887 1412 2940 contra
1437 2880 1529 2950 iidem,
1551 2884 1599 2940 sed
1624 2893 1650 2939 ει
1673 2892 1766 2941 contra

112 2987 171 3033 tum
192 2975 279 3046 ipsius
295 2972 393 3028 Christi
415 2970 580 3037 testimonio,
597 2970 635 3023 ita
656 2969 682 3023 in
703 2968 851 3039 Evangelio
866 2967 906 3020 di·
938 2983 1068 3036 ,narurae
1083 2973 1229 3029 rationem,
1250 2973 1279 3026 {a
1305 2971 1358 3027 illis
1381 2973 1454 3026 enim
1479 2972 1625 3043 speciebus
1643 2975 1723 3045 panis
1737 2982 1765 3030 ec

110 3066 196 3122 centis
206 3085 212 3120 ι
221 3064 306 3118 Omne
321 3061 392 3134 quod
406 3061 541 3115 intentio
552 3061 769 3125 astruendam
780 3057 868 3122 ondit,
880 3060 909 3111 ει

108 3156 140 3211 ln
154 3169 295 3211 secessum
310 3151 455 3206 ernittitor
470 3149 578 3217 (narrt.
591 3162 638 3213 xv,
656 3148 713 3218 ll),
729 3161 790 3201 cum
805 3153 910 3200 constet

111 3246 164 3300 hoc
178 3258 240 3299 eum
256 3240 356 3295 dixisse
371 3254 426 3295 nou
440 3237 475 3293 de
487 3236 620 3307 spirituali
635 3235 707 3300 cibo,
723 3235 772 3290 sed
787 3233 821 3289 de
837 3250 909 3289 eom·

109 3333 185 3389 muni
199 3340 225 3387 ει
239 3329 352 3386 carnali.
378 3327 426 3383 llis
443 3325 526 3398 igitur
540 3324 667 3381 obscenis
682 3323 820 3378 haereticis
833 3323 908 3393 peri·

108 3423 232 3480 oulosum
255 3426 326 3475 esset
347 3433 428 3488 super
455 3417 507 3471 hoc
528 3413 631 3486 aliquid
648 3413 825 3483 respondere,
849 3428 908 3466 ma-

108 3512 205 3586 gisque
216 3510 328 3582 dignum
344 3522 423 3562 aures
437 3514 547 3560 nostras
562 3503 704 3567 obturare,
727 3501 779 3555 nisi
800 3500 908 3570 pericu-

106 3601 190 3657 losius
210 3607 283 3654 esset
307 3612 355 3653 eos
377 3597 404 3650 iu
426 3593 584 3650 scandalum
604 3590 736 3648 Ecclesiae
761 3588 823 3643 talia
844 3603 907 3658 pro·

106 3703 220 3760 ponere,
237 3694 263 3741 et
286 3693 388 3739 tantam
409 3698 504 3738 eorum
527 3682 672 3736 salsitatem
686 3695 736 3734 nos
750 3677 831 3732 nullis
845 3676 907 3732 lidei

106 3775 248 3833 catholicae
261 3773 414 3828 rationibus
427 3770 583 3825 reverbare.

140 3862 248 3932 Quibus
272 3861 387 3931 primum
419 3856 487 3912 illud
519 3857 591 3911 beati
623 3856 719 3911 Hilarii
741 3854 905 3926 opponimus

104 3953 166 4022 (lib.
182 3966 241 4016 vrit,
257 3951 300 4005 lle
313 3947 459 4011 Trinitate,
475 3961 502 3999 u.
520 3946 564 4012 ll,
578 3949 599 3998 t.
615 3947 654 4010 ll,
676 3945 729 3999 col.
751 3945 824 4014 223),
850 3958 904 4014 quo

104 4057 162 4098 non
184 4041 304 4094 humano
319 4042 367 4091 aut
380 4033 472 4090 saeculi
493 4050 574 4089 sensu
594 4033 622 4087 in
637 4033 687 4088 Dei
709 4032 792 4088 rebus
812 4039 905 4087 monet

103 4127 283 4202 loquendum.
301 4124 406 4180 Deinde
422 4122 488 4177 illud
504 4122 589 4193 ipsius
603 4122 747 4192 sapientise
762 4121 902 4192 elogium:

104 4219 216 4278 Altioro
232 4220 259 4272 te
270 4230 306 4271 oe
321 4212 475 4283 quesieris,
488 4215 516 4267 et
532 4211 652 4281 fortioro
669 4214 695 4266 te
710 4226 746 4265 ne
756 4213 903 4265 scrutatur

102 4309 193 4382 [oeric
209 4324 218 4361 r
233 4302 281 4359 sed
294 4318 354 4374 quae
368 4300 499 4371 praecepit
512 4301 596 4367 Deus,
613 4297 660 4354 illa
675 4299 766 4371 cogita
781 4313 900 4368 semper,

101 4406 130 4455 et
156 4398 184 4452 iu
211 4394 335 4465 pluribus
362 4391 491 4461 operibus
515 4388 632 4458 ejusne
659 4389 745 4444 lueris
776 4374 939 4444 curiosusD

101 4486 199 4559 (liceli.
216 4500 255 4554 ιιι,
273 4483 331 4552 2⁶2).
349 4479 475 4549 Quonam
491 4477 563 4533 enim
578 4476 659 4532 modo
674 4478 754 4546 panis
769 4475 902 4533 efficiatur

100 4591 177 4644 caro,
194 4572 285 4627 vinum
301 4577 419 4626 uertatur
440 4567 469 4622 in
491 4566 652 4638 sanguinem
672 4566 782 4632 Christi,
798 4566 900 4622 utrius·

101 4680 156 4734 que
177 4659 305 4717 essentiae
331 4665 433 4712 mutata
457 4663 564 4722 natura,
580 4654 625 4711 vel
641 4663 729 4710 utrum
752 4656 849 4710 radant
871 4654 899 4710 in

100 4762 240 4804 secessum
256 4758 332 4799 more
347 4742 472 4798 ciborum
487 4739 688 4806 communium,
698 4740 786 4807 iustus
804 4739 849 4811 qui
864 4755 898 4794 ex

100 4835 155 4892 lide
169 4834 236 4891 vivit
254 4831 370 4888 scrutari
394 4838 421 4884 ει
442 4829 546 4884 ratione
560 4829 708 4899 concipere
724 4844 778 4883 uon
791 4828 896 4899 quaerit.

98 4924 177 4983 Unde
201 4919 351 4993 Gregorius
373 4918 400 4972 iu
423 4917 540 4972 llomilia
559 4916 680 4988 paschali
702 4916 791 4984 (hom.
813 4916 848 4969 ιι
868 4916 896 4971 ιιι

97 5013 217 5083 Ereng..
233 5025 261 5063 n.
277 5007 305 5076 8,
321 5014 343 5061 t.
362 5007 385 5066 ι,
402 5021 426 5060 c.
445 5005 525 5074 1535)
543 5021 549 5056 :
566 5025 577 5052 ι
595 5002 673 5071 Quod
697 5018 732 5056 ex
755 5004 834 5074 Agno
848 5019 894 5058 re-

96 5107 200 5170 manet,
225 5097 288 5169 igue
322 5093 535 5150 comburimus:
561 5091 669 5161 quaudo
694 5089 748 5146 hoc
771 5091 844 5163 quod
861 5091 895 5147 ds

95 5187 229 5262 mysterio
257 5181 452 5240 lucernarionis
474 5180 709 5250 ejusintelligere
725 5196 779 5235 nou
794 5196 894 5250 possu-

94 5292 172 5344 mus,
195 5274 323 5346 potestati
344 5271 434 5327 saueti
454 5270 577 5342 Spiritus
601 5267 742 5324 humiliter
768 5284 892 5325 reserva·

93 5379 165 5421 utus.
192 5386 204 5416 ι
225 5362 333 5419 Scirum
353 5360 428 5416 enirn
443 5359 496 5416 boc
515 5364 714 5416 sacramentum
733 5357 893 5416 omnimoda

16 5626 26 5641 ,
126 5560 422 5639 <semimarem

965 3062 1033 3130 vini,
1048 3062 1092 3119 vel
1108 3062 1183 3116 nullu
1206 3069 1246 3117 est
1264 3060 1315 3115 nisi
1339 3062 1460 3132 corporis
1475 3060 1575 3116 Christi
1598 3061 1762 3132 substantia,

964 3150 1007 3206 rel
1023 3151 1090 3206 lidos
1102 3160 1192 3206 nostra
1216 3158 1257 3205 εει
1279 3149 1366 3205 ἰιιίιε.
1391 3150 1470 3204 Ρειιίε
1494 3149 1564 3204 enim
1581 3150 1675 3206 etvini
1694 3152 1762 3207 suh·

963 3240 1060 3296 stantia
1081 3240 1109 3293 iu
1131 3255 1233 3310 corpus
1257 3247 1284 3294 ει
1306 3239 1468 3310 sanguinem
1492 3238 1592 3293 Christi
1615 3255 1761 3308 conversa,

963 3329 1027 3384 dum
1044 3328 1115 3383 lacta
1141 3326 1278 3398 estquod
1301 3343 1354 3383 non
1377 3336 1450 3394 erat,
1475 3327 1583 3383 desistit
1603 3344 1665 3384 esse
1689 3329 1763 3399 quod

962 3418 1060 3472 luerat.
1073 3417 1104 3472 Si
1119 3431 1184 3488 ergo
1196 3415 1349 3471 substantia
1364 3417 1443 3487 panis
1454 3416 1490 3470 ihi
1499 3432 1552 3472 non
1564 3423 1613 3483 est,
1626 3417 1693 3489 quid
1703 3419 1761 3490 (ιιι)

962 3504 1095 3560 defoedari
1118 3513 1144 3561 ει
1161 3504 1304 3574 corrumpi
1324 3521 1409 3576 usque
1432 3505 1467 3560 nd
1491 3520 1628 3560 secessum
1649 3508 1762 3577 potest‘!

960 3595 1028 3649 Nam
1044 3593 1192 3648 substantia
1206 3590 1318 3661 Christi,
1331 3610 1391 3663 quae
1405 3609 1470 3649 vere
1484 3593 1521 3647 ibi
1536 3597 1585 3662 est,
1596 3603 1622 3649 ει
1636 3594 1664 3649 in
1679 3612 1762 3667 quam

960 3683 1112 3737 substantia
1135 3681 1213 3752 punis
1237 3691 1263 3736 ει
1287 3683 1345 3736 vini
1367 3697 1502 3737 conversa
1524 3689 1581 3751 est,
1605 3682 1760 3740 nullatenus

959 3771 1104 3841 corrumpi
1137 3769 1277 3826 credenda
1303 3778 1360 3838 est,
1388 3771 1454 3841 quia
1474 3769 1688 3841 incorruptibilis
1708 3781 1759 3828 εει.

959 3859 1036 3915 ιιιιιιε
1051 3859 1212 3914 Ambrosius
1229 3878 1235 3913 :
1255 3860 1391 3929 «Corpus
1408 3857 1504 3914 Christi
1525 3859 1643 3914 alienum
1662 3869 1706 3916 est
1725 3861 1759 3917 ab

958 3948 1032 4003 omni
1047 3949 1219 4019 corruptione
1245 3948 1316 4018 quod
1344 3948 1498 4018 quicunque
1516 3948 1644 4020 religiose
1663 3958 1758 4021 gusta·

957 4037 1038 4105 verit,
1054 4037 1257 4109 corruptionem
1269 4038 1371 4092 sentire
1387 4039 1581 4108 conpulerit·
1599 4038 1633 4092 Et
1648 4039 1757 4096 merito.

957 4123 1043 4195 Quam
1059 4126 1132 4180 enim
1147 4125 1357 4196 incorruptionis
1371 4125 1488 4198 glorium
1504 4126 1586 4182 nobis
1601 4126 1756 4198 largiretur,

957 4213 1046 4284 quiin
1065 4214 1157 4284 seipso
1180 4221 1280 4269 tantam
1299 4214 1479 4285 corruptionis
1501 4213 1681 4286 ignominiam
1705 4231 1756 4287 pa-

956 4303 1078 4356 teretur‘i
1102 4300 1157 4357 Sed
1176 4310 1203 4357 ει
1224 4303 1280 4373 qui,
1307 4301 1430 4373 quamvis
1453 4303 1506 4358 hoo
1530 4302 1625 4358 mortis
1646 4302 1756 4376 legibus

954 4388 1058 4445 debere
1082 4391 1231 4453 videretur,
1247 4391 1451 4463 corruptionem
1475 4390 1570 4446 videre
1593 4406 1647 4447 nou
1668 4392 1756 4464 potuit

956 4477 987 4533 in
1008 4479 1144 4549 sepulcro,
1161 4479 1299 4551 quomodo
1323 4479 1460 4551 corrumpi
1483 4479 1637 4535 credendus
1658 4488 1701 4537 est
1725 4481 1754 4537 in

954 4565 1073 4621 hominis
1087 4569 1252 4623 stomacho?
1272 4565 1332 4623 Cibi
1348 4568 1470 4638 corporei
1486 4567 1533 4639 qui
1548 4566 1655 4640 angelis
1669 4569 1753 4625 oblati

953 4655 989 4710 ad
1010 4655 1212 4711 comedendum
1241 4656 1378 4728 leguntur,
1400 4672 1450 4726 per
1471 4655 1592 4710 divinam
1613 4658 1753 4729 potentian

952 4759 1064 4815 prorsus
1095 4743 1246 4815 absumpti,
1266 4760 1401 4799 secessum
1426 4751 1529 4800 naturae
1552 4761 1608 4800 suar
1630 4745 1753 4804 debiturn

952 4842 1111 4898 evaserunt;
1127 4841 1153 4889 ει
1170 4832 1248 4888 cibus
1271 4832 1429 4904 spiritualis,
1445 4834 1489 4904 qui
1506 4832 1650 4891 detritam
1671 4845 1753 4894 aeter·

951 4935 1015 4975 nam
1030 4921 1143 4990 muodo,
1160 4922 1278 4978 incurret
1292 4937 1430 4977 secessum
1455 4931 1559 4979 naturae
1573 4941 1629 4980 suae
1652 4924 1679 4980 iu
1699 4926 1751 4983 de·

949 5008 1046 5079 bitum,
1068 5009 1213 5081 majestate
1243 5010 1405 5082 indiguum,
1432 5012 1561 5084 potentie
1589 5013 1751 5071 omnimodo

949 5098 1134 5154 contrarium?
1162 5098 1240 5154 Unde
1261 5099 1420 5155 Ambrosius
1444 5100 1473 5154 in
1500 5101 1569 5157 libro
1590 5102 1630 5157 De
1654 5118 1750 5160 sacra·

947 5186 1049 5242 mentis
1062 5188 1113 5256 (De
1128 5187 1263 5259 mysteriis
1279 5188 1427 5254 initiandis,
1444 5204 1469 5245 c.
1487 5192 1513 5257 9,
1531 5197 1548 5243 t.
1565 5190 1600 5257 ΙΙ,
1616 5205 1641 5247 o.
1658 5192 1723 5255 att)
1742 5211 1748 5249 :

949 5275 1026 5330 «llis
1040 5276 1221 5331 sacramentis
1243 5276 1330 5347 pascit
1348 5277 1471 5332 Christus
1486 5276 1638 5334 Ecclesiam
1659 5296 1747 5350 suam,

946 5363 1049 5438 quibus
1061 5364 1160 5423 animae
1173 5362 1262 5422 firmat
1275 5365 1464 5422 substantiam.
1483 5388 1495 5415 ι
1509 5366 1544 5422 Et
1557 5375 1722 5440 postpauca
1736 5384 1746 5429 ι
