3728 6000
61 256 106 309 tlt

460 250 587 308 rubeto
606 249 810 309 ennomcott
824 252 1124 311 albaterrensem
1143 283 1179 296 -
1197 254 1261 312 tta.
1282 256 1318 311 11.

1660 264 1715 326 111

61 378 193 436 doricum
220 376 397 440 rebellarent,
422 376 521 433 abbate
551 385 643 433 nostro
670 393 753 449 super
767 379 906 439 omnesA
919 377 1026 434 diversa
1051 378 1112 434 loca
1136 385 1219 451 atque
1247 377 1399 444 reductum,
1427 381 1554 439 cumdio
1579 382 1717 443 dubitarat
1799 372 1802 377 ¹

61 469 226 542 instigante,
255 483 353 524 tarium
383 467 457 539 cepit
482 466 635 528 consilium,
658 474 685 521 et
711 483 761 539 per
778 466 867 523 multa

58 558 224 615 mumius
236 559 296 629 regi
307 555 482 612 fidelissimus
496 556 605 611 axstlbt
635 555 737 627 Deque
751 556 867 611 dissen-

60 650 153 714 tione,
180 647 246 718 quia
269 663 298 701 se
321 645 439 717 praebuit
465 645 584 706 occasio.
614 644 678 701 licet
692 644 728 700 ad
745 661 868 716 praesena

61 737 207 810 negotium
226 735 340 791 minime
362 735 498 806 pertinere
519 733 656 800 videatur,
672 742 764 790 tamen
785 736 809 788 si
832 734 867 790 ad

57 836 236 899 posterorum
257 825 395 882 cautelam
410 822 512 895 aliquid
539 822 783 894 praelibaverimua,
812 839 868 879 non

57 916 110 974 erit
124 916 233 986 absque
248 929 294 971 re.
314 912 394 983 Quod
409 919 439 969 ut
453 912 562 985 planius
572 911 625 983 liat,
635 912 671 969 ab
681 913 790 985 origine
801 913 868 977 mali

57 1005 206 1065 oriendum
214 1009 272 1060 eat.

97 1132 246 1205 liegnaole
261 1126 388 1201 Philippo
401 1143 480 1202 rege,
496 1126 630 1187 Henmcus
643 1141 693 1183 rex
708 1126 866 1199 lngiorem,

64 1221 138 1279 filius
153 1219 229 1275 illius
250 1217 344 1292 magni
372 1217 521 1284 Guillelmi,
549 1215 595 1288 qui
617 1216 867 1272 Northmannorum

65 1325 163 1370 eomes
175 1308 282 1382 angliae
309 1323 424 1380 regnum
449 1306 476 1363 vi
499 1304 606 1361 militari
621 1303 791 1375 acquisierat,
807 1303 867 1359 llo-

58 1401 170 1457 bertum
199 1397 316 1454 fratrem
335 1412 413 1451 suum
428 1394 463 1451 de
492 1393 688 1465 Hierosolymis
712 1407 869 1467 regressum

56 1489 131 1546 bello
159 1487 242 1560 oepit,
271 1493 299 1541 et
324 1501 357 1542 eo
383 1483 411 1540 in
439 1483 557 1541 vinculis
571 1483 683 1547 tradito,
712 1483 870 1539 comitatum

62 1580 139 1635 illius
157 1591 246 1651 reguo
261 1590 313 1631 suo
327 1573 452 1632 sociarit.
468 1572 625 1630 Ludoricus
635 1587 683 1628 rex
698 1570 869 1644 designatus,

61 1676 90 1725 et
106 1667 198 1724 adhuc
212 1663 383 1727 adolescens,
399 1661 580 1736 quorumdam
603 1676 712 1717 suorum
727 1659 871 1717 collatera-

62 1756 132 1813 lium
147 1753 270 1812 consilio
284 1754 429 1825 deceptus,
443 1759 473 1808 ut
487 1750 552 1807 talia
566 1759 728 1822 gererentur
737 1744 907 1816 as.=ensit,·=B

61 1856 141 1920 patre
157 1843 283 1918 sapiente
300 1843 362 1897 viro
389 1840 442 1897 sibi
471 1840 687 1907 contradicente,
716 1847 743 1894 et
769 1837 869 1893 malum

67 1934 143 2008 quod
160 1941 255 2006 postea
268 1930 369 1988 accidit
379 1930 473 2003 spiritu
480 1945 604 2002 praesago
627 1929 678 1983 sibi
693 1927 869 2000 praedicente.

65 2023 125 2081 fuit
147 2031 239 2079 autem
255 2021 387 2076 ilenrmus
398 2019 444 2074 ille
457 2018 484 2073 in
506 2018 617 2083 diritiis,
633 2026 659 2073 et
688 2017 714 2072 iii
729 2014 870 2090 regiminis

59 2112 207 2185 sapientia,
237 2109 367 2165 omuibus
393 2125 462 2180 pene
477 2108 519 2162 stri
548 2107 681 2178 temporis
703 2105 871 2179 principibus

59 2198 296 2270 incomparabilis.
323 2196 450 2253 ilabebat
478 2196 560 2253 etiam
589 2212 623 2250 rx
638 2211 730 2252 sumre
745 2205 871 2266 nepotem

60 2289 254 2346 Theotialdum
274 2288 396 2355 nomine,
420 2285 551 2343 comitem
578 2283 796 2349 carnotensium,
809 2284 870 2338 lile-

60 2379 194 2436 sensium.
206 2375 396 2439 lleldensium,
412 2374 584 2445 aliarumque
599 2374 745 2430 multarum
758 2373 870 2444 provin-

57 2468 175 2525 ciarum.
193 2465 246 2535 Qui
274 2480 371 2521 comes
399 2463 543 2535 palatinus,
573 2471 600 2518 et
625 2462 698 2518 intra
726 2461 870 2516 franciam

59 2555 200 2613 secundus
224 2569 242 2610 a
271 2570 350 2625 rega,
367 2551 468 2607 divitiis
488 2560 515 2607 et
528 2551 668 2607 nobilitate
696 2549 868 2633 tumefactos,

63 2646 100 2701 ab
115 2642 303 2701 adolescentia
311 2642 442 2697 suavelut
461 2640 635 2696 hereditario
653 2640 792 2696 bellorum
806 2640 871 2710 jure

61 2750 161 2807 regent
177 2732 349 2789 Ludoricum
363 2730 601 2800 eoepitinlestaie.
618 2729 701 2797 Cuius
728 2730 872 2786 occasione

59 2822 189 2880 scandali
202 2829 258 2877 lota
275 2819 388 2876 Francia
403 2819 482 2874 bellis
505 2826 683 2886 recenseret,
712 2818 872 2889 proceribus

61 2914 307 2984 utriusquepartis
325 2908 357 2965 id
372 2908 535 2970 solentibus,
557 2917 583 2964 et
599 2908 705 2964 animos
730 2908 873 2963 amborum

70 3003 106 3057 ad
121 3002 214 3056 odium
231 2997 473 3055 inflammantibus.
494 2998 567 3053 luter
582 3012 653 3069 quos
663 2997 743 3069 liuga
757 2998 791 3052 de
805 2997 873 3052 Cre·

65 3091 158 3164 cingo,
176 3090 251 3144 refut
279 3089 373 3144 borum
390 3087 513 3142 omniunt
526 3086 658 3141 malorum
669 3089 767 3151 lomes,
782 3086 873 3156 impiis

63 3178 189 3237 consiliis
203 3186 231 3233 et
247 3177 413 3233 facinoribus
428 3175 499 3231 alios
514 3175 646 3231 anteibat.
680 3175 725 3229 llir
739 3177 830 3230 audax
846 3188 873 3229 et

66 3284 152 3325 manu
168 3275 319 3339 promptus,
336 3265 480 3321 simulator
495 3273 520 3319 et
540 3264 727 3320 dissimulator
755 3263 875 3335 cujusvis

62 3359 119 3427 rei,
148 3372 293 3429 oppressor
321 3370 486 3426 pauperum,
516 3362 540 3409 et
556 3353 739 3426 agricolarum
760 3353 874 3423 cupidus

60 3447 254 3514 interemptor,
270 3444 323 3516 qui
333 3443 428 3499 omnia
444 3459 478 3498 ve
491 3443 525 3497 let
541 3458 596 3498 uno
611 3450 750 3497 momento
761 3449 785 3497 et
803 3441 872 3497 laci·

59 3551 134 3593 nora
150 3533 293 3607 elllagitia
304 3543 333 3587 tr.
347 3533 484 3588 nst'olare.
501 3531 550 3587 ilie
562 3531 797 3586 irreconciliabilis
819 3531 873 3585 ini-

60 3623 144 3680 micis
166 3623 253 3696 regiis
270 3619 304 3695 [s.
329 3621 456 3676 inimicus
471 3621 555 3695 regis,
568 3621 612 3677 uel
626 3621 653 3674 in
668 3619 763 3675 amicis
778 3617 872 3692 regiis]

61 3713 140 3770 velut
155 3712 285 3768 minister
297 3709 398 3766 diaboli
412 3709 529 3773 furebat,
545 3717 571 3764 el
584 3709 677 3764 omnia
691 3724 752 3779 quae
762 3715 870 3778 poterat

62 3803 278 3872 circumquaque
294 3800 426 3856 vastabat.
437 3797 664 3854 liutitliomiiium
679 3794 782 3859 caedes,
800 3797 872 3852 inter

63 3906 136 3964 quoa
149 3897 178 3946 et
192 3887 326 3944 Anaellus
341 3886 415 3959 regis
444 3885 552 3959 dapifer
572 3885 645 3956 apud
661 3885 804 3942 Puteolum
817 3900 868 3941 ca-

62 3989 148 4036 strum
165 3976 326 4034 interfectus
339 3984 393 4032 est.
402 3976 536 4033 Omnibus
549 3975 727 4042 conturbatis,
753 3989 868 4047 regnum

63 4066 266 4140 aliquantulum
297 4064 432 4132 titubavit,
457 4064 545 4121 donec
568 4065 686 4135 respexit
701 4079 735 4121 ex
750 4065 805 4119 alto
820 4061 869 4134 qui

63 4166 164 4215 cuneta
176 4155 298 4227 disponit
312 4154 469 4215 absteino,
486 4154 633 4225 olimpium
643 4154 785 4226 lliigonem
802 4166 869 4224 pec·

66 4247 137 4305 catis
166 4244 343 4318 exigentibus
365 4244 456 4299 taliter
483 4243 606 4314 permisit
629 4242 780 4313 ilaqueari,
800 4253 828 4296 ut
843 4248 870 4297 et

63 4349 123 4408 pax
154 4332 237 4390 rebus
265 4332 390 4387 bumania
418 4332 588 4393 redderetur.
608 4340 634 4386 et
648 4332 801 4402 exemplum
818 4345 868 4386 ca-

62 4423 165 4480 rendae
208 4420 362 4477 traditionis
390 4428 536 4493 posteritati
562 4420 772 4491 relinqueretur.
805 4421 866 4490 lpse

64 4509 332 4583 namqoettitonerii
359 4510 393 4565 de
418 4509 629 4577 lfooteliberlco,
646 4509 757 4582 opiimae
767 4509 866 4565 indolis

64 4610 94 4661 el
110 4601 333 4659 suenuissimum
347 4598 374 4654 in
389 4599 473 4655 amris
480 4598 864 4669 juvenemdoniinumsuum,

65 4699 220 4764 cognatum
252 4704 343 4757 suurn,
368 4687 515 4745 traditione
532 4688 614 4759 cepit,
630 4693 657 4743 et
670 4696 779 4759 captum
793 4703 867 4745 com·

66 4779 245 4852 pedibusque
258 4778 372 4850 ligatum
387 4776 517 4834 carcerali
527 4776 657 4834 custodie
682 4777 860 4850 manciparit.

64 4866 126 4925 Sed
146 4867 227 4940 iuxta
254 4866 376 4922 divinum
399 4863 551 4935 oraculum,
582 4865 681 4923 cecidit
702 4866 729 4922 in
756 4865 864 4923 lorcam

62 4972 147 5030 ,qaam
175 4956 375 5027 ipsepararit:
396 4964 423 5012 et
438 4955 510 5013 unde
528 4954 580 5012 sibi
602 4962 707 5026 partam
723 4956 864 5012 victoriam

63 5055 146 5117 atque
160 5046 292 5120 gloriam,
308 5046 420 5117 regique
433 5044 562 5100 damnum
577 5044 746 5101 intolerabile
765 5045 863 5101 crede-

67 5134 124 5202 bat,
139 5135 206 5190 inde
222 5134 280 5206 regi
295 5135 424 5206 gaudium
440 5149 563 5191 exortunr
579 5141 622 5188 est
634 5133 801 5200 inoredrbile,
812 5131 864 5188 sibi

60 5239 131 5281 saro
154 5223 351 5280 detrimentum
365 5230 448 5294 atque
472 5230 631 5295 perpetuum
651 5222 783 5287 dedecus,
804 5223 863 5279 Do·

61 5315 141 5370 miso
152 5327 205 5384 pro
218 5312 324 5369 meritis
336 5312 364 5368 ei
375 5311 461 5385 digua
483 5311 626 5368 reddente.
639 5312 711 5368 llam
725 5328 786 5367 eum
801 5326 864 5368 euni

62 5403 92 5461 in
113 5403 241 5460 umentis
258 5402 368 5458 diutius
389 5411 509 5458 retinere
522 5417 576 5459 troo
597 5410 699 5475 posset,
728 5403 864 5461 redimere

62 5517 133 5561 raro
155 5508 242 5577 atque
262 5499 399 5559 dimittere
421 5516 476 5560 noii
495 5501 617 5570 auderet,
635 5502 765 5578 quoniam
787 5502 864 5559 illum

63 5600 116 5662 a'bi
129 5600 266 5664 acriam
277 5601 393 5661 bartam
399 5601 523 5661 mimum
535 5600 656 5677 imenso
680 5601 794 5661 ductant
814 5616 865 5676 par

921 467 986 539 qnid
1013 476 1118 537 ageret,
1146 468 1279 525 scelerum
1302 486 1411 527 suorum
1422 471 1584 529 enormitate
1610 474 1717 544 ductus,

920 566 947 613 et
961 556 1149 613 violentissimi
1170 558 1303 615 daemonis
1330 559 1456 615 instinctu
1483 571 1592 628 tractus,
1618 564 1717 620 nefan-

919 645 1034 701 dissimo
1044 653 1072 700 et
1084 645 1262 702 abominabili
1277 650 1465 718 superomnia
1481 667 1584 721 genere
1611 654 1717 723 moitis,

921 735 993 805 quod
1024 735 1106 808 vulgo
1133 739 1350 800 mortrocatur,
1380 738 1517 793 hominem
1549 742 1719 799 innocentem

920 822 1159 890 noetesulfocavit,
1175 833 1200 881 et
1216 840 1265 896 per
1293 827 1435 883 fenestram
1452 827 1553 900 ligiieae
1568 831 1661 898 turris,
1691 830 1720 886 in

921 929 974 984 qua
989 912 1144 970 vinculatus
1163 923 1235 979 erat,
1265 915 1341 985 quasi
1366 917 1391 971 si
1420 916 1479 986 ipse
1494 918 1557 973 blilo
1583 917 1719 992 diffugere

921 1002 1062 1067 voluisset,
1077 1002 1201 1059 clanculo
1215 1004 1337 1074 proiecit.
1354 1006 1483 1061 lnrentus
1499 1023 1590 1070 mane,
1600 1008 1719 1065 admira-

920 1090 1004 1147 bilem
1019 1098 1158 1164 stuporem
1187 1100 1214 1149 et
1224 1092 1438 1150 inenarrabilem
1465 1095 1587 1152 dolorem
1614 1098 1719 1154 cunctis

921 1178 1077 1236 ridentibus
1092 1189 1119 1236 et
1133 1182 1308 1238 audientibus
1331 1182 1462 1240 incussit.
1482 1185 1607 1240 Traditor
1629 1195 1720 1243 autem

921 1269 1039 1341 pallidus
1067 1269 1188 1337 edacius,
1220 1278 1247 1327 et
1275 1273 1453 1328 trementibus
1472 1273 1550 1329 labiis
1573 1290 1634 1330 cuni
1650 1276 1720 1334 fecie

923 1365 1087 1414 tormentum
1103 1361 1191 1415 animi
1204 1369 1228 1416 et
1244 1360 1405 1417 infernalem
1421 1364 1615 1419 conscientiam
1634 1365 1720 1438 signis

922 1448 1104 1505 exterioribus
1122 1449 1346 1505 manifestissime
1361 1451 1560 1519 demonstrans,
1577 1455 1720 1526 divinoju·

922 1537 993 1594 dicio
1016 1554 1073 1594 suae
1101 1537 1293 1596 destructionis
1317 1541 1352 1596 ad
1379 1540 1593 1612 festinationem,
1622 1561 1721 1615 corpus

921 1626 1046 1698 permisit
1059 1627 1204 1699 asportari,
1219 1637 1247 1685 et
1273 1630 1345 1700 apud
1368 1631 1622 1704 longumpontem,
1645 1634 1721 1704 quod

922 1715 1050 1786 regulare
1063 1717 1229 1787 coenobium,
1250 1727 1275 1774 et
1297 1727 1504 1776 antecessorum
1523 1722 1631 1778 llilonis
1645 1723 1722 1781 elec-

924 1821 1041 1877 mosyna
1055 1813 1124 1871 erat,
1139 1806 1259 1876 sepeliri.
1277 1807 1358 1864 Fama
1372 1809 1444 1865 dicto
1458 1810 1539 1866 citius
1552 1812 1720 1882 pervolante,

924 1911 958 1951 ex
982 1894 1079 1950 ricinia
1099 1895 1220 1966 oppidis,
1237 1897 1308 1951 villis
1323 1906 1405 1967 atque
1428 1900 1585 1972 municipiis
1609 1902 1722 1960 confluit

924 1985 1014 2040 omnis
1035 1999 1130 2039 sexus.
1157 1984 1287 2040 llirantur
1300 2001 1406 2048 omnes,
1430 1999 1456 2043 et
1475 1989 1588 2044 sceleris
1608 1990 1722 2047 inauditi

923 2074 1042 2129 novitate
1056 2074 1179 2145 perculsi
1194 2074 1329 2146 lacrymas
1340 2075 1457 2131 fundunt
1467 2078 1633 2143 uberrimas,
1649 2080 1721 2137 etad

923 2165 1022 2219 aetliera
1036 2163 1182 2218 clamorem
1197 2165 1348 2220 sustollunt.
1377 2166 1492 2221 Advolat
1513 2175 1540 2222 et
1557 2183 1604 2223 rex
1626 2169 1719 2226 Ludo·

924 2251 1001 2307 virius
1022 2267 1038 2307 a
1061 2253 1166 2307 Lutetia
1186 2253 1306 2319 civitate,
1331 2270 1395 2325 qum
1419 2255 1535 2310 Parisios
1556 2257 1718 2328 appellatur,

924 2356 1073 2412 procerum
1093 2356 1126 2397 ac
1149 2342 1263 2396 millum
1289 2342 1408 2397 maxima
1427 2344 1600 2401 multitudine
1625 2363 1721 2416 prose·

924 2441 1034 2500 querite.
1049 2429 1109 2499 Quo
1125 2431 1187 2486 viso
1205 2441 1286 2502 atque
1300 2433 1477 2504 lacrymante,
1498 2433 1587 2500 fletus,
1602 2436 1718 2506 dolores,

924 2521 1044 2591 gemitus
1058 2519 1276 2589 multiplicemur.
1295 2530 1323 2576 et
1343 2522 1486 2577 immensis
1510 2524 1675 2581 clamoribus
1686 2527 1721 2582 ab

924 2609 1055 2666 omnibus
1069 2609 1188 2664 vindicta
1201 2610 1356 2680 requiritur.
1375 2611 1447 2673 Viro,
1463 2611 1532 2668 sieut
1555 2613 1679 2680 decebat,
1694 2616 1721 2670 in

925 2699 1046 2755 claustro
1061 2698 1254 2754 decentissime
1267 2701 1381 2770 sepulto,
1398 2700 1566 2757 ferventibus
1580 2705 1679 2758 animis
1695 2710 1723 2760 et

924 2786 1026 2856 impetu
1041 2786 1174 2843 concitato
1197 2789 1368 2845 concurritur
1386 2791 1566 2848 communiter
1580 2793 1614 2847 ad
1633 2808 1721 2862 arma,

924 2883 952 2932 et
965 2884 1081 2931 castrum
1101 2876 1208 2943 (lomet,
1232 2878 1305 2950 quod
1332 2878 1449 2934 ricinum
1474 2887 1541 2945 erat,
1562 2880 1653 2936 divina
1675 2898 1723 2938 eos

924 2965 1040 3020 ducente
1066 2966 1245 3035 providentia,
1274 2967 1405 3023 invadunt
1428 2977 1455 3023 et
1479 2971 1597 3039 capiunt.
1625 2972 1725 3027 Terror

925 3055 1073 3110 vehemens
1098 3055 1242 3127 llugouem
1272 3066 1396 3127 occupat,
1425 3060 1670 3114 anathematizatur
1688 3060 1722 3115 ab

925 3143 1062 3207 omnibus,
1078 3143 1238 3215 relinquitur
1252 3160 1268 3199 a
1282 3146 1348 3207 suis,
1369 3153 1460 3216 stupet
1489 3148 1515 3201 iri
1531 3164 1571 3203 se.
1598 3158 1624 3204 et
1645 3149 1724 3204 testi·

926 3232 1021 3287 monio
1048 3233 1223 3288 conscientiae
1243 3234 1351 3306 ligatus,
1368 3236 1558 3291 riresairiittit.
1585 3238 1626 3291 Fit
1655 3239 1725 3294 mira
1825 3282 1828 3288 .

925 3330 1007 3392 atque
1019 3320 1158 3376 letissima
1171 3324 1286 3378 mutatio
1301 3338 1403 3377 rerum.
1423 3324 1493 3378 Nam
1518 3342 1578 3380 curii
1609 3327 1723 3383 traditor

924 3409 959 3464 de
974 3418 1062 3466 morte
1078 3411 1185 3466 Milonis
1201 3428 1230 3465 se
1258 3411 1359 3466 duellio
1383 3429 1502 3483 purgare
1521 3423 1667 3487 cogeretur
1693 3417 1721 3470 in

923 3501 1000 3554 curia
1028 3501 1163 3555 dmaurici
1184 3500 1219 3553 de
1248 3499 1414 3560 llonteforti,
1433 3510 1492 3567 post
1520 3505 1653 3573 palatinos
1676 3521 1723 3561 co·

923 3597 1002 3643 mites
1013 3588 1039 3642 in
1051 3589 1189 3658 provincia
1204 3590 1254 3643 ista
1270 3589 1318 3643 viri
1333 3591 1565 3658 excellentissimi,
1586 3595 1666 3662 cujus
1693 3603 1722 3651 et

923 3677 981 3747 ipse
995 3677 1073 3748 lingo
1088 3677 1171 3732 liliam
1181 3678 1321 3747 parvulam
1339 3678 1725 3750 desponsaverat,ilerclirtua

921 3765 958 3818 ab
972 3781 1015 3826 eo.
1030 3765 1058 3819 in
1073 3781 1127 3837 quo
1137 3782 1212 3835 spem
1229 3765 1396 3837 singularem
1413 3768 1542 3833 habebat,
1562 3771 1725 3828 bellidiscri·

921 3870 983 3910 meu
1000 3854 1105 3927 ingredi
1134 3870 1189 3911 non
1203 3872 1288 3910 susus
1302 3863 1353 3911 est.
1363 3857 1417 3912 Sed
1428 3859 1570 3914 convictus
1585 3867 1612 3915 et
1626 3877 1722 3917 coram

921 3942 1050 3999 omnibus
1070 3942 1176 4013 culpam
1187 3944 1329 4014 profitens,
1360 3945 1395 4000 ad
1424 3947 1509 4017 pedes
1525 3949 1644 4020 regisse
1659 3966 1722 4021 pro·

921 4032 1024 4095 stravit,
1041 4033 1149 4088 veniam
1172 4034 1329 4104 postulavit,
1356 4041 1456 4091 terram
1482 4053 1558 4092 suarii
1584 4039 1611 4092 iii
1637 4055 1723 4096 manu

920 4121 991 4177 illius
1006 4121 1117 4184 dimisit,
1133 4130 1159 4176 et
1175 4124 1352 4177 monachilem
1376 4125 1498 4179 habitum
1524 4127 1596 4181 illico
1617 4129 1716 4185 induit.

920 4211 978 4267 Rex
996 4210 1103 4280 Angliae
1118 4218 1144 4264 et
1158 4226 1252 4266 coines
1268 4213 1452 4277 Tbeobaldus,
1470 4216 1541 4270 velut
1556 4219 1657 4271 amisso
1672 4220 1724 4273 sti·

920 4299 993 4355 mulo
1009 4315 1062 4370 quo
1077 4299 1240 4354 Ludoricuiii
1258 4317 1350 4373 regem
1376 4303 1552 4373 exagitabant
1585 4306 1720 4378 obstupe-

919 4398 996 4444 scunt
1011 4397 1037 4444 el
1050 4405 1144 4460 pacem
1169 4400 1309 4452 expetunt.
1334 4390 1403 4459 Quid
1429 4393 1604 4462 plurelPost
1629 4396 1719 4450 borri-

881 4467 984 4532 Ddam
1007 4477 1139 4533 bellorum
1158 4483 1344 4549 tempestatem
1361 4480 1435 4551 pacis
1454 4484 1587 4536 serenitas
1613 4486 1716 4550 arrisit,

919 4567 1032 4639 regibus
1053 4567 1213 4638 pacilicrtis,
1240 4570 1402 4640 comiteque.
1427 4570 1503 4625 Tunc
1526 4572 1718 4628 misericordia

919 4657 967 4712 Dei
981 4657 1213 4726 superfit-anciam
1226 4658 1387 4729 respiciens,
1404 4660 1630 4729 perfectissimam
1644 4677 1716 4718 con·

918 4747 1039 4803 cordiam
1054 4746 1124 4802 inter
1133 4763 1182 4803 eos
1192 4748 1309 4814 misit,et
1322 4749 1558 4819 capitcseditionis
1568 4753 1714 4824 exstincto,

917 4835 1342 4908 quietissecuritasagricolarum
1359 4844 1468 4904 pectora
1483 4837 1637 4898 laetificarit.
1664 4844 1714 4900 llis

917 4924 951 4979 ad
966 4932 1136 4994 posterorum
1146 4932 1173 4979 et
1187 4925 1309 4980 notitiam
1332 4933 1359 4981 et
1372 4927 1505 4982 cautelam
1531 4934 1671 4987 veraciter
1686 4940 1713 4989 el

917 5013 1036 5069 breviter
1063 5014 1194 5074 excursis,
1210 5015 1244 5068 ad
1259 5031 1292 5071 ea
1305 5032 1419 5088 quorum
1434 5020 1521 5090 gratia
1536 5019 1712 5092 incoepiiiius,

917 5102 1173 5175 stylusdirigendus
1188 5111 1239 5159 est.

952 5226 1233 5282 annotnoerriiiionis
1254 5228 1405 5285 Dominicae
1429 5232 1496 5287 tito
1514 5249 1582 5303 papa
1601 5233 1708 5289 Rorna-

916 5332 967 5371 nus
978 5316 1108 5372 Gelasius
1124 5317 1158 5379 ll,
1174 5316 1218 5386 qiii
1233 5325 1259 5371 et
1274 5319 1392 5374 loannes
1407 5320 1549 5385 Gaitanus,
1568 5324 1711 5394 primunr·

917 5405 1062 5460 dinatiouis
1076 5422 1134 5463 suae
1160 5421 1232 5461 antio
1264 5412 1298 5461 ab
1314 5408 1384 5464 Urbe
1395 5410 1484 5464 causis
1500 5416 1705 5483 emergentibus

917 5518 1044 5577 egressus
1059 5511 1113 5571 est,
1130 5512 1158 5560 et
1172 5520 1223 5577 per
1241 5505 1378 5562 maritima
1401 5507 1460 5565 loca
1475 5510 1572 5582 cymba
1582 5521 1715 5584 portatus

917 5600 1053 5674 flumbo,
1067 5616 1128 5674 quae
1141 5617 1194 5662 otta
1207 5601 1304 5664 cirtio
1323 5603 1475 5663 Galliarum
1504 5614 1555 5679 est,
1570 5609 1711 5669 allabitur.
