3728 6000
152 295 204 351 ’759

635 300 669 355 Ι).
691 298 823 359 ALGERI
842 298 1075 360 schohasnm
1093 300 1317 361 taonmhsts.

1753 295 1806 351 'lat

157 424 320 480 sacramenti
345 423 424 495 panis
452 423 565 482 omnino
599 433 788 492 evanesceret,
818 428 862 483 vel
890 426 954 499 quia
967 427 994 489 A
1009 427 1045 483 cit
1058 443 1152 485 veram
1163 426 1369 508 velpropriam,
1386 424 1511 483 similiter
1523 423 1552 481 in
1564 424 1654 496 seipsa
1671 437 1727 478 non
1742 436 1808 477 esse

159 512 296 568 oblivione
312 514 401 584 sopita
417 513 480 569 sidei
496 514 603 570 devotio
618 523 746 586 torperet,
763 530 824 571 cum
840 515 866 570 in
883 522 957 572 tanto

159 602 287 673 mysterio
302 602 411 674 signum
426 603 535 673 aliquod
551 603 623 659 unde
639 603 773 658 memoria
792 604 957 660 admonere-

158 699 203 746 tur
221 707 277 746 non
298 699 467 760 superesset.
492 692 553 747 Non
576 692 650 747 enirn
673 701 829 763 superesset
846 693 957 763 aliquod

159 780 276 846 visibile,
292 780 365 835 circa
380 781 451 851 qarod
468 781 584 851 mystico
599 780 738 851 passionis
762 781 839 854 signa
852 790 878 837 et
892 798 956 838 cru-

157 870 292 926 cilixionis
316 868 414 924 Christi
435 869 461 923 iu
483 869 569 923 missa
590 878 704 940 possent
725 870 876 940 celebrari,
905 886 957 928 nec

156 958 229 1014 unde
258 959 286 1012 in
315 958 489 1029 perceptione
518 958 642 1028 corporis
670 966 697 1014 et
726 959 866 1032 sanguinis
896 961 957 1031 ejus

157 1047 392 1119 incorporationis
412 1062 467 1102 suae
489 1054 516 1101 et
539 1055 640 1104 nostrae
662 1048 791 1118 mysteria
815 1049 955 1120 compleri,

158 1137 202 1192 vel
223 1135 338 1191 infirmis
353 1135 480 1191 viaticum
505 1135 578 1201 dari3
604 1152 654 1190 nec
674 1145 772 1192 caetera
786 1153 847 1207 quae
862 1137 956 1193 visibi-

156 1226 219 1282 liter
234 1233 261 1280 ει
276 1223 419 1279 salubriter
433 1240 483 1294 per
496 1225 588 1293 ipsum
601 1224 628 1277 in
639 1231 734 1280 sancta
748 1223 868 1281 Ecclesia
879 1224 955 1293 finnt,

156 1315 279 1371 valerent
294 1312 489 1367 administrari.
505 1312 567 1367 Non
584 1313 657 1367 enim
673 1312 774 1368 frustra
788 1314 855 1368 dixit
865 1314 957 1369 Domi-

156 1419 208 1458 nus
223 1421 230 1456 :
246 1404 301 1458 Hoc
314 1402 403 1474 tacite
418 1402 450 1457 ia
464 1418 557 1457 meunt
572 1405 867 1458 commemorationem
878 1405 954 1470 (Lac.

157 1507 226 1562 xxii,
246 1492 300 1563 la),
318 1498 517 1545 sacramentum
533 1489 663 1545 exhibens
686 1489 755 1545 sicut
774 1507 864 1545 rerum
880 1491 955 1558 lidei,

157 1582 196 1636 sic
224 1596 288 1637 vere
316 1578 423 1635 visibile
452 1578 604 1635 excitandae
628 1578 904 1634 commemorationi:
928 1587 957 1634 ut

158 1669 229 1740 quod
245 1668 308 1724 fidei
329 1675 430 1724 certum
447 1672 499 1733 cst,
516 1676 635 1722 mentem
658 1675 769 1739 paseat,
793 1667 865 1737 quod
889 1667 956 1723 risui

1010 533 1086 582 vera,
1102 517 1152 572 sed
1172 517 1357 588 phantastica,
1380 516 1449 573 sicut
1469 514 1563 572 solent
1583 511 1671 569 videri
1692 512 1807 583 phanta-

1010 607 1085 663 sticae
1100 607 1207 677 speeies
1220 622 1311 662 rerum
1326 605 1352 659 in
1368 604 1491 669 somniis,
1508 603 1553 659 vel
1567 616 1711 676 magorum
1735 615 1808 672 prae-

1010 694 1109 767 stigiis.
1121 695 1194 758 Quid
1209 704 1248 750 est
1263 693 1335 765 quod
1348 695 1376 751 S.
1389 693 1560 766 Augustinus
1573 690 1728 763 approbare
1741 702 1808 744 eou-

1011 783 1095 840 tendit
1118 785 1207 840 modis
1233 783 1374 851 omnibus,
1399 781 1558 838 sacrihcium
1580 779 1684 837 scilieet
1706 776 1807 834 Eccle-

1010 873 1058 929 siae
1087 872 1193 928 duobus
1221 872 1332 938 eonhci,
1358 872 1518 943 duobusque
1537 877 1681 935 constare,
1706 866 1807 924 visibili

1012 962 1206 1018 elementorum
1231 962 1341 1032 specie,
1366 968 1393 1015 ει
1415 959 1545 1015 invisibili
1559 957 1654 1020 Christi
1676 972 1757 1013 cerne
1781 964 1806 1011 et

1010 1053 1166 1124 sanguine?
1186 1051 1214 1106 si
1237 1050 1333 1105 salsum
1346 1058 1373 1105 et
1387 1049 1513 1104 frivolum
1537 1054 1605 1115 erat,
1629 1047 1732 1102 trustra
1754 1045 1808 1101 hoo

1011 1148 1100 1196 tantus
1114 1140 1156 1195 vir
1172 1139 1299 1194 omnibus
1321 1138 1412 1193 modis
1436 1136 1590 1208 approbare
1612 1133 1805 1202 contendebat,

1010 1228 1106 1284 frustra
1128 1229 1161 1283 ad
1185 1228 1384 1284 conlectionem
1407 1224 1642 1291 sacramentalem,
1658 1238 1750 1280 veram
1773 1237 1806 1276 ex

1010 1319 1081 1373 veris
1097 1317 1181 1374 rebus
1195 1316 1394 1372 ostendendam
1409 1314 1583 1386 personalem
1607 1310 1805 1369 coniectionem

1010 1407 1118 1473 Christi,
1134 1423 1167 1461 ex
1182 1421 1246 1461 vero
1264 1406 1320 1460 Deo
1332 1413 1359 1460 et
1373 1419 1439 1460 vero
1462 1404 1574 1459 homine
1597 1402 1625 1456 io
1647 1398 1807 1456 similitudi-

1010 1513 1072 1551 nem
1096 1495 1260 1551 adducebat.
1288 1495 1399 1549 Frustra
1414 1493 1494 1548 etiarn
1506 1490 1685 1547 universalem
1701 1502 1807 1561 propo·

1011 1585 1137 1641 sitionem
1164 1584 1227 1653 (qua
1250 1591 1393 1655 utramque
1415 1580 1626 1645 conlectionem,
1643 1575 1807 1635 sacramenti

1011 1674 1125 1739 seilicet,
1141 1681 1168 1729 et
1181 1689 1305 1744 personae
1319 1671 1430 1741 Christi,
1446 1686 1481 1727 ex
1496 1670 1568 1725 varis
1583 1668 1666 1724 rebus
1680 1674 1808 1725 constare

158 1766 261 1815 eertum
278 1763 329 1823 est,
350 1755 523 1811 devotionem
539 1755 665 1811 accedat.
690 1754 758 1824 Quia
781 1756 856 1811 enim
879 1756 954 1811 illum
968 1785 996 1849 B
1011 1761 1157 1833 astrueret)
1171 1760 1304 1817 subdebat
1319 1760 1436 1816 dicens:
1456 1783 1467 1809 a
1485 1758 1555 1829 Quia
1567 1758 1658 1814 omnis
1677 1772 1724 1812 res
1743 1753 1808 1809 illa-

159 1845 310 1902 secundum
337 1860 447 1900 clinem
475 1845 560 1899 0oe¹0⁸
588 1844 708 1915 ⁰l>0f11¹it
736 1851 897 1914 penthale.
926 1852 956 1900 ut
1011 1869 1070 1908 rum
1086 1867 1177 1907 rerum
1193 1859 1313 1905 naturam
1337 1858 1363 1904 et
1384 1849 1525 1904 veritatem
1541 1845 1756 1906 insecontinel,
1773 1859 1808 1898 cx

158 1935 221 1990 illuc
235 1932 415 1990 confidentius
429 1934 612 1998 tenderemus,
628 1933 737 2003 reliquit
760 1933 839 1988 nobis
856 1950 956 1989 carna·
1010 1941 1109 2012 quibus
1121 1937 1274 1995 conficitur,
1296 1962 1307 1986 ι
1334 1937 1414 2008 Quod
1429 1936 1514 1992 absiri
1542 1932 1712 1992 Sacrificium
1734 1932 1809 1989 enim

155 2023 227 2078 libus
241 2023 320 2091 hujus
334 2022 497 2078 sacramenti
512 2021 646 2076 visibilem
669 2021 785 2093 ligoram
799 2027 827 2076 et
841 2023 955 2079 charac—
1010 2029 1143 2085 Ecclesiae
1162 2042 1259 2083 revera
1278 2027 1431 2090 veritatem,
1448 2034 1475 2083 et
1488 2032 1614 2080 naturam
1629 2023 1657 2079 in
1673 2039 1703 2079 se
1717 2022 1808 2078 conti-

156 2120 242 2167 terem
257 2109 351 2166 carnis
367 2114 394 2165 et
409 2109 550 2182 sanguinis
566 2109 619 2177 sui,
635 2116 664 2162 ut
679 2124 736 2163 sum
749 2109 880 2179 passionis
895 2127 956 2166 me·
1010 2127 1056 2173 net
1077 2133 1170 2173 aarum
1193 2132 1285 2171 rerum
1309 2132 1342 2171 ex
1366 2115 1466 2188 quibus
1485 2112 1639 2183 conficitur,
1654 2112 1720 2185 quia
1745 2127 1808 2168 vere

155 2199 241 2256 moria
256 2198 367 2263 incitati,
384 2197 551 2253 ῦθῡὸῑιῐιῑῑιιθ
565 2199 618 2253 1¹00
632 2196 794 2252 faceremus·
1010 2215 1036 2262 et
1059 2206 1215 2262 naturaliter
1234 2205 1354 2261 continet
1367 2219 1466 2275 corpus
1481 2202 1578 2259 Christi
1591 2210 1617 2258 et
1631 2201 1807 2274 sauguinem,

193 2307 270 2371 llam,
287 2305 308 2359 si
325 2305 458 2359 elementa
484 2304 594 2360 omnino
616 2310 784 2359 mutarentur
806 2304 832 2358 in
856 2304 956 2360 Christi
1011 2302 1037 2352 et
1064 2295 1242 2353 nihilomiuus
1271 2310 1333 2349 vere
1361 2299 1388 2349 et
1416 2292 1577 2348 naturaliter
1608 2291 1809 2347 elementorum

155 2410 278 2460 earnem,
289 2393 356 2447 nihil
371 2393 487 2463 sciphus
502 2404 572 2448 essu
584 2392 685 2448 chusai
699 2408 763 2448 caro
778 2409 860 2463 quam
876 2394 957 2450 niodo
1010 2385 1136 2440 eamdem
1151 2400 1212 2455 quae
1228 2386 1315 2438 luerit
1329 2382 1460 2452 spectem.
1472 2381 1601 2452 Alioquin
1611 2379 1751 2453 qiiomodo
1761 2395 1806 2435 ve·

156 2491 206 2539 est.
223 2482 288 2548 Sed,
304 2481 353 2536 etsi
369 2480 477 2551 propria
489 2480 597 2552 speeies
612 2484 739 2537 humanas
754 2482 843 2538 earnis
857 2498 957 2554 corpo·
1010 2489 1070 2529 rum
1086 2472 1144 2542 erit,
1160 2473 1233 2546 quod
1258 2472 1293 2527 de
1315 2471 1458 2526 elementis
1478 2469 1721 2526 sacramentalibus
1735 2469 1808 2523 Am·

155 2572 250 2628 raliter
272 2578 428 2641 appareret,
454 2569 630 2627 nibilominus
655 2572 804 2641 spiritualis
826 2572 955 2628 credere·
1011 2563 1122 2618 blosius
1133 2562 1207 2627 (filil,
1224 2570 1252 2616 ¹¹¹
1267 2560 1318 2616 Sim
1332 2576 1393 2632 (1¹¹ae
1408 2568 1495 2627 esini»
1511 2567 1537 2615 θῑ
1551 2560 1579 2615 in
1593 2558 1667 2615 allud
1680 2573 1809 2615 wfflmll·

159 2668 200 2717 tor
215 2675 295 2733 qoam
310 2659 429 2714 creditur
444 2666 471 2714 et
485 2667 537 2715 εει.
570 2660 604 2714 Ει
619 2660 683 2732 quid
699 2663 843 2732 prodesset
862 2661 956 2719 aridei-a
1011 2658 1108 2719 tentor,
1124 2652 1175 2706 nisi
1189 2651 1275 2706 decis
1297 2650 1326 2705 in
1348 2658 1522 2706 sacramento
1545 2656 1572 2705 et
1594 2647 1695 2718 aliquid
1718 2663 1809 2703 reser-

156 2766 218 2806 enm
234 2748 383 2819 inproprie
404 2748 496 2819 specie
518 2749 644 2804 bumanae
661 2751 765 2817 carnis,
792 2751 837 2822 qui
861 2759 952 2805 tamen
1010 2750 1097 2804 vetur,
1110 2748 1138 2795 ut
1153 2741 1176 2795 si
1192 2740 1263 2811 quod
1285 2738 1373 2794 luerat
1394 2742 1421 2794 et
1444 2737 1545 2810 aliquid
1560 2744 1687 2803 mutetur,
1702 2743 1733 2792 ut
1748 2751 1810 2792 me-

157 2836 311 2896 oredendus
333 2845 405 2893 esset
429 2853 492 2894 vere
513 2838 612 2892 habore
637 2839 807 2909 spiritualem
831 2840 949 2911 speciem
1010 2829 1062 2885 lius
1077 2828 1143 2886 fiel?

156 2925 384 2984 resurrectionis?
422 2927 457 2983 Ut
483 2936 571 2981 autem
603 2926 630 2981 in
656 2928 778 2999 sequenti
808 2936 953 2992 astruetur,
1046 2921 1115 2975 ltom
1139 2917 1276 2991 quomodo
1299 2933 1391 2975 verum
1411 2917 1471 2985 erit,
1487 2916 1813 2988 quodpraesenteNico·

158 3016 324 3072 minueretur
339 3014 401 3070 iidei
416 3016 555 3084 meritum,
572 3031 621 3086 pro
643 3023 697 3071 tam
718 3017 863 3072 manifesto
882 3017 955 3071 veri·
1010 3007 1053 3063 ¹80
1068 3023 1148 3079 papa,
1166 3014 1192 3062 el
1216 3008 1267 3063 ¹1³
1292 3007 1428 3079 episcopis
1451 3014 1547 3063 sancta
1571 3005 1692 3078 synodus
1718 3005 1814 3062 Romae

158 3106 220 3162 tatis
234 3104 437 3176 experiment03
455 3103 498 3160 vel
512 3103 690 3176 impediretur
703 3105 883 3176 perceptionis
897 3106 956 3174 eius
1012 3095 1176 3170 berengario
1201 3095 1328 3153 haeretico
1349 3097 1384 3151 de
1407 3096 1488 3165 hujus
1519 3095 1560 3151 rei
1590 3093 1724 3151 catholiea
1758 3092 1813 3148 lide

160 3194 352 3262 commoditas,
368 3208 417 3265 pro
431 3193 543 3248 humaui
566 3193 690 3264 corporis
715 3193 876 3251 comedendi
892 3195 959 3250 hor-
1014 3189 1145 3257 scriptum
1167 3185 1285 3251 tradidit,
1306 3193 1333 3240 et
1351 3184 1396 3240 ille
1416 3183 1596 3255 jurejurando
1618 3182 1747 3251 lirmavit,
1760 3200 1815 3257 ph-

160 3300 229 3342 rore
243 3285 356 3355 iniecto.
1014 3291 1080 3331 aem
1101 3275 1210 3331 scilicet
1231 3278 1260 3331 et
1284 3275 1383 3329 vinem
1403 3278 1466 3344 port
1486 3274 1728 3329 consecrationem
1758 3286 1818 3327 noa

194 3393 263 3449 Com
285 3399 375 3446 autem
391 3390 418 3445 in
433 3397 601 3447 sacramento
613 3391 702 3447 forma
715 3391 807 3463 panis,
823 3392 959 3458 soliditas,

162 3481 248 3548 color,
275 3496 359 3552 sapor
389 3479 534 3547 sentiatur,
557 3478 601 3535 vel
624 3496 722 3535 vorum
744 3483 796 3537 hoc
817 3497 893 3551 esse,
919 3481 961 3538 vel

163 3569 363 3641 phantasticum
379 3568 489 3624 dicitur.
514 3567 569 3624 Sed
590 3569 661 3625 absit
675 3577 704 3624 ut
727 3569 847 3640 perlecta
861 3571 962 3626 veritas

162 3659 314 3731 phantasiae
347 3655 453 3712 fallacia
486 3664 640 3723 astruatur,
677 3659 795 3714 maxime
826 3676 887 3714 cum
911 3659 963 3730 ipsi

163 3747 265 3818 angeli,
283 3754 309 3801 et
324 3748 382 3818 ipse
394 3745 511 3816 Spiritus
527 3754 637 3801 sanctus
659 3746 686 3801 in
708 3748 831 3803 columba
848 3747 892 3805 vel
908 3747 964 3803 lin-

165 3836 227 3908 guis
241 3835 340 3908 igneis,
357 3834 463 3906 quotics
484 3833 641 3904 apparuisse
657 3837 791 3909 leguntur,
808 3853 860 3893 non
876 3838 964 3909 phan-

167 3924 273 3991 tastica,
288 3923 336 3979 sed
353 3938 415 3978 rera
430 3936 542 3992 corpora
557 3923 583 3977 in
599 3939 664 3979 aere
678 3939 816 3981 assumere
838 3936 964 3981 astruan-

167 4021 228 4080 tur,
263 4019 289 4067 et
321 4012 349 4065 in
381 4009 487 4066 crateris
525 4011 653 4066 omnibus
688 4014 864 4070 sacramentis
898 4016 967 4072 Novi

171 4100 340 4156 Testamenti
355 4106 381 4153 et
396 4098 511 4164 Veteris,
528 4099 595 4154 nihil
617 4100 780 4171 phantasiae,
805 4104 853 4158 sed
877 4105 969 4160 omnia

168 4205 238 4246 vera
261 4189 443 4244 inveniantur.
468 4189 625 4243 Absurdum
646 4189 716 4244 enim
744 4207 840 4247 revera
860 4202 918 4260 εει,
940 4200 969 4249 ut

169 4278 242 4348 quod
265 4293 319 4334 non
342 4293 407 4333 rere
431 4284 488 4344 est,
512 4277 654 4332 veritatem
676 4279 825 4350 approbet;
847 4289 874 4337 et
897 4281 969 4352 quod

169 4366 204 4423 de
220 4383 250 4423 se
264 4366 331 4422 fallit
343 4366 561 4434 aestimationem,
588 4366 622 4421 de
647 4366 700 4422 alio
723 4383 818 4424 veram
843 4370 970 4426 exhibeat

169 4454 261 4512 fidem.
280 4457 452 4511 Phantastica
477 4455 547 4511 enim
572 4455 675 4519 illusio,
697 4457 815 4529 magicis
838 4460 967 4531 congruit

171 4553 198 4600 et
226 4544 367 4600 diabolicis
391 4543 532 4600 fraudibus
561 4563 568 4598 ε
592 4544 709 4599 veritatis
730 4549 820 4601 autern
842 4548 965 4613 assertio,

172 4633 273 4689 divinis
288 4633 489 4689 sanctionibus.
512 4634 554 4689 Ne
575 4649 643 4706 ergo
664 4635 828 4705 phantastica
850 4635 965 4705 speeies,

170 4730 342 4779 sacramento
358 4721 457 4778 Christi
470 4721 558 4778 aliena
573 4738 685 4794 prorsus
700 4729 727 4779 et
741 4724 968 4797 indigna,super·

1015 3365 1107 3419 sulum
1125 3367 1350 3427 sacromentum,
1364 3361 1413 3417 sed
1429 3366 1457 3418 el
1472 3377 1573 3433 corpas
1591 3361 1696 3417 ctrhtt
1709 3376 1772 3416 aare
1787 3367 1818 3415 et

1015 3453 1194 3526 sanquinem.
1204 3453 1233 3506 Si
1241 3452 1326 3524 panis
1333 3452 1395 3522 post
1405 3452 1649 3509 consecrationem
1659 3453 1814 3522 utramque

1017 3545 1068 3609 ext,
1083 3544 1297 3597 sacramentnm
1311 3541 1421 3596 scilicet
1435 3543 1463 3595 et
1472 3554 1573 3611 corpas
1584 3538 1700 3608 Christi,
1709 3545 1820 3608 oportet

1017 3628 1090 3695 uuod
1118 3637 1318 3684 sacramentum
1344 3629 1378 3682 sit
1401 3628 1509 3699 speeie,
1535 3636 1562 3682 ει
1586 3642 1688 3698 εοιριιε
1712 3626 1818 3682 Christi

1018 3719 1120 3774 laetum
1136 3717 1170 3772 sit
1184 3717 1338 3772 substantia
1351 3716 1510 3772 mutatione.
1528 3716 1605 3772 Unde
1621 3715 1791 3787 Augustinus
1809 3732 1817 3769 :

1021 3806 1131 3877 «Quod
1152 3807 1248 3861 videtis
1271 3805 1298 3860 in
1322 3805 1409 3871 altari,
1430 3805 1508 3877 panis
1531 3814 1572 3861 est
1593 3811 1621 3860 et
1643 3803 1726 3874 calix,
1744 3804 1820 3875 quod

1020 3896 1100 3951 etiam
1115 3895 1185 3951 oculi
1201 3895 1285 3951 vestri
1299 3894 1473 3963 denuntiant,
1499 3897 1637 3952 oculorum
1661 3890 1819 3949 testimonio

1021 4000 1074 4040 non
1089 3984 1273 4054 phantasiam,
1285 3983 1333 4039 sed
1351 3984 1451 4055 speciei
1466 3984 1607 4038 ueritatem
1624 3982 1791 4054 approbans.
1805 4005 1818 4031 a

1021 4075 1056 4129 Et
1069 4073 1189 4128 subdidit
1202 4092 1208 4127 :
1223 4096 1233 4119 ι
1251 4072 1330 4142 Quod
1346 4080 1439 4128 nutem
1455 4071 1523 4127 sides
1534 4072 1665 4142 postulat,
1681 4072 1765 4142 panis
1779 4078 1824 4125 est

1023 4177 1131 4233 corpus,
1149 4160 1219 4217 calix
1243 4170 1283 4216 est
1309 4161 1435 4233 sanguis,
1458 4160 1604 4217 mutatione
1628 4160 1733 4216 scilieet
1753 4158 1822 4213 sub·

1023 4251 1142 4306 stantia.
1161 4249 1301 4321 Alioquin,
1317 4251 1339 4304 si
1356 4265 1391 4305 ex
1407 4249 1552 4320 phantasia
1567 4257 1593 4304 ει
1608 4249 1723 4304 veritate
1731 4262 1824 4303 saera·

1024 4345 1145 4395 mentum
1161 4338 1259 4394 Christi
1275 4337 1373 4394 confici
1388 4337 1519 4403 creditur,
1534 4337 1591 4407 jam
1608 4336 1744 4393 conlectio
1767 4352 1823 4391 non

1024 4429 1077 4484 erit
1092 4444 1171 4500 quam
1186 4442 1221 4483 ex
1236 4427 1325 4499 aliqua
1348 4443 1377 4481 re
1400 4435 1425 4482 et
1449 4426 1520 4481 nulla
1538 4426 1672 4481 (conlectio
1698 4433 1822 4481 constare

980 4496 1077 4572 Draon
1100 4516 1199 4589 possit.
1220 4514 1368 4571 Conlieitur
1387 4530 1456 4587 ergo
1476 4523 1672 4570 sacramentnm
1695 4529 1727 4570 ex
1753 4528 1820 4568 vero

1021 4621 1135 4676 corpore
1150 4605 1246 4660 Christi
1270 4612 1296 4659 ει
1319 4605 1462 4676 sanguine,
1478 4612 1504 4660 et
1524 4619 1557 4658 ex
1579 4605 1651 4658 veris
1674 4601 1820 4673 speciebus

1021 4693 1101 4768 panis
1117 4702 1143 4751 et
1157 4693 1222 4750 vini.
1240 4716 1251 4742 i

172 4811 262 4866 induci
277 4811 416 4880 credatur,
432 4827 493 4882 quae
507 4811 596 4884 magis
615 4811 692 4868 novit
716 4812 810 4868 tallere
824 4829 904 4885 quam
920 4829 969 4869 ve·
1313 4808 1429 4866 CAPUT
1448 4808 1519 4864 vill.

170 4898 276 4955 mamm
302 4908 441 4968 ⁸⁸¹s¹¹⁰s0=
461 4900 599 4971 q⁰⁰¹¹¹⁰d⁰
620 4899 647 4954 id
668 4914 721 4955 ¹¹⁰⁰
744 4900 833 4956 ⁵⁰¹¹¹¹¹¹
857 4902 967 4970 Μῑῑῡῡῑι
1025 4908 1162 4977 Quantodo
1177 4913 1390 4964 sacromentum
1410 4907 1534 4977 corporis
1553 4905 1656 4961 Christi
1675 4921 1694 4959 a
1709 4905 1823 4961 elauris

172 4990 220 5044 sed
235 4997 260 5043 et
276 4989 427 5045 summitati
442 4990 476 5043 sit
487 4988 663 5056 contrarium,
680 4989 835 5046 videamus.
1144 4981 1332 5034 recrementis
1348 4977 1463 5050 differat
1480 4979 1522 5033 vel
1536 4978 1698 5034 cortvtnt'ttt·

209 5098 243 5153 Ut
257 5097 294 5151 ait
308 5096 482 5169 Augustinus
500 5113 505 5149 :
525 5119 536 5143 u
554 5096 622 5151 Caro
638 5096 698 5166 ejus
713 5104 764 5162 est,
781 5112 861 5168 quam
882 5097 969 5154 lorma
1058 5094 1123 5164 Sed,
1141 5094 1203 5165 quia
1219 5094 1252 5148 de
1267 5093 1438 5150 conlectione
1459 5093 1621 5149 sacramenti
1644 5092 1745 5146 dictum
1767 5100 1821 5162 est,

173 5186 254 5258 panis
275 5193 398 5256 opertam
420 5185 447 5240 in
470 5194 635 5241 sacramento
664 5184 828 5257 accipimns;
855 5187 968 5259 sanguis
1023 5183 1163 5257 quomodo
1178 5191 1378 5239 sacramentum
1389 5183 1512 5253 corporis
1527 5180 1628 5236 Christi
1643 5180 1677 5235 ab
1690 5180 1750 5235 aliis
1765 5181 1822 5236 dil·

172 5276 230 5343 ejus
247 5284 296 5336 εει,
312 5291 392 5346 quem
407 5274 457 5329 sub
474 5275 527 5329 riui
539 5274 629 5345 specie
644 5290 675 5329 ac
689 5290 787 5344 sapore
801 5283 936 5344 potamus.
955 5298 965 5324 ι
1022 5276 1092 5330 ferat
1119 5272 1308 5340 sacramentis,
1326 5272 1367 5328 vel
1383 5270 1519 5343 quomodo
1544 5270 1702 5337 conveniat,
1723 5268 1822 5327 videa-

173 5363 229 5420 Sed
245 5365 317 5434 quia,
333 5372 459 5434 utsupra
474 5365 574 5418 dictum
591 5372 640 5430 est,
654 5364 681 5417 iu
697 5362 750 5418 fine
770 5363 864 5418 missae
878 5372 968 5420 oratur
1021 5381 1093 5420 mus.

171 5459 200 5506 ut
216 5468 316 5522 corpus
327 5452 423 5506 Christi
438 5453 509 5522 quod
525 5452 574 5506 sub
590 5451 681 5522 specie
696 5451 773 5523 panis
788 5460 813 5507 ct
825 5452 881 5505 vini
895 5469 968 5509 nune
1057 5455 1159 5510 Caetera
1173 5453 1244 5508 enim
1260 5457 1432 5505 sacramenta
1446 5448 1516 5504 Nori
1527 5447 1691 5504 Testamenti
1704 5456 1731 5504 et
1740 5448 1818 5504 l'ete-

170 5541 282 5613 geritur,
299 5557 390 5597 rerum
412 5541 527 5596 veritate
550 5542 679 5611 capiatur,
709 5557 743 5597 ne
769 5547 877 5611 putetur
906 5542 967 5612 ipsa
1019 5542 1065 5611 ris,
1082 5542 1175 5613 hgurae
1193 5539 1438 5604 tautumluerunt;
1459 5536 1744 5609 necaliquaespeeies
1763 5553 1818 5593 εο-

168 5630 275 5704 apecies
292 5629 372 5702 panis
386 5638 411 5686 et
427 5628 491 5697 vini,
508 5645 588 5702 quaxn
608 5630 715 5703 corpori
727 5629 825 5686 Christi
847 5645 902 5687 non
920 5630 965 5688 di·
1019 5646 1091 5700 rum,
1106 5635 1138 5686 ut
1155 5629 1183 5686 id
1197 5628 1294 5687 fierent
1317 5627 1390 5698 quod
1412 5625 1609 5701 significabant,
1625 5627 1660 5683 ab
1674 5627 1728 5684 hoo
1742 5624 1817 5699 quod
