3728 6000
101 226 155 287 stt

646 220 837 282 EXPOSITIO
856 218 997 282 attunt
1016 226 1053 283 lN
1073 224 1211 288 cauttc.

1695 242 1749 303 tto

102 354 251 425 Sponsum,
275 350 393 422 quandiu
425 350 525 406 divinae
549 349 609 421 ejus
636 349 768 404 bonitatis
791 349 898 404 llamma
912 348 941 412 Α
956 349 1032 405 diunt
1051 352 1207 411 civitatem.
1229 376 1241 409 s
1264 357 1426 417 Invenerunt
1450 374 1639 436 quaerentem:
1667 385 1747 440 quem

958 439 1048 510 grstia
1069 441 1171 498 lacerat
1184 454 1336 504 amantem.
1356 450 1410 506 Sed
1426 468 1514 524 neque
1528 454 1572 509 hio
1585 471 1643 510 eam
1669 458 1745 515 inve·

959 527 1015 582 nire
1030 528 1187 601 potuissent,
1200 534 1249 589 nisi
1264 550 1281 590 a
1295 537 1380 608 gratia
1391 550 1529 610 praereuta
1556 543 1660 600 luisset.
1676 546 1750 604 Siout

959 615 1030 669 enim
1050 619 1139 674 nullus
1157 630 1246 690 potest
1265 640 1362 681 sensus
1382 628 1511 684 insinuari
1540 631 1591 686 nisi
1614 635 1750 705 sentienti,

103 442 197 513 ipsius
211 456 267 496 non
281 440 431 496 inllammat
452 438 601 506 affectum3
617 438 737 510 quaudiu
764 439 904 494 memoriae

101 529 277 585 abundantia
298 528 441 606 suavitatis
465 527 538 583 illius
566 543 615 583 nec
642 542 692 582 sua
719 524 834 582 afficitur
860 540 905 582 me

103 616 201 686 moria,
217 632 268 674 nec
282 617 470 674 conformatur
484 616 648 672 intellectus.
668 613 905 686 Aberrutequippc

102 709 178 780 ipso,
189 714 301 778 repente
316 706 457 777 disparent
471 715 497 760 ει
514 704 619 776 lurgiunt
629 720 723 759 omnes
739 703 906 760 consolatio·

102 812 153 852 nes
168 797 301 867 Sponsae;
317 810 395 850 mens
407 794 508 849 sterilis
524 810 539 849 a
558 793 678 864 pristinis
696 791 828 847 fructibus
838 790 905 846 red·

101 885 197 954 ditur;
214 898 292 939 amor
305 883 365 938 sine
381 881 480 938 affectu
495 880 627 947 efficitur;
644 881 770 953 cogitatio
784 882 843 935 sine
864 880 905 934 in·

103 974 223 1038 tellecta,
240 980 266 1027 et
281 972 339 1026 siue
361 971 514 1026 deuotionis
529 979 571 1026 est
597 970 698 1025 sructu.
734 992 744 1016 s
763 970 902 1040 Surgam·

101 1077 181 1135 crgo,
194 1061 290 1131 iuquit,
308 1082 320 1109 s
338 1066 365 1114 et
379 1060 436 1125 ibo,
455 1083 466 1106 ι
484 1074 645 1131 quoeunque
667 1074 711 1110 mc
734 1057 844 1123 amoris,
860 1054 905 1111 vel

101 1150 198 1222 potius
211 1148 340 1206 desiderii
356 1147 410 1203 mei
424 1156 505 1203 aestus
517 1146 645 1218 rapuerit,
665 1161 763 1217 sequar
780 1159 902 1214 quoeun-

104 1256 159 1312 que
174 1237 299 1295 traxerit.
316 1237 349 1292 lit
375 1253 437 1292 cum
467 1235 573 1291 interim
605 1234 718 1305 indigna
742 1235 803 1300 sim,
821 1248 904 1304 quam

102 1326 188 1383 solita
202 1325 290 1400 gratia
307 1324 398 1381 visitet
413 1324 546 1395 Sponsus,
562 1337 683 1394 quaeram
705 1321 821 1393 aliquos,
838 1337 906 1392 quos

101 1416 132 1471 in
147 1416 201 1472 hoc
216 1415 304 1486 ipsum
321 1412 401 1469 efficit
415 1414 498 1479 Dens,
517 1420 546 1467 ut
561 1411 682 1467 fruendo
705 1411 734 1465 in
758 1410 816 1465 Deo
838 1409 903 1476 iilis,

102 1505 148 1561 sel
161 1504 203 1560 sin
216 1503 290 1559 fruar
303 1503 361 1558 Deo
376 1502 403 1556 in
418 1501 487 1559 illis.
502 1501 557 1570 lpsi
572 1500 644 1554 cuim
658 1498 805 1569 aliquando
823 1497 904 1553 inve-

102 1602 215 1657 niuntur
230 1600 256 1655 in
272 1599 384 1669 plateis,
396 1613 469 1666 eum,
480 1597 650 1669 prohdolor!
660 1612 715 1651 nou
732 1595 904 1651 inveniuntur

960 711 988 758 ut
1002 714 1064 775 puta
1086 707 1157 763 risus
1171 711 1195 764 ei
1215 713 1259 780 qui
1275 731 1413 787 nunquam
1433 718 1510 785 vidit,
1531 721 1638 777 auditus
1661 723 1688 779 ei
1703 727 1751 797 qui

959 807 1013 846 non
1033 795 1144 867 audivit,
1177 799 1270 869 sicque
1289 802 1323 857 dc
1354 804 1482 879 reliquis;
1510 807 1549 863 sic
1577 809 1668 878 etiarn,
1696 811 1751 870 imo

958 880 1133 937 multominus
1160 901 1255 942 seusus
1286 888 1397 947 interior
1428 894 1523 965 gratias
1548 895 1599 950 nisi
1630 897 1665 953 ab
1692 898 1754 972 ipss

958 968 1046 1039 gratia
1068 980 1158 1041 potest
1177 975 1219 1029 rel
1251 977 1311 1032 dari
1343 994 1397 1034 uon
1431 982 1550 1051 habitus,
1576 984 1620 1039 vel
1648 989 1752 1046 restitui

957 1057 1082 1112 amissus.
1104 1061 1247 1118 Praedieuri
1266 1075 1356 1136 potest
1372 1068 1407 1123 ab
1434 1070 1596 1127 habentibus
1620 1090 1673 1130 non
1701 1077 1753 1134 ha-

957 1145 1082 1202 bentibus
1105 1151 1233 1221 quiritium
1260 1153 1378 1223 Domini,
1408 1162 1434 1212 ει
1457 1160 1661 1218 commendari:
1683 1180 1751 1221 nou·

957 1234 1046 1289 silium
1063 1235 1122 1291 dari
1136 1238 1163 1292 iu
1185 1242 1350 1311 quaerendo;
1374 1246 1470 1301 modus
1491 1246 1589 1319 aliquis
1616 1249 1750 1310 insinuari

957 1323 984 1377 in
1018 1328 1210 1396 recuperando,
1241 1338 1267 1384 et
1296 1332 1376 1388 etiarn
1403 1350 1606 1407 nonnunquam,
1634 1339 1656 1394 si
1683 1358 1752 1413 gra·

958 1411 994 1466 tia
1008 1427 1103 1469 eomes
1128 1415 1217 1483 luerit,
1241 1421 1344 1476 moveri
1368 1422 1500 1492 voluntas,
1530 1425 1612 1482 incuti
1642 1427 1751 1487 deside·

957 1499 1047 1567 rium;
1063 1501 1129 1558 illud
1144 1520 1208 1561 raro
1221 1508 1351 1579 gaudium
1365 1511 1462 1566 nullius
1471 1524 1521 1580 est,
1538 1513 1592 1569 uisi
1606 1517 1648 1570 oui
1662 1515 1750 1589 ipsum

957 1589 1179 1658 seiniundit;ad
1203 1594 1320 1653 sublime
1344 1598 1413 1654 illud
1429 1616 1509 1657 nemo
1535 1604 1667 1674 aseendit,
1696 1607 1750 1664 nisi

101 1691 132 1747 in
148 1689 300 1751 eoenobiis;
317 1688 494 1743 inueniuntur
502 1686 529 1741 in
538 1686 617 1752 sicis,
629 1701 688 1740 oum
698 1701 751 1740 non
762 1685 944 1759 invasion-B
960 1678 1001 1732 nni
1017 1679 1104 1750 ipsum
1120 1683 1327 1750 condescendit:
1345 1687 1445 1743 bonum
1459 1689 1526 1745 illnd
1550 1706 1629 1749 nemo
1656 1695 1750 1763 sentit,

102 1777 394 1836 turinersmis.Non
411 1776 484 1847 quod
501 1775 623 1830 nonsint
644 1775 671 1828 in
693 1773 826 1829 eoenobiis
845 1772 903 1827 lre-
958 1767 1104 1838 nisiquem
1124 1770 1213 1841 ipsum
1242 1774 1294 1829 sibi
1310 1777 1485 1833 conlormst:
1516 1778 1569 1835 vite
1595 1780 1643 1836 illa
1671 1799 1752 1840 nemo

101 1866 246 1940 quentius,
261 1878 289 1921 et
303 1863 461 1920 familiarius
475 1863 502 1918 in
517 1862 636 1930 eremis;
652 1863 701 1918 sed
716 1877 777 1918 oum
798 1861 902 1933 quaeri-
958 1855 1032 1922 ninii.
1049 1858 1099 1912 nini
1114 1875 1194 1928 quom
1217 1861 1276 1930 innn
1298 1864 1425 1922 vivificat·
1440 1866 1664 1926 pertranseuntur
1683 1886 1752 1946 ergo

102 1963 148 2012 tur
163 1956 247 2023 Deus,
262 1954 334 2010 sicut
348 1967 487 2024 nusquam
504 1950 648 2019 invenitur,
669 1951 720 2005 nisi
747 1951 826 2020 prior
844 1951 904 2020 ipse
957 1945 1076 2015 vigiles:
1094 1949 1138 2016 qui
1153 1949 1226 2004 sicut
1240 1965 1294 2005 nou
1310 1960 1455 2022 potuerunt
1470 1955 1559 2012 lacere
1576 1968 1750 2030 querentem,

102 2044 225 2099 inveniat
239 2059 268 2098 se
281 2049 459 2114 querentem,
476 2040 515 2095 sie
529 2055 664 2110 nusquam
682 2054 736 2094 uon
759 2038 902 2106 iuvenitur,
957 2032 995 2087 sin
1023 2050 1073 2090 nec
1097 2035 1230 2107 perficere
1258 2047 1401 2109 potuemnt
1428 2042 1752 2121 invenientemnenique

102 2148 167 2189 curn
183 2131 349 2204 praevenerit
358 2137 538 2202 quaerentem.
960 2122 1100 2178 -charitns
1112 2146 1123 2171 a
1134 2123 1291 2183 diffunditur
1301 2150 1311 2177 u
1320 2128 1607 2199 ineordibusnostris;
1618 2157 1631 2184 ι
1640 2150 1693 2192 non
1701 2152 1753 2209 per

142 2222 333 2277 slavenerunt
356 2235 401 2274 me
422 2219 530 2290 vigiles,
559 2216 606 2289 qui
633 2215 787 2272 custodiunt
810 2215 904 2271 cirita·
958 2210 1266 2280 hominemdocentem,
1291 2217 1339 2271 sed
1362 2234 1442 2289 uper
1470 2220 1598 2291 Spiritum
1616 2226 1751 2295 sanetum,

104 2318 167 2366 tem,
191 2334 203 2359 ι
220 2309 325 2377 Vigiles
339 2307 528 2379 intelliguntur
542 2307 600 2362 siue
614 2303 833 2360 administratorii
845 2303 904 2374 spi·
958 2299 1004 2369 qni
1019 2298 1101 2354 datur
1116 2301 1195 2357 nobis
1209 2304 1299 2372 (Rom.
1317 2305 1353 2375 ν).
1373 2328 1384 2354 s
1401 2307 1434 2361 Et
1448 2308 1539 2363 nullus
1554 2319 1595 2365 est
1618 2315 1753 2371 sermonis

102 2399 173 2454 ritus
188 2398 267 2453 missi
281 2406 392 2468 propter
406 2411 454 2451 eos
469 2395 514 2466 qui
530 2394 716 2449 haereditatem
731 2393 840 2463 capiunt
855 2407 904 2448 sa·
958 2387 1073 2443 offirmas
1086 2389 1264 2461 undecunque
1279 2394 1480 2461 venientis,ubi
1495 2407 1685 2470 nonopsrstur
1692 2400 1752 2458 rir-

102 2487 178 2549 lutis‚
193 2487 252 2541 sire
267 2486 395 2541 doctores
410 2486 496 2538 sancti
513 2493 539 2539 ει
556 2484 749 2555 praedicatores
763 2480 904 2536 adcirite·
958 2485 1001 2530 tus
1016 2479 1322 2550 gratiaepraerenientis.
1338 2483 1567 2542 1deodiciteis:·
1586 2487 1751 2562 Numquam

103 2583 159 2630 tem
175 2573 306 2630 Ecclesiae
319 2572 524 2628 custodiendam
545 2571 660 2627 ordinati
684 2571 784 2641 singuli
811 2569 839 2623 in
860 2584 906 2624 cu·
957 2564 1055 2620 dilexit
1069 2567 1159 2623 anima
1174 2584 1236 2624 mea
1251 2570 1377 2626 vidistis?
1390 2597 1401 2622 ι
1416 2572 1511 2644 Aliter,
1522 2574 1619 2647 inquit,
1630 2576 1751 2636 mihiso·

104 2663 202 2719 stodiis
217 2663 284 2718 suis.
301 2662 369 2718 Sunt
378 2661 452 2717 enirn
462 2661 553 2733 angeli
568 2676 717 2731 pauperum
734 2667 760 2713 ct
788 2658 903 2730 pusillo-
958 2662 1013 2722 nat,
1028 2655 1108 2711 aliter
1121 2656 1243 2727 loquitur
1256 2659 1392 2716 interioris
1413 2677 1499 2717 sonus
1519 2662 1671 2722 dulcedinis
1688 2669 1753 2722 ani·

103 2768 163 2807 euin
192 2751 251 2817 Dei,
271 2765 380 2820 semper
412 2749 510 2805 faeiem
529 2748 639 2804 Domini
664 2748 795 2812 ridentes,
823 2754 904 2802 etex
959 2758 1010 2799 mse
1029 2760 1108 2809 mere,
1120 2743 1199 2800 aliter
1215 2747 1335 2803 exterior
1356 2765 1446 2806 sermo
1473 2752 1674 2822 predicationis
1699 2771 1753 2812 re·

99 2839 209 2909 jndicio
225 2839 315 2894 uultus
329 2838 403 2893 illius
416 2853 477 2892 eam
489 2853 549 2907 qus}
564 2837 672 2907 Sponsa
688 2845 729 2891 est
743 2835 903 2905 adjuvantes
958 2838 1029 2887 sim.
1051 2832 1139 2888 Habet
1166 2835 1224 2903 ejus
1252 2851 1332 2905 quem
1356 2853 1448 2907 quaero
1475 2856 1583 2896 sensum
1609 2843 1752 2912 quemdam

103 2936 131 2984 et
155 2935 348 3000 protegentes:
369 2934 395 2981 et
414 2927 529 2981 secretis
550 2924 714 2997 quibusdam
738 2922 904 2996 suggerendi
957 2919 1066 2974 dilectio
1080 2935 1150 2985 mea,
1162 2938 1242 2991 quem
1259 2925 1366 2980 tametsi
1384 2942 1433 2982 ros
1448 2943 1558 3000 quoque
1573 2930 1686 3000 habetis,
1697 2946 1752 2988 non

102 3017 195 3072 modis
219 3015 322 3070 monita
346 3015 371 3070 ei
389 3013 477 3079 utilia,
498 3021 525 3068 et
549 3013 662 3069 consilia
688 3011 809 3067 salubria
835 3011 903 3066 sub·
959 3019 1048 3062 tamnu
1061 3009 1218 3080 exprimunt
1233 3011 1386 3081 relrestra,
1406 3016 1450 3071 rel
1468 3016 1617 3085 cujuslibet
1639 3018 1753 3077 alterius

101 3106 302 3160 ministrantes.
322 3104 379 3158 llos
397 3118 465 3174 ergo
486 3102 593 3173 Sponso
612 3101 717 3172 Sponsa
735 3115 766 3156 se
784 3100 848 3156 dicit
862 3099 902 3155 iu·
961 3095 1050 3151 rerba.
1065 3095 1196 3165 Quamuis
1210 3099 1292 3172 louge
1308 3101 1405 3158 melius
1420 3113 1446 3159 ει
1460 3104 1625 3177 digniusme
1635 3108 1751 3176 sentitis,

101 3200 278 3266 terregssse,
294 3192 407 3247 sednon
423 3191 596 3261 respondisse
609 3205 659 3245 eos
672 3190 746 3257 dicit,
772 3188 902 3261 quoniam
955 3200 1005 3254 per
1017 3185 1099 3240 rerba
1114 3193 1203 3242 taurea
1220 3199 1310 3244 vestra
1325 3206 1413 3260 neque
1437 3206 1487 3247 nos
1511 3194 1584 3266 quod
1605 3197 1753 3268 querimus

103 3297 160 3338 non
175 3296 284 3352 semper
298 3280 333 3336 ad
349 3281 440 3335 orunia
457 3280 904 3351 interrogatanostrapraestosunt
957 3273 1119 3341 invenimus,
1142 3292 1230 3346 neque
1257 3294 1305 3333 uos
1324 3279 1397 3351 quod
1421 3279 1583 3336 desideratis
1609 3284 1751 3356 attingitis.

103 3384 240 3442 response
257 3369 361 3437 divina,
377 3368 435 3423 sire
449 3364 903 3438 peroccultasiuspirationcs,sive
960 3362 1080 3432 [tetrique
1091 3363 1174 3418 multa
1189 3365 1270 3420 nobis
1284 3366 1384 3435 dicitis,
1400 3375 1426 3422 et
1440 3383 1494 3423 non
1519 3369 1677 3441 perducitis,
1688 3373 1753 3445 qnia

103 3475 156 3532 per
170 3457 322 3532 angelicam
332 3456 620 3525 subministrationem,
636 3455 694 3510 sire
709 3453 904 3525 perhumiuem
959 3467 1027 3517 rem,
1048 3452 1119 3507 siout
1144 3460 1193 3521 est,
1215 3470 1268 3510 non
1295 3454 1471 3513 innotescitis.
1502 3457 1615 3514 llultum
1643 3459 1752 3532 quidem

103 3548 269 3615 docentem3
289 3555 317 3602 et
339 3546 456 3601 maxime
471 3545 498 3600 in
520 3553 643 3616 ternpore
657 3542 822 3599 tentationis.
837 3542 905 3597 Sunt
958 3540 1101 3595 conterunt
1121 3556 1153 3597 ex
1168 3542 1262 3598 studiis
1276 3543 1433 3599 ministratae
1447 3545 1681 3603 nohisleetionnm
1689 3564 1753 3606 oon·

105 3637 182 3692 anina
198 3637 284 3691 etiam
298 3634 385 3690 sancti
401 3634 525 3690 doctores
538 3633 676 3701 Ecclesiae,
694 3640 816 3704 pastores
828 3630 905 3703 vigi·
959 3628 1104 3684 solutiones
1118 3629 1352 3704 spiritualiumque
1365 3633 1572 3691 meditationum
1580 3636 1751 3707 occasionem

104 3723 195 3781 lantes
208 3729 236 3780 et
249 3723 432 3781 custodientes
445 3722 552 3794 vigilias
573 3722 660 3777 noctis
683 3736 765 3791 super
791 3734 904 3792 gregem
959 3724 986 3772 et
1000 3716 1081 3772 ctiam
1096 3734 1130 3774 cx
1145 3718 1295 3776 imitatione
1308 3720 1392 3777 suncti
1403 3720 1625 3794 desideriivcstri
1636 3725 1754 3785 assiduae

105 3830 197 3880 asum,
213 3829 262 3884 per
281 3827 361 3885 quos,
375 3811 435 3866 sive
450 3826 498 3881 per
512 3810 595 3865 rerba
610 3810 655 3866 lrie
670 3809 831 3877 visentium,
846 3807 904 3863 sire
959 3805 1103 3871 orationes,
1119 3812 1273 3880 caeteraque
1287 3809 1428 3875 exercitia,
1445 3809 1502 3867 sive
1516 3812 1673 3883 spiritualia,
1695 3815 1753 3873 sire

105 3917 158 3974 W
172 3902 272 3973 script,
284 3901 343 3969 jum
358 3915 419 3955 cum
436 3900 492 3954 Deo
508 3899 690 3970 regnantium,
706 3915 780 3969 ,aepe
792 3899 827 3954 de
855 3918 904 3958 00.
958 3894 1128 3963 corporalia;
1144 3896 1192 3950 sed
1205 3903 1294 3952 tamen
1310 3899 1517 3968 pertranseundi
1530 3901 1597 3956 estis
1618 3903 1646 3957 in
1666 3903 1753 3959 omni·

104 3990 307 4055 cuttisnostris,
322 3988 357 4045 dc
372 3987 578 4044 necessitatibus
593 3988 704 4054 nostris,
728 3989 755 4043 in
784 3999 905 4062 tempore
959 3982 1011 4036 bus
1026 3982 1079 4049 his,
1095 3984 1362 4057 perveniendumque
1378 3987 1426 4042 ubi
1441 4003 1496 4044 non
1518 3988 1619 4061 legitor
1644 3991 1696 4047 nisi
1724 3992 1754 4049 in

102 4080 295 4150 prosperitatis
308 4077 442 4148 etgratiae
467 4077 641 4131 illuminantis
667 4093 780 4147 semper
807 4088 905 4149 praesto
960 4070 1029 4127 libro
1041 4072 1176 4138 veritatis;
1194 4074 1238 4128 nbi
1252 4082 1353 4131 aeterua
1382 4077 1517 4147 sapientia
1537 4077 1617 4136 datur
1634 4096 1684 4152 pro
1698 4097 1756 4138 me·

101 4167 185 4224 nobis
199 4175 241 4224 est
254 4181 415 4236 responsum
430 4164 562 4219 diuinum.
576 4165 659 4219 Porro
671 4165 697 4218 iu
713 4174 840 4236 tempore
854 4168 905 4223 tei.
961 4159 1101 4226 ditatione,
1117 4161 1186 4217 visio
1200 4178 1251 4233 pro
1265 4163 1460 4232 consolatione,
1486 4166 1570 4223 lacios
1592 4168 1628 4224 ad
1655 4167 1752 4227 laeiern

101 4253 260 4323 sunnonis,
272 4255 299 4308 sn
313 4254 410 4310 arenas
425 4252 607 4323 insunuans,
623 4251 652 4306 ur
672 4253 771 4308 coerun
799 4272 905 4312 aueum
960 4265 1009 4321 nro
1024 4251 1137 4321 soeculo
1152 4258 1179 4306 et
1192 4251 1351 4324 enigmate·
1371 4253 1425 4310 seu
1439 4255 1491 4310 uon
1513 4255 1595 4329 tonse
1616 4256 1687 4314 ultra
1703 4273 1753 4315 vos

102 4352 131 4401 et
145 4343 330 4411 tenelerrea3
348 4347 460 4397 nonest
474 4344 606 4412 propheta
620 4339 903 4413 relprophetiatnon
959 4345 1008 4404 0⁵12
1030 4338 1158 4408 1l¹¹⁰¹¹i³n¹
1178 4339 1275 4396 luturae
1299 4342 1363 4397 Viloe
1393 4349 1420 4397 ⁰⁸
1444 4355 1553 4399 aelefflae
1580 4344 1754 4402 bfflfiffldlnss

102 4441 147 4490 est
160 4432 230 4489 risio
244 4447 260 4487 a
276 4430 411 4499 Domino;
428 4431 507 4501 periit
516 4445 633 4485 sermon
648 4430 770 4497 doctore,
786 4439 813 4487 et
833 4449 902 4489 coa·
917 4400 944 4461 D
959 4431 1045 4482 status
1076 4427 1127 4482 istc
1150 4435 1202 4494 est,
1228 4444 1337 4484 ornnem
1361 4431 1497 4486 excedens
1515 4438 1542 4487 et
1562 4433 1754 4490 transcendens

103 4521 198 4577 sitium
217 4519 378 4590 asapieute.
395 4519 442 4573 leti
458 4518 626 4587 sivererbo,
642 4518 828 4591 sirescripto,
846 4521 905 4578 sive
959 4513 1153 4571 infirmitatem.
1184 4517 1325 4572 Paululum
1355 4534 1420 4575 vcro
1451 4519 1522 4575 ultre
1541 4536 1589 4576 ros
1608 4527 1649 4576 cst
1667 4528 1755 4578 status

103 4608 242 4680 exemplo,
258 4607 395 4678 Sponsam
410 4614 577 4677 quaerentem
599 4607 750 4677 inveniunt,
774 4609 822 4664 sed
849 4626 905 4666 non
960 4602 1068 4672 quidem
1085 4604 1200 4675 pietatis,
1216 4605 1243 4659 in
1257 4621 1310 4677 quo
1324 4607 1358 4660 ad
1374 4608 1432 4663 haec
1445 4607 1614 4679 degustanda
1633 4609 1757 4681 Sponsus

104 4693 293 4761 subveniunt;
309 4700 336 4747 ct
350 4691 419 4747 sicut
433 4690 542 4746 miseris
556 4691 681 4747 accidere
695 4693 906 4759 solet,etoonsi·
959 4703 1151 4760 nonnunquam
1168 4690 1278 4759 aulierat
1296 4691 1410 4761 sponsa
1432 4708 1500 4760 suae,
1516 4708 1684 4766 quacunque
1709 4693 1756 4750 illa

104 4779 218 4834 liatores
231 4775 257 4832 εἰ
272 4774 337 4830 liunt
352 4774 437 4841 multi,
456 4774 567 4845 adjutor
575 4776 678 4841 nullus,
694 4776 755 4848 quia
767 4782 907 4834 avertente
961 4782 1011 4840 est,
1023 4771 1217 4842 infirmitatem,
1242 4781 1279 4839 ut,
1304 4774 1374 4829 sieut
1396 4790 1444 4830 aer
1465 4776 1535 4831 ultra
1563 4776 1665 4844 lunam,
1682 4776 1755 4834 inira

106 4862 170 4919 lieo
183 4859 284 4917 latiam
298 4874 376 4913 suam
390 4859 650 4924 omniaturbantur;
671 4860 756 4918 rerba
777 4877 832 4916 non
855 4862 907 4919 nisi
962 4859 1072 4921 eoelum,
1085 4857 1182 4914 dicitur
1203 4873 1258 4912 uon
1286 4857 1387 4914 habere
1416 4858 1530 4930 pluuias,
1552 4861 1712 4932 grandines,
1728 4868 1755 4918 ει

104 4943 359 5015 serba,seripturae
378 4943 504 4999 nonnisi
527 4944 624 5001 litteras
642 4954 712 5001 suut.
738 4944 838 5000 Nullus
853 4955 905 5014 est,
962 4949 1119 4999 eaeterarum
1136 4941 1247 5012 spiritus
1273 4941 1463 5012 procellarum,
1492 4944 1541 4999 sed
1568 4960 1693 5001 serenum
1715 4947 1758 5002 ibi

104 5030 154 5101 qui
170 5029 296 5100 loquatur
310 5027 345 5082 ad
369 5042 416 5083 nor
441 5027 568 5095 dolentis,
593 5045 652 5084 eum
673 5029 748 5084 multi
772 5030 807 5084 ad
830 5045 909 5087 sures
962 5035 1120 5098 perpetuum
1135 5035 1186 5093 est,
1202 5028 1244 5083 sic
1256 5043 1287 5082 er
1304 5026 1424 5097 proiectu
1440 5027 1517 5083 bonae
1529 5027 1673 5085 voluntatis
1686 5028 1756 5089 effe-

103 5122 245 5186 strnpaut;
260 5112 351 5168 nullus
368 5110 515 5183 respondet
530 5112 723 5185 interroganti,
739 5113 831 5168 nullus
846 5131 908 5171 ma·
963 5122 1021 5170 ctus
1036 5121 1122 5168 status
1132 5111 1216 5167 none
1230 5110 1336 5177 mentis,
1352 5117 1379 5165 et
1393 5110 1428 5165 ab
1441 5110 1616 5168 interioribus
1637 5115 1757 5173 tenebris

103 5215 172 5277 num
186 5198 230 5254 dat
246 5196 360 5253 erranti.
384 5198 571 5252 nlnvcnemnt
584 5214 627 5252 me
642 5197 740 5271 vigiles
755 5200 801 5272 qui
815 5208 908 5257 custo·
962 5198 1101 5267 liberetur,
1115 5205 1141 5251 et
1154 5211 1171 5251 s
1184 5193 1318 5266 superiori
1334 5194 1435 5251 lumine
1458 5195 1572 5250 vicinius
1586 5196 1752 5256 illustretur.

101 5291 108 5304 '
143 5297 241 5352 flacus
260 5312 294 5352 ue
304 5312 386 5352 sunm
395 5299 426 5352 in
440 5298 556 5353 Cantica
573 5296 924 5369 expositioncmpcrducs’t
936 5299 966 5353 B.
977 5295 1192 5358 Gutltctmus.et
1203 5295 1398 5364 imperfectam
1408 5292 1568 5355 dimisit.ut
1581 5294 1664 5350 Petro
1673 5294 1756 5353 dboe·

107 5367 189 5424 lnrdo
197 5367 231 5422 de
239 5313 296 5437 ide
304 5369 528 5423 molescntt'enti
535 5373 562 5423 et
574 5369 710 5423 scribenti
717 5368 820 5423 deltam
831 5367 984 5433 indiceret,
995 5371 1027 5423 ut
1037 5369 1153 5438 ipsemet
1169 5367 1199 5420 tn
1212 5365 1332 5435 epistola
1340 5364 1376 5418 nd
1385 5364 1428 5417 ΡΡ
1436 5403 1443 5417 .
1452 5362 1674 5428 Cortlrusicnact.
1686 5367 1756 5424 libro

105 5439 210 5494 Derits
223 5438 355 5497 solitaria.
363 5439 495 5510 praefixo.
507 5442 621 5494 monet:
637 5440 710 5493 trouu
723 5445 823 5493 autem
831 5444 927 5510 posteo
938 5456 995 5495 nen
1003 5439 1169 5509 resumpsit,
1180 5437 1228 5490 red
1235 5436 1323 5490 vitans
1336 5435 1369 5491 S.
1381 5434 1518 5489 uernnruz·
1532 5434 1625 5492 adhuc
1634 5439 1757 5495 uiuentis

105 5509 229 5566 semare
242 5508 369 5574 adorsus,
385 5525 438 5564 nec
452 5525 516 5564 enm
526 5511 638 5581 quidem
648 5511 741 5579 potuit
752 5511 903 5577 absoluere,
915 5515 1006 5567 morte
1014 5514 1185 5582 presumitur.
1198 5507 1319 5579 Scripsit
1332 5509 1360 5561 et
1368 5506 1400 5560 in
1412 5503 1530 5561 Cantica
1538 5508 1664 5563 alterum
1675 5524 1754 5589 opus,

163 5578 227 5635 dea
236 5581 366 5652 operibus
375 5580 406 5635 B.
421 5580 567 5635 Aerenosii
581 5581 742 5646 contenuit,
753 5585 787 5636 ut
800 5581 875 5636 Mem
885 5581 945 5714 tm
962 5581 994 5638 in
1008 5579 1145 5652 predicta
1159 5579 1195 5633 od
1209 5579 1264 5634 PP.
1282 5575 1499 5633 Cortltutienses
1508 5579 1628 5649 epistola
1641 5585 1755 5636 assent.

123 5648 186 5714 llud
194 5653 293 5711 satem
302 5649 511 5731 tutnoperolt.
520 5650 657 5709 Ambrosii
666 5651 826 5711 meusne
834 5650 893 5709 edit
943 5650 1100 5712 narnate
1109 5647 1755 5725 Demoetortperperomosertptnmrepsrttur.
