3728 6000
38 97 135 168 -1173
684 110 867 174 EPISTOLAE
886 106 930 170 ΕΤ
949 108 1157 177 Phidiacus
1700 111 1772 177 itti

61 235 237 310 episcopatu
252 231 342 292 situm
357 236 410 303 est,
429 236 609 297 canonicam
618 238 711 296 utam
731 236 887 312 protessis,
903 235 925 292 t
940 237 970 295 tit
985 236 1111 299 sectoris
1124 234 1293 301 secundum
1307 238 1358 297 usi
1368 238 1506 297 imorem
1517 242 1546 297 st
1558 237 1639 298 beati
1653 242 1772 311 augus·

61 327 126 381 tem
142 325 336 398 presentibus
351 338 445 399 quam
461 328 576 395 tuturis,
591 329 622 385 in
644 333 833 403 perpetuum.
941 329 993 385 tini
1010 332 1151 402 Regulam
1167 331 1312 389 canonice
1323 329 1506 404 providerint
1518 329 1700 399 eligendum.
1712 329 1770 386 Ad-

99 413 173 471 Cum
187 415 327 471 omnibus
342 414 477 471 Ecclesiis
491 418 519 474 et
532 416 889 490 ecciesiasticisperscuis
941 419 1045 475 dentes
1061 422 1150 478 etiem
1161 420 1376 484 interdicimus,
1393 423 1426 475 ut
1449 417 1563 474 nemini
1575 417 1770 490 professionis

59 503 211 561 debitores
230 518 266 561 ex
281 504 414 576 injuncto
431 506 517 561 nobis
533 507 687 564 sDomlno
702 505 888 580 apostolatus
941 514 1043 564 vestre
1059 509 1185 567 lacuitas
1201 510 1246 575 sit,
1264 506 1392 580 alicujus
1407 507 1532 564 levitatis
1554 507 1706 573 instinctu,
1721 507 1769 564 vei

59 592 160 651 officio
170 593 345 660 existamus,
367 593 422 650 iliis
434 597 534 652 tamen
549 597 736 670 propensiori
750 610 822 652 eure
832 608 889 652 nos
941 599 1063 654 acrioris
1078 599 1226 671 religionis
1238 599 1372 664 obtentu,
1390 598 1453 653 sine
1466 594 1619 671 prepositi
1633 596 1680 655 sel
1695 606 1769 654 con-

59 684 201 740 convertit
213 683 381 750 imminere,
397 698 474 757 quos
485 684 525 742 ad
535 685 749 760 omnipotentis
763 685 814 741 Dei
826 696 888 741 ser*
941 686 1120 759 grsgstlonis
1135 686 1301 744 licentiatis
1317 685 1447 743 claustro
1462 686 1612 743 discedere
1624 701 1632 754 3
1646 684 1730 759 quod
1743 685 1769 741 si

58 770 162 828 vitium
178 774 207 829 et
218 771 459 830 obseruationem
474 775 619 846 regularis
630 773 743 832 ordinis
757 773 888 847 amplius
940 772 1123 844 dissenserit,
1147 776 1248 832 nutius
1260 775 1483 848 episcopcrum,
1496 773 1596 832 nuilus
1609 773 1768 844 abbatum,

59 860 888 937 subalarecognoscimus.lispropter,dllectiinilomino
940 864 1283 932 nuliusmonscborum,
1302 859 1366 921 sine
1383 865 1591 921 communium
1602 863 1768 920 litterarum

57 948 122 1019 tilii,
148 948 253 1006 restris
279 950 370 1021 justis
391 952 643 1024 postulationibus
664 953 824 1010 clementer
837 964 889 1008 an·
940 955 1084 1012 cautione
1108 950 1260 1028 suscipiat,
1277 953 1416 1028 quandiu
1434 952 1569 1010 videlicet
1590 953 1620 1009 in
1644 951 1769 1009 saniosis

56 1040 193 1104 nutmus,
205 1042 233 1096 et
248 1038 408 1098 ecclesiam
424 1041 582 1099 Bestaettsi
593 1041 746 1100 Geniuieis
756 1051 888 1114 semper·
939 1043 1405 1108 sestrecsnoniciordinistsnor,
1415 1040 1769 1114 uomuoprastsnteat

57 1126 256 1200 queeirgtnis
276 1128 388 1195 Mariae,
405 1130 492 1186 beato
517 1131 600 1188 Petro
615 1130 760 1198 oblatam,
780 1128 886 1205 inquo
940 1133 1045 1203 guerit.
1065 1133 1093 1190 si
1113 1148 1183 1189 vero
1198 1132 1333 1189 secundo
1351 1132 1398 1189 vel
1415 1131 1500 1189 tertio
1521 1135 1654 1197 vocatus,
1672 1130 1767 1186 redire

56 1214 163 1272 diuino
176 1216 416 1289 mancipatieslis
432 1217 588 1290 obsequio,
601 1219 657 1275 sub
672 1218 805 1290 eiusdem
817 1230 888 1291 apo·
939 1222 1161 1294 contempserit,
1170 1216 1403 1292 liceatejusdem
1412 1218 1768 1293 locipraepositocanoni-

55 1303 888 1380 siclorumprincipistutelemprotectionemquesuscipi·
940 1311 1048 1368 camin
1063 1326 1132 1367 cum
1143 1311 1273 1384 proferre
1290 1312 1480 1368 sententiam.

54 1406 137 1462 mus,
153 1397 181 1450 et
195 1393 369 1466 apostolice
386 1394 464 1451 sedis
479 1395 637 1469 privilegio
651 1397 885 1454 communimus.
976 1401 1084 1456 ilevote
1108 1410 1230 1472 quoque
1243 1398 1376 1472 petitioni
1401 1402 1505 1457 vestite
1520 1394 1766 1468 congregationis

93 1482 884 1557 inprimissiquidemstsiusnies,utordocancnicus,
939 1495 1117 1555 annuentes,
1132 1489 1271 1561 praesenti
1293 1489 1412 1546 decreto
1428 1488 1591 1552 sancimus,
1610 1491 1641 1542 ut
1664 1485 1766 1541 nullus

54 1571 110 1646 qul
123 1571 289 1630 secundum
306 1571 387 1631 besti
402 1574 560 1648 Augustini
576 1573 719 1646 Regulam
734 1575 763 1631 ln
777 1570 884 1632 sedem
901 1577 924 1634 Β
940 1579 1070 1650 prelatis
1080 1577 1212 1635 ecclesio)
1222 1577 1397 1645 advocatus,
1409 1577 1511 1635 niside
1522 1576 1648 1633 demost
1660 1589 1766 1647 proge-

53 1659 266 1719 loccnoscitur
280 1660 439 1730 institutus,
454 1662 563 1720 ibidem
579 1662 685 1721 tuturis
700 1660 884 1738 temporibus
938 1667 987 1724 nie
998 1666 1086 1724 bonae
1097 1668 1250 1725 memoriae
1261 1667 1399 1740 liupaldi
1408 1664 1602 1731 marchionis,
1612 1668 1710 1721 restro
1721 1667 1766 1720 ta·

52 1750 882 1827 perpetuoconservelur.Bonequoqueetpossesslones,
939 1773 1009 1814 men
1027 1752 1138 1813 electus
1155 1752 1275 1813 arbitrio
1295 1756 1504 1824 constituetur,
1528 1750 1603 1811 dum
1629 1748 1766 1810 uidelicet

54 1850 133 1912 quas
147 1838 178 1897 ln
193 1840 418 1912 presentiarum
427 1838 532 1898 cadem
542 1840 884 1916 ecclesiaiustcstcano
938 1841 1054 1902 nullum
1064 1860 1229 1919 gravamen
1238 1842 1284 1902 vel
1293 1839 1591 1902 eraclioeidemloco
1603 1852 1658 1916 pro
1668 1837 1764 1916 ipsius

55 1928 123 1986 nice
138 1931 280 2002 possidet,
296 1933 347 1987 eui
359 1930 390 1986 in
406 1930 539 1988 laturum
555 1931 748 1990 concessione
763 1931 884 2005 pontili-
939 1934 1105 2008 patrocinio
1121 1934 1273 1991 inferetur.
1288 1933 1375 2000 Quod
1388 1930 1415 1989 si
1429 1933 1494 2006 ipse
1508 1924 1619 1990 inutilis
1631 1922 1764 2006 prtelsits

54 2035 136 2088 cum,
159 2018 334 2077 liberalitate
351 2020 578 2092 imperatorum,
600 2022 757 2091 largitione
773 2021 883 2094 princi·
938 2016 1764 2097 aceresiaapparusrttetsecundotertiovecommouitus

56 2126 144 2183 pum,
155 2109 518 2176 oblationeiidelium,scu
528 2111 594 2167 eliis
598 2111 800 2185 justismodis,
809 2127 885 2184 prte-
938 2112 1220 2178 nonemendaverit,
1232 2111 1318 2169 liceat
1331 2107 1415 2168 vobis
1430 2127 1466 2168 ac
1476 2106 1682 2168 vestriseume
1694 2116 1766 2183 pto-

56 2197 883 2270 stanteiiomino‚poteritadipisei,firmavobisvestris·
937 2194 1764 2274 curationeejusmodiremovers,eiquetdiumidoneum
1810 2273 1813 2281 Ι

55 2303 116 2360 que
128 2286 353 2344 successoribus
377 2294 405 2344 et
420 2288 535 2346 illibato
549 2296 754 2362 permancant.
772 2291 803 2346 ln
818 2290 883 2362 qut·
937 2290 1108 2349 substituer.

54 2377 113 2433 bus
127 2378 193 2434 baec
208 2378 333 2450 propriis
346 2377 486 2434 ducimus
497 2379 693 2451 exprimenda
706 2379 857 2436 vocabulis
873 2395 880 2434 ε
974 2381 1243 2451 Decernimusergo
1253 2373 1364 2437 uinulli
1374 2376 1665 2437 omninohominum
1677 2370 1766 2435 ttcsat

55 2467 195 2523 Fundam
209 2464 345 2524 videlicet
360 2471 388 2525 et
401 2467 515 2539 plebem
540 2466 827 2540 leenburgensem
846 2485 882 2525 ex
936 2462 1765 2546 proeletamecclesiamtemereperturbare,autejuspos·

55 2560 183 2628 utrsque
195 2563 279 2630 parte
297 2557 431 2613 iluminis
449 2572 519 2613 cum
539 2557 656 2615 decima
670 2563 699 2616 et
716 2559 783 2630 jure
795 2571 883 2632 pero·
938 2560 1086 2618 sessiones
1100 2557 1227 2625 auterre,
1252 2557 1299 2615 vel
1314 2554 1433 2616 abiem
1451 2557 1589 2623 retinere,
1618 2551 1764 2626 minuere,

55 2644 155 2713 chisil,
166 2650 195 2702 et
210 2646 341 2718 sepelies
364 2657 434 2702 cum
458 2646 520 2703 suis
536 2647 730 2719 pertinentiis.
746 2645 883 2706 Similiter
937 2668 990 2707 seu
1004 2648 1187 2723 quibuslibet
1201 2643 1407 2706 vexationibus
1427 2640 1553 2718 fatigare
1569 2662 1577 2713 ;
1593 2638 1646 2703 sed
1661 2638 1766 2702 omnia
1801 2672 1806 2679 ·

53 2733 296 2800 siliasditentoe,
319 2735 507 2808 struphigrn,
533 2736 710 2808 ltugsstorii,
725 2737 882 2807 iiaselbac,
938 2739 1398 2811 integraconserventur,eorum
1412 2726 1766 2809 proquorumguberna-

56 2823 249 2889 Seweindori,
269 2824 462 2891 Tattendorii,
493 2823 748 2892 ilsduartssdoril,
778 2829 884 2882 Venen-
938 2829 1017 2886 tione
1027 2832 1056 2884 et
1071 2826 1286 2884 sustentatione
1297 2841 1442 2883 concessa
1456 2829 1537 2894 sunt,
1548 2822 1653 2881 usibus
1669 2818 1766 2881 omni·

54 2912 145 2980 dorii,
159 2912 320 2980 Pirinbom,
342 2913 604 2980 Eberhartesdortl,
627 2915 750 2983 Pruche,
776 2915 881 2974 Wiian·
904 2917 1037 2990 cmcdis
1051 2912 1305 2989 prelature,selva
1315 2912 1393 2971 sedis
1403 2910 1577 2987 apostolica
1590 2904 1765 2970 auctoritate

55 3000 192 3070 tssdorii,
204 3000 407 3073 miverlingen,
417 3016 487 3060 cum
501 3002 743 3078 ceterispradtls
755 3006 882 3063 etsineis
939 2994 1764 3077 etdioecesaniepiscopicanoniceJustitia.adiudicium

55 3092 220 3164 vestrcjuri
229 3092 454 3164 pcrtinentibus.
938 3102 1038 3154 autem
1050 3090 1294 3167 perceptaebujus
1302 3109 1320 3149 a
1328 3094 1464 3150 Romane
1472 3083 1763 3156 Ecclesialibertatis,

92 3182 250 3237 sancimus
262 3176 353 3237 stiam
376 3186 408 3238 ut
428 3179 458 3238 ln
472 3183 594 3255 capeliis
608 3184 742 3241 fundetis
755 3183 803 3240 vel
817 3184 884 3240 iun·
939 3201 1033 3242 unum
1053 3180 1235 3239 bizanctium
1258 3176 1527 3253 nobisnostrisqus
1540 3170 1765 3237 suecessoribus

55 3268 174 3337 dandis,
191 3271 221 3327 iu
236 3268 478 3344 possessionibus
493 3272 599 3328 vestris
614 3272 713 3329 nultus
737 3274 884 3332 ministret
939 3273 1025 3331 annis
1038 3265 1166 3342 singulis
1180 3262 1364 3344 persolvetis.

55 3359 119 3416 sins
129 3361 433 3416 concessionesestre.
447 3362 724 3434 sententiaquoque
735 3373 754 3419 s
764 3367 800 3427 te,
813 3375 882 3435 pree
976 3363 1002 3418 si
1012 3359 1169 3433 quaigitur
1180 3354 1349 3414 infuturum
1359 3349 1559 3414 ecclesiastica
1575 3349 1765 3412 secularisve

53 3450 161 3522 posits,
182 3450 357 3506 veltuorum
380 3448 513 3522 quolibet
540 3464 746 3507 successorum
768 3453 799 3508 in
814 3457 882 3508 tuos
937 3444 1764 3525 personabujusnostrieconstitutionispeginamsciens,

54 3537 257 3611 parochianos
269 3539 803 3612 canonicepromulgata,aucteritate
814 3554 882 3613 spo·
938 3543 1042 3598 conda
1053 3551 1120 3596 eam
1134 3544 1245 3595 temere
1257 3537 1358 3594 uenus
1373 3534 1540 3602 tentaverit,
1561 3527 1693 3591 secundo
1710 3534 1765 3592 isr-

54 3626 161 3684 stottca
176 3633 241 3684 rats
266 3631 413 3684 teneatur.
434 3630 510 3685 Sene
536 3625 676 3685 laborum
704 3634 881 3697 vestrorum,
938 3630 1014 3686 tiove
1029 3624 1413 3693 commonita,nisireaium
1429 3638 1663 3694 suumcongrua
1678 3623 1765 3680 satis·

55 3730 133 3789 quos
148 3717 277 3790 propriis
290 3717 431 3774 manibus
446 3724 499 3775 aut
514 3717 685 3789 sumptibus
701 3718 808 3784 colitis,
823 3719 883 3775 sire
939 3717 1068 3776 factione
1078 3711 1246 3784 correxerit,
1256 3713 1406 3788 potestatis
1414 3711 1598 3787 honorisque
1608 3711 1655 3768 sui
1670 3710 1765 3782 digui-

55 3805 94 3864 de
107 3807 295 3864 nutrimentis
311 3813 476 3865 vestrorum
493 3809 681 3875 animalium,
701 3808 805 3866 nuilus
820 3820 884 3867 cm·
938 3810 997 3862 tete
1010 3809 1118 3871 careat,
1129 3813 1273 3878 reamque
1286 3814 1317 3859 se
1338 3800 1441 3859 divino
1450 3796 1564 3874 iudicio
1581 3796 1705 3858 existere
1727 3798 1764 3854 de

55 3895 398 3954 ntncssobisdecimus
414 3898 816 3969 erigerepraesumat.i³orro
837 3910 884 3955 ss·
940 3895 1271 3968 perpetratsiniquttste
1292 3894 1464 3966 cognoscat,
1486 3895 1514 3946 st
1529 3902 1547 3947 s
1562 3883 1764 3946 saeratissimo

56 3988 209 4041 crementa
223 3985 421 4043 ecclesiastica
435 4001 453 4042 a
465 3986 637 4043 dtoecsseno
650 3987 803 4060 accipietis
823 3988 884 4060 epi·
938 3996 1063 4058 corpore
1077 3983 1264 4054 scssnguine
1275 3979 1486 4038 tielettiomltti
1496 3977 1700 4051 itodemptcrts
1712 3988 1766 4034 no·

57 4086 162 4146 scopo,
174 4074 322 4147 siquidem
336 4074 883 4150 catholicusiusrit,etgrstiematque
938 4075 1071 4130 striissu
1093 4073 1198 4131 Christi
1210 4070 1380 4137 absusiist,
1396 4072 1487 4143 atque
1499 4067 1530 4126 in
1550 4073 1767 4126 extramoen-

56 4163 825 4238 communlonemapostolicissedlshabuerit‚eeque
835 4178 885 4222 vo·
939 4163 1021 4221 mine
1031 4157 1172 4220 districtus
1189 4156 1292 4219 ultioni
1303 4154 1469 4231 subjaceat.
1481 4159 1599 4215 Cunctis
1610 4161 1712 4214 sulem
1727 4155 1766 4212 ei·

56 4250 240 4321 bisgratlset
251 4253 313 4308 sine
330 4253 474 4324 pravitate
482 4253 716 4325 aliquavoluerit
727 4253 880 4314 exhibere:
901 4257 924 4312 D
939 4253 1008 4308 dem
1021 4251 1086 4308 ioco
1103 4252 1186 4324 iusta
1207 4248 1396 4307 servantibus
1409 4247 1446 4306 sii
1462 4258 1520 4319 pax
1537 4245 1655 4302 Domini
1669 4243 1765 4302 nostri

57 4339 191 4413 siioquin
204 4337 395 4407 catholicum,
409 4356 620 4415 quemcunque
636 4340 782 4410 maluerit,
797 4341 885 4400 edes·
938 4343 1009 4397 iesu
1022 4342 1135 4408 curisti,
1152 4344 1302 4413 quatenus
1312 4333 1531 4395 ethiciruetum
1541 4331 1764 4392 bonescttoats

57 4430 482 4504 dssntistitsm,quinimirum
492 4431 883 4499 nostreiultussuctoritate,
939 4426 1113 4503 percipiunt,
1131 4434 1159 4486 et
1173 4430 1203 4486 in
1215 4429 1314 4486 tuturo
1329 4426 1577 4498 pramtaasterne
1587 4422 1669 4496 pacis
1684 4420 1765 4479 iuss·

56 4519 142 4591 quod
154 4518 325 4592 postulatur
336 4521 500 4592 indulgeat.
939 4519 1033 4577 nient.
1052 4524 1156 4583 Amen,
1173 4530 1272 4586 amen,
1289 4526 1390 4574 amen.

95 4609 886 4682 sepulturumquoquelocovestroliberamessecon·
976 4605 1365 4679 ugouugsniusuetnottoe
1379 4597 1766 4675 smisstaeptsuopussub-

55 4697 204 4764 cedimus,
220 4701 252 4753 ut
266 4709 381 4764 eoram,
393 4695 445 4772 qui
457 4712 487 4754 se
501 4698 560 4755 itiic
573 4700 690 4772 sepeliri
702 4699 886 4757 deliberave-
939 4696 1058 4770 scripsi.

58 4785 127 4850 rint,
142 4785 295 4842 devotioni
311 4790 339 4842 et
351 4792 492 4843 extremae
505 4789 662 4855 voluntati,
677 4789 736 4845 nisi
750 4789 823 4846 torte
837 4800 887 4846 er·
976 4789 1037 4856 Ego
1052 4784 1212 4855 Gregorius
1226 4782 1382 4856 presbyter
1396 4776 1471 4838 tilult
1486 4778 1585 4838 calisti
1599 4791 1639 4836 ss.

57 4874 275 4931 communicati
291 4875 336 4931 vel
359 4877 505 4933 interdicti
535 4877 603 4943 sint,
631 4876 732 4934 nulius
748 4878 884 4944 obsistat,
976 4868 1764 4946 ugooddodtsc.sarustteorguadtstutnsmsum

58 4962 417 5035 saieatustitismatricis
443 4965 581 5022 ecclesiae.
611 4966 830 5025 Obeuntceero
858 4971 887 5024 te
941 4980 983 5023 ss.

57 5064 141 5107 nunc
152 5052 285 5123 ejusdem
297 5053 354 5110 loct
370 5057 543 5127 preposito,
558 5057 601 5112 vel
617 5055 656 5111 ed
671 5057 803 5113 ecclesiae
818 5056 887 5113 alte
979 5060 1037 5125 ugo
1052 5053 1148 5111 fluido
1163 5053 1230 5126 pbr.
1242 5053 1326 5111 card.
1336 5055 1366 5110 tt.
1383 5053 1411 5110 S.
1421 5050 1607 5124 Chrysogoni
1616 5059 1658 5105 ss.

57 5139 121 5197 rius
136 5141 269 5212 regimen
291 5146 474 5209 transeunte,
486 5143 532 5200 vei
544 5149 660 5201 tuorum
675 5144 806 5217 quolibet
820 5160 889 5201 suc·
978 5148 1039 5215 Ego
1053 5142 1267 5200 Theodewinus
1277 5145 1305 5200 s.
1321 5140 1435 5200 Rutlnss
1445 5152 1504 5210 sps.
1522 5154 1562 5195 ss.

58 5230 888 5306 sessorum‚nullusibiquelibetsubreptionisaslutiaseu
978 5236 1039 5304 ligo
1053 5230 1365 5290 tmarusluscuiauus
1376 5244 1440 5303 eps.
1457 5245 1497 5287 ss.

58 5314 417 5395 violentiaprcponetur,
442 5322 772 5391 veisubstituetur,nisl
796 5336 888 5398 quem
978 5321 1335 5393 iigoduidoinilomsne
1356 5319 1486 5378 Ecclesia
1510 5317 1611 5378 sitatis
1632 5318 1769 5377 minister
1856 5376 1859 5382 .

60 5407 166 5469 usca
179 5412 334 5469 communi
348 5424 507 5478 consensu,
519 5411 697 5470 autiratrum
708 5424 780 5489 pers
793 5414 889 5472 consi·
942 5412 1082 5485 indignus
1097 5424 1137 5469 ss.
