3728 6000
107 257 162 312 ost

552 260 741 318 axrosttto
762 262 796 316 ΙΝ
817 259 928 317 aelst.
951 261 997 316 dt)
1016 262 1100 321 uolt.
1119 296 1157 308 -
1174 265 1242 323 tta.
1265 266 1311 322 Vl.

1706 266 1759 320 658

108 381 225 438 bitantes
261 384 419 451 audiemnt,
454 385 540 441 ludaei
568 387 720 442 habitantes
750 386 777 440 itt
813 384 1042 461 medioAquam
1057 391 1101 461 qui
1117 391 1190 447 dedit
1212 397 1241 448 ut
1265 400 1367 446 tantum
1388 406 1476 447 esses.
1501 388 1553 447 Sed
1579 388 1635 461 ipse
1662 405 1677 443 a
1700 404 1756 444 tton

107 477 203 535 terrae,
227 471 273 528 ttbi
296 472 371 528 salus
394 475 465 529 lucta
485 481 539 541 est,
561 475 698 546 quomodo
718 492 748 530 se
767 491 903 531 excusare

105 561 245 629 possuntt

143 649 228 704 Vatis.
246 653 288 704 ts.
301 681 335 691 -
352 674 363 699 ι
379 652 433 708 Sed
446 652 506 707 dieo
523 672 529 707 :
547 653 677 723 Nunquid
693 652 774 707 lsrael
792 668 845 707 non
861 668 905 707 co-

105 737 225 807 gnovit?
242 739 331 794 »desi
345 740 418 794 dicat
435 741 528 795 :used
544 742 634 796 dicant
651 760 657 795 :
674 757 721 796 our
737 741 817 795 {raet
848 757 901 794 nou

103 827 250 897 cognorit?
272 828 332 881 Nou
350 839 440 882 autent
457 845 521 899 ego,
538 830 584 884 sed
601 853 612 877 ι
631 829 736 900 primus
761 853 767 877 v
784 840 845 885 aute
862 846 905 885 vae

108 917 252 986 «boysen.
271 941 282 966 ι
300 927 325 971 et
341 918 366 970 in
384 919 445 985 ipso
463 920 541 981 Deus,
565 943 576 963 ·
595 919 658 973 dicit
681 921 773 989 (Daui.
791 920 879 989 xxatt)
897 933 903 973 :

106 1004 166 1075 ligo
181 1005 216 1059 ad
231 1006 437 1060 aemulationem
452 1023 499 1061 ros
511 1008 644 1061 adducam
662 1010 689 1061 iu
707 1024 758 1063 nou
774 1019 883 1080 gentem
896 1022 903 1061 :

104 1092 257 1165 ingentem
274 1093 445 1164 insipientem
462 1097 489 1149 iu
504 1096 572 1150 iram
589 1113 637 1150 vos
654 1098 768 1152 mittam.
788 1121 799 1144 t
829 1101 867 1152 Ae
883 1097 904 1151 si

107 1181 179 1236 dicat
197 1199 203 1234 :
220 1181 410 1239 Subtraltendo
433 1185 521 1250 vobis,
549 1202 629 1256 quam
654 1191 680 1241 et
704 1202 753 1240 vos
777 1187 906 1264 abjicitis,

102 1272 220 1340 gratiam
242 1288 340 1336 meam,
357 1272 456 1328 adduci
473 1289 520 1327 tos
535 1276 688 1343 permittam
706 1276 731 1328 in
747 1275 905 1330 aemulatio-

102 1374 165 1414 nem
189 1368 215 1414 ct
239 1360 381 1426 iuvidiam,
401 1377 482 1433 quatu
502 1363 620 1419 babituri
643 1364 708 1418 estis
731 1365 756 1418 iu
782 1374 907 1436 gentem,

101 1463 184 1519 quam
203 1464 254 1503 neo
278 1449 367 1520 gentis
394 1452 502 1506 nominc
530 1454 660 1507 hactenus
690 1453 905 1523 dignabamiui;

98 1535 157 1605 jam
183 1547 275 1592 autem
299 1554 364 1594 vere
380 1555 433 1594 uon
452 1546 572 1611 gentem,
596 1541 623 1595 id
647 1550 687 1597 est
707 1549 819 1613 gentem
846 1558 906 1596 esse

103 1624 295 1691 desistentem,
312 1637 337 1683 el
354 1630 429 1697 quasi
454 1631 604 1683 naturalem
627 1631 778 1701 genituram
803 1631 905 1686 erroris

957 480 1141 548 quaerentibus
1155 492 1195 535 est
1210 481 1347 544 iuventus,
1364 480 1424 551 quia
1448 481 1536 550 gratia
1560 480 1622 547 ejus
1647 493 1754 548 praeve-

958 568 1156 623 nieusseusttm
1181 571 1297 639 aperuit,
1323 579 1348 624 el
1372 585 1426 623 non
1452 569 1637 637 quaerentibus
1661 567 1751 637 palam

958 657 1091 728 apparuit.
1121 658 1192 726 Quid
1219 660 1307 728 ergo‘?
1335 659 1419 713 Datur
1446 658 1600 711 bominibus
1629 661 1751 727 potestas

958 746 1027 801 lilios
1051 746 1099 800 Dei
1124 746 1179 801 lteri
1197 766 1203 801 :
1220 748 1323 818 gratias
1345 757 1437 818 agant,
1462 748 1525 815 quia
1547 746 1609 799 data
1634 754 1676 799 est
1700 759 1752 812 po-

959 843 1055 897 testas:
1071 843 1159 892 orent„
1176 851 1208 890 tte
1224 835 1380 890 succumbat
1401 833 1550 888 iultrtnitus.
1575 834 1683 887 Nullum
1703 849 1755 887 ea·

960 924 1034 978 tollat
1056 923 1137 977 nimiu
1153 940 1209 978 suae
1225 925 1370 977 voluntatis
1389 921 1486 977 ltdueia
1500 923 1525 974 iu
1543 922 1710 992 superbam,
1726 928 1755 975 ut

959 1012 1049 1068 dicat:
1064 1013 1096 1068 Ut
1111 1014 1174 1082 quid
1186 1014 1290 1083 rogabo
1304 1013 1398 1073 Deum,
1412 1029 1445 1066 ue
1459 1011 1552 1065 vinear
1567 1026 1582 1065 a
1596 1011 1752 1075 tentatione,

960 1118 1020 1157 eunt
1038 1104 1087 1156 ltoc
1103 1101 1128 1155 itt
1144 1116 1203 1155 mea
1221 1100 1337 1169 positum
1363 1101 1397 1154 sit
1420 1107 1572 1170 potestate:
1590 1098 1699 1152 Νιιιιιιιιι
1715 1097 1755 1151 ui·

961 1190 1015 1243 mia
1031 1190 1071 1244 sui
1084 1188 1235 1244 diffidentia
1248 1189 1359 1258 dejiciat
1388 1188 1414 1241 in
1445 1187 1650 1259 negligentiam,
1668 1198 1693 1240 ut
1709 1186 1755 1239 di·

961 1290 1003 1335 cat
1020 1299 1026 1334 :
1044 1281 1077 1335 Ut
1098 1280 1161 1350 quid
1184 1294 1314 1333 conantur
1337 1277 1408 1333 betae
1434 1278 1535 1339 vivere,
1559 1276 1631 1348 quod
1655 1277 1681 1329 iu
1705 1273 1754 1329 Dei

961 1369 1080 1438 positum
1096 1376 1136 1422 est
1151 1374 1299 1438 potestate,
1315 1366 1360 1421 sed
1377 1366 1504 1420 subditus
1515 1364 1562 1419 stat
1575 1365 1665 1421 omnis
1679 1379 1756 1418 muu-

961 1459 1012 1512 dus
1028 1459 1099 1513 Doo.
1122 1455 1174 1525 Qui
1190 1456 1311 1519 ttaltitur,
1328 1463 1474 1524 sequatur,
1499 1455 1545 1525 qui
1561 1468 1614 1507 tton
1630 1453 1755 1521 trahitur,

962 1555 1022 1602 oret
1036 1555 1062 1601 ut
1078 1547 1203 1600 ttaltalur.
1230 1544 1364 1613 Sequitur.

997 1636 1085 1690 Vsus.
1100 1635 1145 1689 il.
1161 1662 1195 1673 -
1213 1655 1223 1679 v
1241 1633 1282 1687 dd
1297 1632 1378 1687 lsrael
1393 1639 1481 1685 autem
1497 1630 1560 1687 dicit
1577 1650 1583 1685 :
1603 1653 1613 1678 v
1632 1630 1699 1685 lllud
1721 1629 1757 1685 ad
1829 1654 1833 1665 ·

99 1713 139 1767 sui
155 1715 182 1768 iu
200 1729 298 1770 uotam
314 1716 377 1771 lizlci
390 1718 545 1788 genituram
573 1727 805 1774 transmutantem.
831 1721 893 1774 lllit-
912 1733 1064 1798 figentem
1088 1725 1139 1778 hoc
1161 1729 1251 1776 autem
1266 1721 1299 1774 ad
1314 1720 1407 1773 lsrael.
1435 1719 1503 1774 lllud
1528 1719 1636 1790 quidem
1657 1719 1692 1774 ad
1706 1735 1754 1774 as·

100 1811 271 1873 tumqueros
294 1803 321 1858 itt
347 1805 426 1870 itam,
451 1823 503 1877 qua
527 1822 665 1878 nunquam
686 1816 760 1862 caret
785 1808 901 1872 invidia,

99 1891 129 1943 itt
144 1900 254 1959 genten.
272 1893 400 1947 ltaetcuus
420 1894 603 1965 insipientem,
621 1895 711 1966 nilque
727 1895 760 1950 de
775 1896 833 1951 Deo
861 1913 904 1950 sa-

102 1980 233 2049 pientem,
250 1997 320 2035 nuuc
334 1990 423 2036 autem
451 1983 476 2035 in
502 1983 658 2054 cognitione
674 1984 784 2039 licitos
800 2000 902 2055 praece-

102 2068 221 2124 dentem.
239 2070 343 2124 luvidia
359 2087 427 2143 ergo
444 2087 526 2126 eausa
547 2081 586 2127 est
609 2073 726 2127 proxima
752 2088 798 2127 cur
820 2074 903 2128 lsrael

103 2173 157 2211 non
173 2158 312 2225 cognorit.
327 2160 458 2229 Epulatute
470 2161 540 2214 euim
557 2171 583 2215 et
597 2163 735 2232 gautlenle
750 2177 810 2216 cum
828 2170 903 2231 patre

101 2245 211 2315 juniore
227 2245 293 2311 lilio,
309 2249 400 2302 sortior
415 2249 515 2303 intrare
531 2250 612 2303 uoluit
628 2249 707 2321 (luc.
724 2252 779 2321 xv).
810 2251 901 2308 lsaies,

106 2336 187 2389 etiam
205 2335 267 2391 licet
284 2353 333 2406 pto
348 2337 519 2392 consessione
532 2339 578 2392 Dei
595 2347 620 2392 et
636 2340 711 2394 retlti
726 2341 773 2392 Dei
788 2339 903 2394 veritato

103 2425 264 2478 moriturum
281 2442 309 2479 se
325 2427 420 2492 sciret,
437 2427 518 2481 autlet
540 2438 628 2481 tauteu
641 2428 667 2481 in
684 2429 902 2498 reprobationem

102 2512 258 2567 ludaeorum
276 2515 444 2568 vocatiouem
469 2515 589 2587 gentiunt
612 2516 759 2587 praedicare
783 2517 899 2573 diceus:

135 2629 221 2683 Vsus.
237 2631 282 2684 20.
299 2652 359 2677 -v
379 2629 507 2686 Inventus
522 2648 580 2685 sum
606 2648 623 2687 a
646 2649 699 2687 uon
715 2633 901 2704 quaerentibus

104 2733 161 2779 vue;
178 2718 267 2787 palaut
283 2719 399 2788 apparui
422 2720 463 2773 ltis
486 2720 532 2791 qui
557 2737 599 2775 me
621 2738 674 2775 nou
696 2722 901 2792 interrogabaut

103 2806 167 2874 lisa.
185 2807 259 2877 aar).
280 2831 289 2854 ι
312 2809 382 2864 Ecce
405 2809 631 2864 manifestissima
650 2812 739 2882 gratia
755 2811 900 2865 lioutiuuut

106 2902 194 2949 autem
210 2895 296 2951 Deum
312 2897 455 2967 praescium
470 2899 554 2952 luisse
569 2898 719 2953 futurorum
733 2917 739 2962 ;
755 2907 782 2953 et
799 2898 900 2968 praedi-

105 2983 178 3038 xisse
193 2984 330 3039 eredimus
341 2984 524 3041 infidelitatem
536 2987 696 3042 ludaeorum
713 3004 766 3042 nou
782 2987 898 3048 l'ocisse;

102 3072 176 3142 quod
191 3087 291 3129 sonate
307 3074 414 3129 videtur
434 3076 546 3130 verbum
571 3075 741 3132 adductionis
764 3076 790 3130 itt
811 3093 938 3156 amu-C

959 1813 1141 1883 sumptionem
1161 1811 1297 1881 gentium;
1318 1810 1369 1864 ltoc
1384 1816 1472 1863 autem
1488 1808 1522 1863 ad
1538 1808 1755 1878 reprobationem

958 1905 1139 1958 ludaeorum:
1162 1921 1173 1947 t
1189 1899 1255 1953 Tota
1278 1898 1323 1951 die
1347 1897 1465 1967 expandi
1495 1912 1588 1951 manus
1617 1913 1691 1952 meas
1719 1896 1754 1952 ad

958 1990 1086 2062 populum
1098 2003 1150 2042 uon
1160 1988 1328 2045 credentem.
1340 1986 1388 2039 sed
1397 1985 1626 2041 contradicentem
1648 1986 1725 2041 mibi.
1739 2005 1751 2036 s

958 2082 1033 2143 Siue,
1050 2079 1138 2147 iuquit
1153 2075 1294 2136 Dominus,
1310 2075 1424 2129 saturari
1447 2074 1529 2130 filios.
1548 2098 1558 2122 ι
1576 2075 1637 2128 Νοιι
1653 2098 1664 2121 v
1682 2073 1755 2129 enim

960 2192 966 2216 v
989 2168 1089 2222 missus
1103 2181 1170 2231 suut,
1189 2163 1239 2217 uisi
1261 2162 1294 2217 ad
1320 2178 1387 2218 oves
1409 2179 1470 2234 quae
1494 2162 1634 2233 perierunt
1657 2160 1755 2217 dottttts

959 2257 1040 2311 lsrael
1057 2254 1168 2325 (illailla.
1186 2260 1268 2322 xviv
1287 2252 1351 2306 Tota
1367 2266 1433 2323 ergo
1448 2251 1503 2316 die,
1519 2251 1545 2305 id
1561 2260 1603 2306 est
1620 2258 1675 2306 loto
1690 2267 1753 2307 cum

958 2346 1114 2401 hominibus
1125 2341 1340 2398 conver-ationis
1355 2356 1411 2395 suoe
1422 2346 1547 2408 tempore
1561 2340 1690 2410 expandit
1700 2340 1753 2395 Do·
1810 2356 1816 2373 ¹

957 2438 1048 2490 minus
1063 2449 1158 2488 titanus
1173 2447 1248 2496 suas,
1259 2430 1336 2502 quasi
1347 2430 1379 2483 ad
1391 2428 1608 2498 amplectendum
1625 2429 1754 2499 populum
1789 2456 1793 2461 ·

956 2524 1125 2585 ludaeorunt;
1142 2520 1195 2576 illis
1210 2520 1344 2589 praeeipue
1363 2517 1494 2588 deputans
1515 2527 1542 2573 et
1562 2517 1754 2574 miraculorum

957 2628 1067 2668 suorum
1083 2625 1175 2681 opera,
1191 2624 1252 2682 quac
1274 2623 1322 2679 per
1341 2622 1437 2661 manus
1450 2606 1644 2678 designantem
1661 2612 1687 2661 et
1700 2605 1753 2661 do-

957 2702 1049 2759 etrinae
1071 2699 1200 2765 studium,
1226 2712 1280 2768 qua
1303 2710 1358 2751 nott
1381 2695 1532 2760 credentes,
1548 2695 1596 2749 sed
1610 2694 1750 2751 contradi-

955 2796 1048 2846 centes
1062 2788 1139 2860 quasi
1159 2798 1271 2857 utraque
1292 2784 1343 2840 sibi
1367 2800 1446 2838 manu
1471 2787 1610 2840 attrahere
1625 2792 1749 2839 conatur.

956 2881 989 2934 Et
1005 2889 1131 2948 tanquam
1147 2874 1354 2945 responderetur
1372 2893 1377 2927 :
1394 2872 1446 2929 Ubi
1462 2888 1528 2945 ergo
1548 2879 1611 2927 suut
1630 2874 1749 2942 promis-

955 2971 1047 3024 siones
1062 2964 1140 3021 laeta
1155 2964 1189 3018 ad
1206 2961 1307 3018 lsrael?
1321 2961 1447 3017 condano
1463 2961 1601 3030 subjunxit
1619 2979 1625 3016 :

1265 3059 1374 3115 carot
1391 3060 1441 3114 xl.

102 3159 242 3216 lationem.
267 3162 320 3218 Sed
345 3180 399 3218 uou
414 3165 488 3218 Deus
511 3173 655 3234 propterea
677 3165 711 3219 ad
734 3165 898 3234 peccandum
991 3163 1076 3217 Vsus,
1096 3164 1119 3224 l,
1135 3161 1162 3214 ἲ.
1174 3181 1231 3207 -ι
1247 3159 1312 3213 Dico
1326 3173 1392 3229 ergo
1405 3173 1410 3208 :
1423 3156 1551 3229 Nunqoid
1565 3157 1664 3229 repulit
1674 3160 1748 3215 Deus

101 3249 182 3322 cogit,
211 3251 274 3322 quia
305 3251 390 3306 lutura
418 3252 556 3307 bominum
586 3261 691 3322 peccata
719 3254 778 3324 jam
808 3255 895 3309 novit.

101 3336 221 3406 Ipsorum
236 3340 308 3392 euim
325 3340 462 3408 praescivit
476 3348 600 3410 peccata,
617 3357 670 3395 uon
686 3356 753 3403 sua;
777 3357 832 3396 noa
848 3358 897 3396 cu-

97 3424 220 3497 jusquam
236 3428 365 3491 alterius,
389 3430 437 3483 sed
463 3429 596 3499 ipsorum.
621 3428 804 3500 Quapropter,
822 3431 844 3484 si
867 3446 900 3485 ea

101 3530 159 3584 quae
184 3515 230 3570 ille
253 3516 389 3584 praescivit
406 3517 526 3584 ipsorum
550 3533 602 3572 nou
620 3527 681 3570 suut
697 3518 828 3588 ipsorum,
845 3535 899 3572 nou

100 3619 163 3658 tera
179 3603 224 3657 ille
240 3605 385 3672 prescivit.
408 3606 460 3660 Sed
477 3606 539 3673 quia
564 3604 618 3659 salli
643 3606 704 3675 ejus
726 3607 900 3676 praescientia

99 3706 152 3746 non
171 3699 271 3762 potest,
289 3693 347 3747 sinc
361 3694 446 3749 dubio
462 3711 514 3749 nou
530 3695 613 3764 alius,
637 3695 685 3749 sed
712 3695 762 3764 ipsi
787 3702 900 3765 praeeant

100 3795 167 3849 quos
182 3781 255 3834 Deus
270 3791 429 3850 peccaturos
444 3798 504 3837 esse
518 3783 662 3852 praescivit.
684 3782 817 3838 Fecerunt
831 3799 899 3855 ergo

99 3884 240 3938 paccatum
256 3870 351 3938 ludaei,
369 3872 440 3941 quod
457 3886 503 3926 eos
519 3871 607 3926 lacere
623 3887 676 3926 non
693 3872 838 3942 compulit.
855 3873 898 3927 oui

99 3967 237 4026 peecatum
263 3973 315 4013 non
338 3959 440 4029 placem
467 3960 513 4014 sed
541 3960 657 4015 laeturos
686 3978 745 4015 esse
776 3960 899 4032 praedixit

98 4061 176 4115 quem
193 4045 259 4100 uiltll
276 4047 350 4101 latet.
372 4048 405 4102 ttt
420 4048 480 4102 ideo
497 4049 518 4102 si
536 4064 588 4103 uou
603 4049 713 4114 malum,
730 4049 778 4103 scd
797 4049 896 4104 bouum

99 4130 186 4189 lacere
200 4134 358 4201 voluisseut,
373 4152 426 4190 nou
443 4138 653 4206 probibet-entur
669 4154 675 4191 :
694 4144 722 4191 el
737 4137 789 4192 ltoe
806 4137 899 4192 lactatii

98 4221 359 4292 praeviderenturab
375 4240 406 4279 eo
422 4224 557 4295 quinovit
579 4226 642 4296 quid
664 4226 778 4298 quisque
795 4226 830 4279 asst
855 4226 899 4279 la-

99 4318 201 4376 cturus,
225 4317 251 4366 et
275 4312 338 4382 qiud
362 4312 387 4366 ei
411 4315 445 4366 sit
471 4329 517 4381 pro
540 4314 597 4384 eju-¹
621 4330 705 4383 opere
729 4314 894 4368 redditurus.

954 3251 1083 3323 populum
1104 3249 1202 3303 suomi
1226 3246 1321 3301 Absit!
1345 3247 1415 3300 Nam
1431 3254 1456 3300 et
1471 3260 1523 3317 ego
1538 3246 1664 3302 israelita
1679 3264 1749 3316 autu,

955 3357 987 3395 ex
1003 3338 1108 3393 semine
1124 3335 1278 3399 Abraham,
1289 3334 1323 3388 dc
1338 3333 1406 3387 tribu
1423 3333 1573 3402 Beniamin.
1593 3335 1656 3389 Non
1671 3352 1750 3406 repu-

954 3429 983 3484 lit
999 3428 1070 3481 Deus
1084 3425 1191 3496 plebem
1207 3438 1298 3490 suam,
1314 3438 1395 3492 quam
1417 3422 1563 3493 praescivit.
1582 3447 1593 3472 ι
1619 3426 1706 3494 litque
1721 3431 1751 3479 ut

954 3515 1106 3571 ostenderet
1127 3512 1217 3584 gratia
1234 3512 1283 3566 Dei
1307 3510 1420 3565 relictas
1441 3527 1501 3565 esse
1525 3511 1669 3582 reliquiae,
1694 3528 1751 3567 non

954 3603 1058 3660 atteritis
1072 3617 1186 3672 opetum
1202 3615 1307 3663 eorum,
1323 3607 1432 3655 secutus
1447 3599 1572 3669 adjunxit
1588 3619 1594 3655 :

990 3693 1074 3745 l'aus.
1091 3692 1145 3745 a-t.
1162 3711 1224 3735 -ι
1243 3692 1284 3742 Aa
1312 3688 1422 3743 nescitis
1445 3689 1472 3742 in
1496 3688 1566 3759 Elia,
1590 3689 1654 3760 quid
1678 3688 1751 3746 abeat

954 3779 1105 3848 Scriptura,
1121 3776 1348 3848 quemadmodum
1362 3775 1515 3847 interpellat
1540 3779 1624 3832 Deum
1649 3779 1751 3833 adver·

953 3884 1013 3923 sum
1037 3864 1144 3921 tsi-aeta
1164 3864 1295 3927 Domine,
1319 3864 1468 3936 propbetas
1493 3873 1556 3920 tuos
1579 3866 1748 3933 oeciderunt,

953 3956 1050 4011 altaria
1079 3962 1124 4007 tua
1150 3950 1316 4007 suffoderunt
1339 3963 1365 4008 et
1389 3969 1442 4025 ego
1469 3952 1750 4024 relictussnmsolas,

954 4056 978 4100 et
994 4051 1114 4115 quaerunt
1130 4042 1247 4095 animam
1268 4057 1368 4096 meam.
1391 4041 1445 4097 Sed
1466 4044 1532 4112 quid
1553 4044 1591 4097 titi
1616 4044 1681 4099 dicit
1703 4059 1750 4100 re-

954 4147 1084 4204 sponsum
1105 4129 1250 4185 divinum?
1278 4130 1382 4201 lleliqui
1399 4132 1465 4185 milti
1481 4141 1584 4202 septem
1609 4133 1694 4188 millia
1708 4132 1751 4189 ri-

954 4237 1060 4286 t·ot·um,
1074 4221 1119 4290 qui
1133 4236 1186 4274 non
1209 4228 1389 4275 curvaverunt
1403 4237 1493 4291 genua
1517 4239 1565 4276 sua
1588 4228 1653 4277 aule
1674 4222 1749 4278 Baal.
1838 4280 1843 4289 ,

955 4311 1000 4365 Sic
1014 4319 1040 4365 et
1056 4310 1083 4363 in
1099 4311 1149 4363 ltoc
1164 4317 1283 4378 tempore
1296 4308 1415 4379 reliquiae
1425 4309 1573 4365 secuudum
1589 4310 1749 4366 electionem

99 4398 276 4454 llocinterim
303 4401 336 4455 de
362 4403 554 4470 reprobatione
569 4402 736 4456 ludaeorum.
762 4401 897 4457 Porrode
956 4399 1051 4470 gratiae
1074 4398 1158 4451 salvar
1185 4395 1264 4451 lactae
1294 4406 1369 4451 sunt.
1401 4398 1429 4453 Si
1453 4405 1543 4453 autent
1567 4399 1668 4468 gratia,
1691 4398 1749 4468 jam

99 4488 279 4558 eisaquibus
301 4491 424 4545 iuventus
444 4498 484 4545 est
509 4508 559 4546 uou
584 4491 800 4562 quaesitus,quid
821 4491 896 4546 dice·
955 4504 1010 4541 uou
1038 4502 1071 4539 ex
1099 4485 1252 4555 operibus;
1286 4485 1387 4555 alioqui
1416 4487 1504 4556 gratia
1537 4490 1593 4554 jam
1628 4503 1683 4542 uon
1710 4495 1751 4542 est

100 4579 181 4631 taus‘?
201 4576 285 4646 Quid,
299 4578 349 4632 uisi
366 4579 440 4648 quad
454 4579 515 4633 dicit
532 4579 575 4648 qui
591 4579 717 4647 spiritum
730 4579 778 4633 liei
794 4578 896 4646 ltabuit,
953 4574 1053 4646 gratia.
1089 4572 1162 4641 Quid
1188 4573 1283 4644 ergo?
1309 4572 1386 4641 Quod
1416 4575 1554 4643 querebat
1582 4575 1668 4631 lsrael
1696 4591 1751 4631 nott

102 4666 317 4721 «Misericordia
333 4668 392 4737 ejus
408 4669 557 4737 praeveniet
572 4668 732 4737 m·:?(l’.tul.
745 4668 899 4733 tutulaSi
953 4668 1181 4723 esteouseoutus,
1198 4660 1294 4715 electio
1319 4670 1407 4715 autem
1436 4670 1579 4719 consecuta
1607 4673 1666 4730 est;
1694 4679 1751 4720 eae·

103 4760 127 4807 tu
144 4770 160 4809 o
176 4755 303 4826 quisquis
326 4757 369 4809 illc
395 4772 432 4822 es,
451 4756 496 4827 qui
520 4755 553 4811 de
575 4756 626 4809 illis
647 4774 684 4820 es,
709 4756 810 4827 aliquid
824 4765 898 4809 tuum

102 4843 218 4911 primum
232 4844 356 4908 attulisti,
373 4853 397 4899 et
422 4860 456 4898 ex
481 4853 528 4898 tuo
549 4845 640 4914 aliquo
658 4844 730 4899 bono
747 4845 833 4915 primo
847 4845 899 4899 mi·

103 4931 276 4986 sericordiam
295 4932 343 4987 Dei
358 4932 545 5002 promeruisti,
565 4948 617 4987 non
640 4942 665 4987 te
685 4934 827 5003 praevenit.
846 4933 899 4988 Sed

100 5027 127 5072 ιιι
143 5035 229 5085 esses,
242 5021 305 5090 quid
322 5019 434 5075 lecisti‘i
450 5023 482 5077 Ut
497 5037 572 5075 esses
587 5021 632 5091 qui
646 5021 729 5075 Deum
746 5021 898 5087 invocares,

102 5107 164 5177 quid
180 5108 283 5177 egisti?
306 5108 333 5161 Si
355 5109 427 5161 euim
452 5108 533 5177 egisti
558 5107 660 5177 aliquid
681 5114 710 5160 ul
732 5123 821 5175 esses,
838 5125 898 5163 eras

102 5208 165 5267 ergo
182 5196 339 5266 priusquam
355 5212 442 5250 esses.
465 5197 549 5250 Porro
574 5196 596 5249 si
620 5197 685 5249 nibil
701 5196 811 5250 omuino
827 5213 899 5262 eras,

101 5284 258 5354 priusquam
274 5300 364 5350 esses,
391 5299 442 5338 nou
468 5284 639 5354 promeruisti
662 5292 689 5337 ut
712 5300 799 5339 esses.
826 5285 900 5340 Fecit

99 5389 190 5436 atatem
206 5382 281 5436 Deus
295 5390 324 5435 ut
338 5397 430 5448 esses;
448 5391 474 5436 et
487 5389 515 5435 ιιι
532 5382 619 5436 iecisti
646 5389 676 5435 ut
699 5381 785 5435 bouus
800 5382 899 5437 esses?

100 5478 128 5535 Si
148 5480 222 5535 Deus
244 5479 320 5534 dedit
345 5487 372 5532 ut
396 5495 485 5544 esses,
512 5487 538 5534 et
562 5479 632 5533 alius
653 5478 728 5533 dedit
755 5486 784 5533 ut
814 5479 901 5535 bonus

98 5592 191 5646 esses,
219 5576 319 5636 melior
346 5575 439 5649 utique
466 5577 512 5652 qui
539 5576 615 5632 dedit
643 5584 671 5631 ut
700 5577 788 5632 bouus
819 5593 894 5634 esses

954 4752 1003 4807 teti
1020 4766 1082 4804 vero
1097 4748 1223 4803 excaecati
1239 4755 1314 4803 sunt.
1331 4772 1342 4796 v
1361 4749 1439 4804 Plebs
1454 4751 1502 4805 Dei
1517 4768 1586 4824 gens
1601 4752 1649 4807 luit
1662 4752 1754 4808 tuta·
1844 4792 1847 4797 -

954 4856 1045 4903 orum,
1062 4853 1176 4909 quorum
1201 4837 1321 4904 adoptio,
1339 4847 1365 4892 et
1379 4838 1476 4910 gloria,
1498 4848 1525 4894 et
1550 4849 1749 4908 testamentum,

955 4935 981 4981 ct
996 4925 1131 4997 legislatio
1146 4939 1152 4978 :
1169 4925 1258 4995 plebs,
1281 4925 1404 4998 iuquam,
1430 4927 1457 4981 in
1480 4944 1533 4998 qua
1554 4937 1753 4998 praecesserunt

954 5015 1046 5070 otttoia
1070 5021 1237 5069 sacramenta
1262 5013 1430 5070 Salvatoretu
1455 5017 1652 5085 promittentia.
1681 5017 1753 5086 Quid

955 5106 1044 5175 ergo‘?
1057 5104 1157 5158 Totum
1174 5102 1240 5158 illud
1255 5103 1410 5157 damnatum
1426 5104 1487 5159 esti
1503 5105 1593 5159 Absitl
1615 5105 1669 5161 Sed
1684 5122 1750 5161 area

954 5194 1081 5249 vvvntttata
1102 5208 1192 5246 massa
1214 5191 1447 5261 interposueram,
1477 5194 1554 5263 palea
1578 5192 1644 5248 loris
1664 5195 1749 5264 jacet.

954 5280 1092 5352 Quidquid
1117 5280 1191 5334 vides
1214 5281 1367 5336 ludaeorum
1393 5281 1578 5352 reproborum,
1596 5282 1671 5352 palea
1696 5289 1748 5338 est.

954 5378 1006 5448 Qui
1021 5378 1136 5449 pascui
1151 5385 1178 5433 et
1192 5378 1375 5447 praede-tinsti
1391 5387 1462 5444 sunt,
1479 5380 1579 5450 repulsi
1601 5396 1658 5435 nott
1674 5388 1747 5436 sunt.

955 5500 966 5526 ι
986 5475 1099 5545 Reliqui,
1119 5498 1130 5522 ι
1147 5474 1241 5543 iuquit,
1257 5497 1268 5521 ‹-
1282 5473 1356 5528 milti.
1371 5496 1382 5519 v
1397 5472 1468 5544 Quid
1483 5485 1534 5544 est,
1549 5476 1646 5548 reliqui
1663 5476 1750 5531 milti‘l

954 5577 1013 5653 Ego
1027 5590 1075 5632 eos
1089 5573 1174 5651 elegi,
1188 5574 1253 5651 quia
1269 5573 1323 5631 vidi
1338 5583 1447 5633 mantes
1467 5589 1559 5632 eorum
1576 5591 1630 5633 noa
1641 5590 1749 5648 praestt·
