3728 6000
46 190 50 205 ¹
154 202 207 261 ιιι
426 146 429 151 ¹
661 188 850 250 auulsum
868 183 1012 250 ΔΒΒΑΤῙΕ
1032 187 1064 248 Β.
1087 185 1303 249 ruaoootuct
1756 194 1811 253 lid

158 336 229 377 mur.
248 321 337 375 Potest
364 324 456 375 umen
484 313 599 371 forsitan
614 328 712 370 nomen
728 316 781 369 hoc
803 310 952 370 secundum
966 311 994 374 Α
1008 311 1168 384 accipiatur.
1181 313 1295 384 Propter
1308 312 1382 385 quod
1398 319 1425 370 et
1437 312 1550 370 nomina
1573 314 1666 371 omnia
1680 332 1741 390 quae
1756 318 1812 373 hu·

157 410 240 464 aliam
255 404 499 464 considerationem
527 403 554 458 in
569 397 627 459 Deo
650 401 713 468 dici,
730 409 759 456 ut
786 392 956 472 intelligatur
1006 395 1127 471 jusmodi
1139 409 1213 464 sunt,
1221 403 1378 457 communia
1392 401 1529 459 dicuutur.
1541 403 1647 459 Dicitur
1656 420 1725 478 ergo
1736 405 1812 461 Deus

158 498 236 572 quasi
250 514 302 570 per
326 495 507 566 semetipsum
523 490 685 557 subsistens,
697 491 753 547 siue
779 488 853 562 quod
874 486 955 561 quasi
1008 490 1097 555 Pater,
1107 491 1180 546 Deus
1194 489 1288 561 Filius,
1305 490 1379 546 Deus
1395 489 1513 562 Spiritus
1535 500 1641 548 sanctus
1652 508 1660 562 ;
1673 500 1700 549 et
1721 501 1813 550 umen

156 586 242 643 subsit
256 584 381 642 omnibus
395 599 455 654 quae
470 578 620 648 suut,sicut
636 578 802 651 principium
820 586 847 634 ει
872 591 955 634 eausa
1008 592 1065 634 non
1092 585 1157 634 sunt
1185 587 1241 634 tres
1256 577 1303 647 dii,
1314 579 1362 635 sed
1389 595 1459 635 unus
1474 581 1557 636 Deus.
1574 582 1689 654 Magnus
1718 583 1811 649 Pater,

159 682 186 732 et
200 675 269 731 ratio
284 671 462 729 subsistendi.
478 669 553 726 Alias
563 675 666 735 autem,
683 665 829 743 improprie
845 666 955 723 omnino
1008 681 1124 738 maguus
1140 666 1234 734 Filius,
1249 683 1367 740 magum
1395 667 1512 738 Spiritus
1525 672 1637 725 sanctus
1649 688 1658 738 ;
1669 670 1696 726 et
1721 677 1812 727 tamen

157 762 255 824 dicitur
268 761 418 817 substantia
444 760 472 815 in
488 756 555 814 Deo.
572 754 642 812 Dum
664 772 732 829 ergo
747 758 782 813 de
796 757 854 812 Deo
876 771 956 827 agen·
1008 772 1063 813 non
1076 764 1131 811 tres
1148 755 1309 827 magni,aed
1326 773 1396 811 arnus
1410 772 1535 828 magnus.
1551 756 1650 829 Sieque
1664 746 1699 814 de
1712 767 1813 831 potan-

158 854 221 909 dum
238 858 290 918 est,
304 867 360 907 non
388 865 498 920 semper
522 844 670 902 secundum
686 844 871 911 substantiam,
888 859 956 898 nun·
1009 846 1059 914 tia,
1069 846 1103 900 de
1117 843 1261 916 sapientia,
1270 844 1304 900 de
1324 844 1464 914 charitate,
1472 844 1505 900 de
1526 846 1649 915 raritate,
1659 845 1730 902 etde
1749 863 1812 903 om-

159 958 241 1013 quam
257 955 322 996 vero
337 934 489 995 secundum
508 932 648 1003 accidens,
665 942 705 990 est
726 935 863 1008 agendum
879 951 886 988 :
904 947 955 988 neo
1008 935 1090 990 nibus
1117 933 1275 991 nominibus
1300 928 1400 989 divinis
1427 933 1598 990 rendendum
1620 942 1664 991 ast
1678 953 1685 991 ε
1701 936 1810 1010 quibus,

158 1030 240 1086 etiam
266 1045 327 1084 cum
354 1024 453 1082 dicitur
480 1025 515 1080 ad
541 1023 655 1094 aliquid,
673 1023 741 1080 sicut
768 1039 830 1080 cum
859 1021 957 1078 dicitur
1010 1024 1079 1080 sicut
1105 1023 1208 1080 dictum
1236 1027 1287 1089 est,
1302 1021 1336 1076 ad
1364 1036 1393 1077 se
1421 1028 1448 1076 et
1475 1021 1689 1079 substantialiter
1708 1023 1812 1082 dicitur

161 1118 239 1173 Pater
262 1116 296 1170 ad
323 1110 430 1178 Filium,
447 1108 531 1168 Filius
560 1110 597 1167 ad
620 1111 739 1179 Patrem,
755 1111 790 1166 ad
812 1118 956 1180 utrumque
1009 1112 1104 1170 diviua
1114 1111 1255 1180 majestas.
1266 1108 1333 1179 Quae
1347 1125 1410 1165 eum
1424 1109 1565 1181 quodlibet
1587 1110 1685 1167 borum
1700 1110 1809 1182 dicitur,-

159 1204 275 1277 Spiritus
288 1200 751 1275 sanctus,nequaquamsecundum
769 1199 896 1256 accidens
910 1199 955 1252 in·
1009 1218 1064 1259 uon
1080 1199 1168 1272 qualis
1194 1197 1239 1264 sit,
1254 1197 1302 1254 sod
1331 1196 1395 1269 quid
1408 1196 1453 1264 sit,
1475 1199 1675 1270 pronuntiatur.
1695 1200 1812 1273 Propria

156 1287 335 1366 telliqendum
350 1296 402 1347 est.
417 1288 563 1361 Nunquam
579 1288 653 1345 enim
677 1288 792 1346 accessit
806 1295 909 1344 aeterno
924 1300 957 1343 ac
1009 1306 1076 1348 vero
1089 1306 1138 1345 seu
1153 1286 1301 1360 singularia
1315 1286 1454 1357 quomodo
1469 1286 1634 1343 adinvicem
1649 1288 1808 1357 referantur,

158 1382 322 1453 sempiterno
339 1378 408 1435 Patri
434 1373 528 1448 Filius,
542 1385 570 1433 ut
584 1379 661 1433 Pater
680 1374 766 1444 tieret,
781 1376 854 1450 quod
878 1373 958 1447 quasi
1009 1378 1184 1436 manifestum
1200 1384 1241 1431 εει
1256 1395 1262 1431 z
1279 1376 1361 1430 Pater
1387 1373 1492 1431 scilicet
1505 1375 1540 1430 ad
1555 1375 1661 1446 Filium,
1676 1377 1760 1433 Filius
1773 1376 1811 1435 ad

158 1486 214 1526 non
225 1468 306 1524 luerit
317 1465 403 1539 prius,
419 1481 481 1522 cum
493 1482 602 1539 semper
612 1465 704 1533 luerit,
719 1465 763 1520 vel
781 1464 871 1536 potius
885 1478 957 1519 sem·
1010 1467 1133 1534 Patrem,
1144 1466 1225 1520 Pater
1235 1471 1263 1519 ει
1284 1460 1369 1519 Filius
1383 1463 1418 1517 ad
1440 1462 1571 1534 Spiritum
1586 1472 1718 1532 sanctum,
1735 1467 1811 1522 etad

156 1554 248 1630 parsit
264 1554 361 1626 Pater;
377 1566 539 1626 semperque
563 1552 713 1610 deaeterno
742 1552 820 1608 Patre
834 1551 956 1608 oonsub-
1009 1557 1087 1626 ipsos
1101 1556 1172 1626 ipse.
1186 1553 1247 1609 Hoc
1261 1566 1327 1625 ergo
1354 1550 1477 1607 modoet
1503 1567 1537 1607 ea
1555 1568 1669 1608 summa
1683 1555 1811 1612 maenum

158 1643 294 1700 stantialis
309 1643 370 1698 εἰει
383 1650 534 1699 coaternus
553 1640 588 1697 sit
600 1641 682 1697 Filius
695 1657 805 1711 semper
828 1640 862 1697 de
877 1641 954 1696 Patre
967 1665 997 1727 Β
1010 1644 1130 1712 nomina,
1145 1658 1205 1712 quae
1231 1639 1267 1696 ad
1293 1655 1324 1695 se
1344 1647 1406 1694 sunt
1421 1658 1431 1707 ;
1445 1647 1472 1695 ει
1492 1656 1526 1695 ea
1553 1641 1698 1708 Trinitatis,
1710 1643 1812 1714 quibus

160 1737 187 1785 et
200 1726 269 1785 Filio
296 1736 450 1783 coaetcrnus
465 1727 506 1782 eis
532 1733 558 1780 ει
586 1724 826 1783 consubstantialis
840 1725 956 1796 Spiritus
1008 1740 1064 1790 tres
1077 1730 1239 1787 adinvicem
1255 1737 1317 1784 sunt
1330 1746 1338 1793 ;
1353 1735 1380 1785 et
1394 1727 1545 1800 pradicant
1559 1728 1703 1796 unitatem,
1718 1739 1810 1788 ernon

159 1820 279 1875 sauctus.
1008 1821 1100 1874 tacent
1126 1808 1294 1881 Trinitatem,
1311 1828 1361 1869 suo
1378 1813 1460 1868 modo
1475 1812 1596 1885 singula.
1614 1814 1663 1871 llla
1691 1817 1765 1870 anim
1780 1817 1809 1872 in

195 1902 248 1962 Sed
256 1919 344 1976 neque
355 1904 598 1975 secundumgenus
607 1911 632 1959 et
643 1902 764 1973 speciem
782 1894 957 1973 intelligenda
1009 1920 1044 1962 eo
1059 1903 1131 1976 quod
1160 1902 1250 1958 tribus
1277 1899 1433 1956 communia
1458 1909 1529 1967 sunt,
1545 1902 1718 1972 personalem
1728 1920 1812 1960 mon-

160 1994 336 2066 aliquatenus
351 2000 392 2048 est
410 1992 527 2047 Trinitas
540 1992 629 2056 Deus;
640 1992 702 2046 lieet
724 1994 776 2047 boc
790 1992 874 2061 aliqui
888 2006 956 2048 con·
1008 2000 1094 2050 suant
1121 1991 1281 2046 Trinitatem
1295 2004 1303 2058 ;
1318 1989 1345 2044 in
1361 2005 1393 2045 eo
1422 1988 1493 2060 quod
1521 1989 1551 2043 in
1566 2006 1672 2046 summa
1699 2008 1810 2065 semper

158 2081 264 2157 lingant
278 2096 406 2154 peruerse
421 2079 454 2136 de
470 2078 528 2135 Deo
553 2079 719 2136 sentientes:
735 2079 782 2151 qui
795 2088 851 2135 tres
864 2094 958 2151 perso·
1008 2099 1091 2139 unum
1108 2088 1181 2147 sunt,
1193 2077 1450 2136 consubstantialem
1474 2077 1604 2135 unitatem
1620 2096 1627 2134 :
1645 2080 1703 2138 ltaec
1717 2090 1811 2138 autem

158 2189 208 2228 nas
223 2169 302 2243 quasi
312 2175 370 2225 tres
393 2184 454 2223 esse
468 2167 575 2239 species
589 2164 668 2222 unius
687 2168 812 2224 esseutiae
834 2177 957 2224 astruere
1009 2171 1037 2226 in
1050 2186 1084 2226 eo
1098 2169 1170 2242 quod
1186 2167 1358 2241 singulorum
1372 2165 1483 2238 propria
1503 2174 1566 2221 sunt
1580 2167 1698 2240 singula,
1715 2168 1810 2225 Trini-

159 2258 317 2325 moliuutur,
333 2270 397 2312 cum
411 2263 438 2311 ει
467 2255 535 2310 ratio
550 2249 613 2310 fidei
628 2255 796 2327 proliteatur,
811 2263 838 2311 ct
854 2255 957 2312 veritas
1010 2261 1074 2316 tatis
1090 2258 1252 2322 veritatem
1268 2255 1295 2309 in
1311 2270 1344 2310 eo
1358 2262 1448 2310 autem
1463 2254 1535 2326 quod
1549 2246 1584 2310 ad
1606 2255 1724 2312 invicem
1737 2264 1812 2330 sunt,

160 2340 270 2413 clamet,
286 2362 336 2400 uec
350 2342 438 2400 refelli
459 2339 569 2399 omnino
592 2344 691 2415 possit,
708 2345 854 2400 essentiam
867 2344 959 2416 ipsam
1011 2355 1083 2404 etse
1111 2346 1228 2402 alterum
1242 2343 1277 2398 ad
1306 2343 1419 2398 alterum
1447 2343 1507 2414 ipso
1532 2344 1729 2416 singularitatis
1755 2363 1812 2404 suae

159 2430 229 2489 nibil
241 2428 317 2489 aliud
332 2448 392 2489 esse
407 2448 489 2504 quam
503 2439 560 2487 tres
570 2446 713 2509 personas,
730 2441 756 2488 ει
766 2441 960 2504 trespersonas
1009 2435 1120 2492 nomine
1134 2432 1233 2489 referri
1247 2431 1407 2497 ostendunt,
1422 2431 1580 2488 substantiae
1594 2433 1736 2490 unitatem.

159 2521 249 2595 ipsam
264 2538 324 2578 esse
339 2519 497 2577 essentiam.
510 2514 573 2575 Nou
588 2535 653 2592 ergo
669 2521 819 2578 secundum
829 2539 918 2595 penus
932 2531 959 2580 ει
1045 2525 1125 2579 Nunc
1138 2521 1173 2577 de
1187 2519 1302 2577 essentia
1318 2520 1367 2575 Dei
1383 2527 1410 2574 et
1424 2519 1484 2588 ejus
1497 2520 1651 2578 nominibus
1661 2539 1813 2596 prosequa-

160 2608 278 2684 speeiem
289 2609 401 2682 cogitari
417 2608 499 2664 debet
511 2600 629 2663 Trinitas
645 2609 729 2664 Deus.
746 2611 800 2667 Sed
816 2627 905 2683 neque
920 2627 959 2668 re·
1010 2627 1072 2668 mur
1088 2627 1096 2666 r
1111 2610 1215 2667 scilicet
1230 2625 1291 2679 quae
1305 2607 1339 2664 ab
1354 2607 1412 2678 ipsa
1426 2606 1814 2670 essentiaessentialiadieun·

165 2698 247 2756 latire
256 2699 381 2764 omniuo,
394 2696 445 2752 nisi
456 2696 604 2753 secundum
613 2690 679 2753 fidei
697 2715 864 2755 mensuram.
883 2701 960 2757 llela·
1011 2708 1065 2756 tur.
1077 2699 1200 2768 Quorum
1219 2696 1381 2768 principium
1395 2711 1429 2750 ex
1439 2712 1472 2751 eo
1487 2704 1538 2762 est,
1550 2699 1624 2769 quod
1634 2700 1706 2755 Deus
1720 2701 1812 2758 lamu-

162 2788 200 2845 tio
214 2784 313 2859 quippe
324 2785 404 2840 unius
415 2777 537 2852 Daimon
547 2785 635 2858 magis
655 2790 826 2858 quamuuius
841 2790 960 2846 hominis
1011 2788 1039 2844 lo
1058 2803 1106 2844 suo
1120 2786 1209 2858 lloysi
1225 2783 1373 2841 sciscitanti
1391 2799 1492 2840 nomen
1515 2801 1595 2841 suum
1611 2801 1618 2840 :
1638 2809 1649 2837 ι
1666 2788 1726 2861 Epo
1740 2806 1812 2861 sum,

161 2871 327 2933 est.itelatio
343 2882 433 2929 tamen
446 2873 483 2928 ibi
499 2881 540 2928 εει
563 2875 648 2930 Patris
671 2876 705 2930 ad
729 2875 837 2946 Filium,
854 2878 912 2933 Filii
922 2878 959 2936 ad
1011 2876 1109 2947 iuquit,
1126 2875 1172 2947 qui
1200 2889 1260 2929 sum
1285 2872 1384 2943 (Tecti.
1393 2873 1448 2944 tu.)
1465 2895 1476 2921 r
1495 2872 1549 2938 Sic,
1567 2875 1621 2930 ait:
1638 2876 1721 2933 Dices
1748 2878 1813 2935 tiliis

160 2964 279 3029 Patrem,
304 2960 419 3033 Spiritus
448 2960 535 3018 sancti
549 2961 583 3017 ad
607 2970 763 3034 utrumque,
778 2966 883 3022 faciens
897 2967 969 3039 Trig
1012 2964 1117 3021 lsrael:
1136 2986 1148 3012 ι
1165 2961 1218 3032 Qui
1232 2970 1287 3030 est,
1300 2960 1374 3016 misit
1401 2976 1444 3016 me
1469 2960 1504 3017 ad
1518 2977 1567 3018 ros
1585 2964 1689 3035 (told).
1707 2989 1719 3015 a
1736 2967 1813 3024 Sicut

159 3048 350 3120 nitatem,eum
360 3058 437 3105 extra
451 3062 560 3107 omnem
569 3052 697 3124 regulam
711 3053 888 3110 relativorum
903 3073 958 3113 una
972 3014 1000 3078 C
1012 3054 1089 3111 anim
1103 3069 1135 3108 es
1152 3066 1185 3107 eo
1200 3049 1272 3123 quod
1283 3057 1326 3105 est
1349 3049 1511 3119 subsistere,
1525 3051 1676 3109 substantia
1702 3055 1812 3124 dicitur,

162 3134 311 3196 substantia
320 3152 397 3194 suam
413 3137 583 3194 verissimam
610 3155 643 3196 ac
657 3141 850 3198 solidissimam
869 3151 958 3200 teneat
1013 3142 1056 3199 sic
1071 3142 1105 3197 ab
1120 3156 1152 3196 eo
1167 3130 1241 3212 quod
1255 3146 1296 3194 est
1324 3153 1396 3205 esse,
1412 3139 1541 3194 essentia.
1559 3139 1714 3197 Substantia
1736 3144 1813 3200 enim

160 3226 301 3286 unitatem.
317 3222 443 3284 Serviunt
457 3243 526 3299 erqo
551 3244 615 3298 quaa
627 3230 782 3298 huiusmodi
794 3240 857 3287 sunt
872 3232 900 3288 in
915 3249 957 3288 re·
1013 3229 1149 3302 quomodo
1164 3225 1370 3284 conconveniat
1386 3227 1455 3293 Deo,
1470 3226 1536 3283 licet
1549 3222 1603 3284 boe
1617 3231 1727 3286 nomine
1739 3248 1813 3304 saepo

158 3318 211 3375 bus
224 3310 431 3388 Dei;quouiam
445 3331 501 3371 non
525 3332 635 3388 semper
656 3317 762 3374 inutilia
775 3318 960 3390 inveniuntur,
1015 3316 1167 3389 Scripturas
1193 3315 1347 3382 abutantur,
1373 3313 1432 3382 jnm
1459 3330 1543 3386 supra
1568 3315 1669 3372 dictum
1696 3327 1747 3375 εει.
1763 3321 1814 3376 Cui

160 3407 184 3463 si
197 3402 395 3468 rationabiliter
421 3405 570 3461 secundum
597 3405 729 3463 rationem
745 3406 810 3463 fidei
836 3408 960 3466 adhibita
1014 3421 1097 3477 quam
1111 3403 1252 3461 reclusae
1276 3403 1385 3474 dignius
1398 3403 1543 3458 conveniat
1564 3405 1688 3462 essentiae
1701 3423 1811 3476 nomen,

161 3494 364 3567 dispensentur.
374 3493 441 3550 Cum
455 3509 523 3566 ergo
543 3493 699 3563 hujusmodi
713 3497 818 3567 aliquid
835 3497 958 3553 admitti·
1012 3493 1103 3565 palam
1116 3492 1242 3549 omnibus
1252 3499 1302 3548 εει.
1314 3491 1395 3547 Solus
1412 3491 1512 3563 quippe
1533 3509 1598 3549 vere
1609 3509 1669 3550 esse
1678 3495 1814 3554 dicandus

161 3590 212 3652 tur,
222 3597 278 3639 nou
292 3591 347 3638 tam
362 3581 464 3651 ipsum,
481 3597 561 3653 quam
585 3583 649 3654 quid
675 3584 708 3639 tle
722 3585 784 3657 ipso
803 3585 871 3642 ratio
895 3585 960 3642 lidei
1012 3595 1065 3656 est,
1079 3585 1125 3658 qui
1135 3586 1172 3641 ab
1186 3592 1288 3641 aterm
1317 3583 1575 3640 incommutabiliter
1588 3592 1638 3654 εει,
1654 3593 1681 3641 ει
1707 3588 1759 3643 hoc
1771 3595 1815 3645 est

162 3668 269 3727 efficere
284 3671 358 3738 velit,
372 3669 525 3725 attendatur
540 3684 548 3738 ;
564 3686 614 3726 nec
638 3672 786 3728 rationibus
808 3690 856 3730 seu
872 3675 958 3732 ratio·
1013 3677 1039 3732 ei
1049 3690 1119 3741 asae,
1141 3673 1213 3744 quod
1228 3681 1288 3744 est;
1307 3680 1334 3727 ει
1347 3668 1422 3744 quod
1440 3680 1490 3739 est,
1506 3689 1616 3740 semper
1631 3682 1689 3745 est;
1700 3685 1729 3731 et
1742 3675 1816 3732 sicut

161 3757 345 3814 cinationibus
360 3756 501 3812 hominum
517 3757 692 3828 subjiciamus
706 3775 818 3817 causam
833 3761 896 3818 fidei
911 3779 959 3819 no·
1013 3772 1065 3832 εει,
1080 3763 1119 3819 sic
1142 3778 1252 3834 sempor
1279 3769 1335 3818 est.
1352 3760 1414 3816 Non
1441 3760 1470 3815 in
1484 3777 1514 3816 se
1541 3758 1624 3817 babet
1650 3778 1734 3834 possa
1754 3779 1812 3820 neu

161 3854 233 3912 strae,
247 3845 296 3901 sed
315 3845 408 3900 omnia
430 3844 480 3899 illi.
497 3845 622 3902 Serviant
648 3848 694 3902 ubi
715 3858 821 3920 oportet
837 3869 844 3918 ;
860 3867 958 3908 uonse
1013 3869 1084 3921 esse,
1098 3852 1171 3923 quod
1185 3858 1227 3906 εει
1242 3865 1250 3921 ι
1265 3851 1331 3920 qaia
1353 3865 1402 3905 uec
1431 3849 1459 3904 in
1487 3865 1518 3905 se
1543 3850 1626 3906 babet
1645 3867 1725 3922 posse
1739 3868 1811 3920 esse,

159 3936 289 4007 ingerant
313 3934 373 4006 plus
400 3948 481 4004 quam
510 3938 625 4006 oportet.
642 3939 673 3991 ln
688 3937 731 3993 via
744 3938 817 3994 euim
841 3940 959 4012 simplici
1013 3940 1150 4013 quoduon
1166 3948 1210 3996 ost
1224 3957 1232 4003 a
1245 3948 1272 3994 ει
1286 3939 1359 4011 quod
1370 3939 1411 3995 sic
1424 3948 1474 4007 est,
1490 3953 1544 3994 nou
1552 3939 1628 3995 initio
1636 3942 1812 4012 praevenitur,

159 4021 318 4094 simpliciter
341 4019 524 4094 grarlieudum
548 4023 765 4081 est.Secundum
779 4024 957 4102 Evangelium
1013 4045 1068 4084 non
1092 4027 1146 4085 fine
1174 4026 1317 4096 clauditur,
1331 4041 1386 4083 non
1414 4026 1584 4097 temporibus
1611 4028 1740 4097 volvitur,
1755 4045 1814 4085 nors

159 4111 366 4183 loquantur-,qui
381 4111 529 4167 secundum
543 4113 718 4186 Evangelium
738 4131 767 4172 se
782 4117 873 4173 uiuere
887 4134 957 4190 pro·
1012 4117 1081 4175 locis
1105 4117 1267 4182 continetur,
1289 4127 1347 4170 uon
1375 4115 1500 4171 aetatibus
1527 4114 1654 4172 variatae.
1668 4117 1747 4172 Nihil
1773 4117 1812 4173 ibi

159 4197 280 4256 litentur.
291 4201 398 4271 Uterqo
413 4200 472 4270 jam
482 4200 516 4256 de
526 4200 625 4257 divinis
642 4204 799 4260 nominibus
807 4222 959 4277 prosequa·
1012 4206 1101 4273 deest,
1117 4206 1181 4275 quia
1194 4212 1282 4260 totum
1292 4204 1321 4258 in
1336 4219 1369 4259 eo
1379 4212 1419 4258 ast
1430 4218 1437 4271 ;
1449 4203 1657 4275 nibilsuperest,
1668 4205 1736 4277 quia
1744 4205 1814 4260 nibil

160 4305 233 4359 mur,
239 4289 327 4360 primo
339 4288 372 4344 de
383 4288 418 4342 iis
428 4286 540 4345 sollicite
547 4290 751 4349 observandum
761 4299 811 4363 est,
822 4295 960 4367 quomodo
1014 4304 1091 4351 extra
1105 4301 1225 4351 cumest.
1236 4293 1284 4349 Cui
1299 4309 1368 4364 erpo
1384 4293 1544 4348 naturaliter
1553 4301 1604 4359 est,
1614 4309 1723 4364 semper
1732 4308 1817 4365 pessa

161 4381 339 4446 estimantur,
369 4376 473 4435 sclieet
499 4380 652 4434 commonia
681 4382 750 4437 sicut
778 4383 933 4439 eommunia
949 4401 957 4449 ;
973 4366 1001 4426 Ῑ)
1015 4398 1087 4450 essa,
1098 4381 1309 4454 quodesttipse
1319 4381 1394 4436 selus
1407 4389 1453 4437 εει
1475 4380 1703 4451 peuesolusesse,
1715 4382 1814 4439 dicen

160 4466 381 4540 singulariauero
398 4466 469 4522 sieut
484 4465 643 4538 singularia.
660 4469 820 4526 Communia
833 4489 899 4529 varo
911 4473 957 4528 dt«
1012 4472 1063 4527 dus
1076 4470 1293 4527 reticet-tissima
1301 4484 1369 4541 ergo
1377 4477 1403 4525 et
1412 4468 1446 4524 de
1462 4468 1814 4541 scripturiscopnoseitur,

159 4558 264 4620 cuntur,
276 4567 336 4622 quae
359 4549 509 4607 secundum
536 4550 712 4609 substantiam
723 4555 758 4611 de
781 4556 840 4613 Deo
851 4557 958 4629 praedi«
1010 4558 1266 4631 etpieoredeudum
1281 4558 1529 4625 est,bunePatrsm
1548 4558 1702 4624 assebruc
1715 4558 1815 4615 Filium

160 4636 351 4706 cantuarien
376 4637 508 4709 potentia,
538 4638 685 4710 sapientia,
714 4641 841 4713 charitas,
855 4646 955 4713 baum
1011 4663 1083 4716 esse,
1098 4650 1172 4704 bunc
1198 4663 1263 4704 esso
1286 4646 1416 4718 Spiritum
1436 4654 1560 4703 sanetum
1577 4660 1584 4700 t
1600 4661 1652 4702 uec
1679 4647 1814 4705 eumdem

160 4724 392 4801 singulariarero,
407 4739 468 4796 quaa
488 4722 617 4780 dicuntur
628 4726 664 4781 ad
688 4728 803 4801 aliquid,
818 4731 886 4788 sicut
900 4734 956 4789 Pae
1011 4754 1074 4794 essa
1099 4737 1217 4802 Patrem,
1232 4735 1278 4808 qui
1307 4735 1399 4802 Filius,
1414 4748 1465 4792 neo
1493 4734 1583 4806 ipsum
1600 4734 1727 4807 Spiritum
1745 4751 1812 4791 san-

160 4818 211 4878 ter,
218 4804 313 4876 Filius,
325 4804 443 4879 Spiritus
459 4816 577 4864 sanctus.
590 4804 631 4866 lle
641 4811 741 4881 quibus
757 4817 895 4888 praecipue
904 4819 956 4876 hoc
1010 4833 1084 4882 ctum
1098 4839 1168 4891 essa,
1183 4824 1229 4895 qui
1241 4824 1321 4878 Pater
1335 4829 1378 4879 eat
1392 4821 1438 4878 rel
1466 4821 1561 4877 Filius.
1574 4821 1642 4876 Tres
1667 4827 1760 4877 tamen
1774 4821 1813 4878 ibi

159 4894 306 4951 mendum
329 4898 380 4961 0⁸²·
388 4886 461 4962 ‘1¹¹⁰d
481 4892 540 4962 lam
567 4910 649 4965 Supra
676 4896 810 4966 dhifflust
827 4902 955 4973 quossitm
1012 4912 1147 4970 essentias
1164 4910 1258 4968 dicere
1286 4927 1344 4968 non
1365 4911 1455 4966 miuus
1469 4909 1631 4978 devitamus,
1647 4924 1730 4981 quam
1755 4918 1812 4967 tres

159 4991 291 5066 quidquid
305 4993 338 5049 ad
353 5007 383 5048 se
397 4991 498 5048 dicium
515 4993 740 5062 prestantissima
754 4995 801 5053 illa
815 5007 842 5055 ει
863 5001 956 5058 divina
1011 5011 1100 5080 (ιαμ
1116 5023 1179 5066 eam
1193 5025 1248 5066 non
1262 5009 1296 5064 sit
1309 5008 1347 5064 ibi
1361 5007 1524 5075 aliudesse,
1540 5006 1616 5063 aliud
1635 5007 1721 5062 Deum
1736 5023 1810 5075 esse,

158 5090 319 5157 sublimitas,
338 5088 552 5146 substantialiter
579 5089 678 5148 dieitur
693 5111 699 5147 :
716 5094 789 5164 quod
811 5105 905 5155 auum
917 5100 956 5156 ad-
1008 5107 1058 5165 rad
1067 5106 1141 5164 idam
1151 5111 1204 5164 eet.
1212 5106 1278 5163 ldae
1286 5104 1436 5162 seeundum
1449 5103 1565 5160 umam
1577 5117 1704 5158 sartorum
1717 5102 1746 5157 in
1756 5102 1812 5160 fide

158 5189 269 5260 aliquid,
286 5203 339 5243 non
362 5186 584 5257 substantialiter,
600 5188 649 5243 scd
668 5190 794 5260 relatvm
811 5200 954 5267 unquam·-
1011 5206 1173 5273 verborum,
1185 5213 1213 5262 et
1239 5203 1409 5276 premissam
1424 5216 1461 5258 ax
1474 5201 1580 5256 ratione
1594 5198 1658 5255 fidei
1684 5199 1813 5272 rapulam

159 5301 211 5357 que
225 5286 279 5342 vim
294 5301 355 5341 esse
369 5283 492 5355 eiusdem
506 5285 667 5343 substantie
682 5288 711 5343 in
724 5289 813 5358 aaut,
827 5296 858 5347 et
874 5291 954 5363 litio.
1011 5305 1048 5361 aa
1065 5303 1260 5362 acerrumas
1273 5302 1325 5358 nat
1345 5298 1642 5367 maturassemus
1663 5299 1811 5355 santam

159 5389 186 5439 et
200 5381 305 5454 Spiritu
321 5387 460 5450 suncto,ut
474 5382 606 5455 quidquid
623 5383 657 5439 de
673 5385 788 5458 singulis
799 5387 836 5444 ad
849 5389 956 5461 seipsos
1012 5404 1131 5471 puram,
1149 5401 1295 5459 effluam
1322 5399 1431 5466 putum,
1443 5395 1587 5455 mantiam
1598 5396 1726 5469 spirirum
1739 5411 1812 5453 san·

159 5477 266 5549 dicitur,
279 5495 332 5537 non
360 5481 501 5552 pluraliter
521 5479 550 5536 in
578 5495 693 5552 sumtus,
712 5481 760 5541 sad
781 5484 955 5560 deputator
1011 5498 1104 5559 ctumt
1120 5497 1146 5549 ει
1159 5494 1253 5549 tamen
1265 5504 1322 5549 noa
1334 5496 1391 5545 tres
1405 5486 1547 5558 emendas,
1557 5484 1607 5543 sed
1615 5501 1698 5559 quam
1711 5500 1812 5543 εεεεε-
