3728 6000
117 222 171 281 919

526 225 591 284 Lttt.
605 226 653 283 ott
667 223 918 282 bllSElllCORDltl
931 223 977 282 ΕΤ
988 226 1154 285 JUSTl'l’lil.
1171 254 1205 266 -
1221 223 1307 281 etas
1322 223 1360 281 tt.

1717 225 1769 284 950

117 349 185 404 ltem
199 347 379 422 Hieronymus
395 367 401 404 :
420 370 431 400 ι
449 350 502 406 llos
525 350 656 407 Ecclesiae
678 357 739 405 rota
762 355 824 404 sunt
843 346 913 404 lide·
927 348 958 415 Δ
973 367 1069 422 aymus
1084 349 1113 405 iu
1126 349 1237 405 liicbaea
1250 357 1437 420 competenter
1454 347 1543 421 solvit,
1558 349 1646 407 malos
1667 356 1770 407 tamum

117 436 181 492 lium
197 437 399 505 defunctorum,
413 440 528 509 pretium
552 446 737 510 peecatorum,
752 437 914 509 patrimonia

115 541 265 597 pauperum
282 546 288 581 :
306 543 372 597 qaas
387 526 486 600 siquis
501 528 528 582 in
543 543 607 582 suos
628 543 692 582 usus
707 527 852 594 retorserit,
872 525 912 580 si-

115 615 190 670 milis
204 623 246 671 cst
264 617 339 671 ludae
361 615 499 686 proditori,
523 625 549 672 et
572 617 714 672 Pharisaeis
733 615 914 672 vendentibus

115 709 144 757 et
158 704 310 758 ementibus
328 705 486 776 sanguinem
511 705 655 760 Christi.»
682 704 807 760 Gelasius
830 718 911 774 papa,

114 807 177 863 cap.
192 794 226 848 ιι
242 793 333 862 (epist.
353 798 380 863 a)
399 811 406 849 ε
425 816 436 842 a
457 792 533 863 Quos
548 794 695 848 constiterit
715 792 842 865 indignos
854 808 914 848 mc·

116 882 177 937 ritis
192 897 295 937 sacram
308 891 447 938 mercatos
469 898 530 937 esse
552 882 639 953 pretio
660 881 828 954 dignitatem,
845 897 913 938 cou-

114 971 201 1025 rictos
215 977 322 1041 oportet
336 971 423 1026 arceri
445 971 504 1026 sine
528 971 647 1042 periculo
673 970 776 1026 lacinus
799 970 913 1039 talepo-

116 1067 236 1124 trautes;
249 1061 314 1131 quia
330 1061 438 1115 dantem
459 1060 560 1131 pariter
583 1068 609 1115 et
630 1059 810 1130 accipientem
833 1059 914 1115 deru-

117 1148 190 1204 natio
206 1148 333 1220 Simonis,
349 1165 428 1219 quam
444 1164 523 1203 sacra
538 1147 619 1204 lectio
634 1156 758 1216 testatur,
770 1148 911 1203 involvit.»

117 1235 186 1305 Quia
201 1253 268 1309 ergo
284 1253 317 1291 ex
332 1237 491 1292 auctoritate
507 1236 634 1309 Gregorii
657 1236 729 1307 apud
745 1237 914 1292 Simoniacos

116 1325 295 1381 sacerdotium
311 1342 366 1381 nou
382 1326 515 1391 subsistit,
531 1324 686 1382 benedictio
701 1326 727 1381 in
744 1325 914 1381 maledictio-

115 1429 179 1467 nem
194 1414 375 1480 conr-'ertitur3
398 1414 546 1470 secundum
569 1414 741 1469 Ambrosium
765 1429 831 1469 vero
846 1428 914 1468 ana-

115 1502 242 1556 thematis
257 1503 402 1573 opprobrio
421 1503 646 1570 condemnantur,
665 1506 745 1572 atqua
766 1501 913 1573 participa-

115 1590 190 1645 tione
218 1591 340 1661 corporis
366 1600 392 1646 ct
421 1591 564 1664 sanguinis
591 1590 701 1646 Domini
733 1590 913 1658 alienantur;

966 439 1115 509 accepisse,
1131 445 1158 493 et
1172 452 1226 493 non
1250 438 1337 493 bonos
1361 438 1535 496 denuntians.
1561 462 1572 488 a
1589 441 1677 496 Duces
1696 438 1768 511 ejus,

967 528 1062 599 inquit,
1091 528 1119 582 in
1148 527 1304 581 muneribus
1324 525 1493 598 judicabant,
1523 528 1681 586 sacerdotes
1708 529 1769 598 ejus

967 617 1094 672 mercede
1110 615 1319 687 respondebant,
1337 624 1362 670 et
1377 617 1518 687 prophetae
1540 618 1599 686 ejus
1613 618 1640 671 in
1655 616 1770 687 pecunia

967 705 1136 769 divinabant,
1162 708 1189 758 et
1209 718 1292 773 super
1315 703 1462 759 Dominum
1481 705 1699 776 requiescebant,
1723 705 1769 761 di·
1844 692 1847 697 ¹

967 804 1061 850 centes
1077 809 1083 847 :
1099 793 1196 850 Nonne
1210 791 1344 847 Dominus
1360 801 1402 848 est
1422 793 1449 848 iu
1474 793 1576 849 nobis‘l
1591 809 1646 849 non
1660 793 1771 850 venient

967 897 1113 953 supernos
1128 880 1210 936 mala.
1224 879 1329 936 ldcirco
1344 889 1455 952 propter
1470 897 1518 937 vos
1532 882 1596 938 Sion
1613 882 1690 953 qnasi
1703 897 1770 955 agor

967 971 1098 1041 arabitur,
1127 974 1156 1025 et
1182 970 1336 1025 terusatem
1359 969 1388 1024 in
1416 969 1535 1026 custodia
1559 970 1676 1040 pomerii
1699 971 1764 1027 erit.

968 1062 1055 1117 Nemo
1070 1059 1193 1132 ambigat
1215 1058 1368 1114 Jerusalem
1393 1066 1504 1130 propter
1524 1058 1642 1126 scelera,
1661 1075 1725 1131 qum
1739 1060 1769 1115 in

967 1151 1020 1206 hoo
1034 1148 1150 1220 capitulo
1164 1147 1299 1220 leguntur,
1317 1146 1405 1202 luisse
1421 1147 1591 1202 subversam.
1611 1172 1621 1194 u
1640 1148 1674 1202 Et
1687 1146 1768 1219 paulo

968 1245 1049 1310 post:
1069 1259 1080 1285 a
1096 1238 1202 1292 Poterat
1218 1236 1312 1290 l‘etrus
1336 1234 1440 1291 Simoni
1464 1235 1545 1306 blago
1561 1234 1679 1292 uendere
1695 1234 1768 1307 quod

967 1326 1086 1400 petebat,
1102 1325 1157 1380 imo
1172 1331 1275 1396 potarat
1299 1323 1430 1379 simulare
1453 1324 1627 1380 uendentem.
1653 1324 1769 1395 Spiritus

968 1416 1040 1472 enim
1051 1421 1159 1470 sanctus
1170 1429 1220 1470 nee
1234 1412 1316 1469 vendi
1330 1429 1381 1469 nco
1395 1412 1448 1469 emi
1470 1420 1570 1484 potest,
1585 1412 1633 1468 sed
1649 1413 1768 1468 oblatam

967 1503 1108 1577 pecuniam
1136 1518 1198 1557 cum
1226 1500 1358 1557 offerente
1389 1502 1540 1557 damnavit.
1570 1501 1628 1556 Nec
1660 1509 1769 1558 moveat

968 1607 1130 1665 quemquam
1156 1590 1222 1645 illud
1252 1589 1324 1661 quod
1348 1589 1375 1644 iu
1403 1590 1489 1661 primo
1515 1591 1673 1661 Regnorum
1699 1590 1768 1646 libro

115 1679 265 1734 secundum
279 1679 500 1735 chalcedonense
523 1679 665 1735 concilium
681 1695 716 1734 ex
741 1679 786 1734 tali
800 1679 912 1735 ordina·
926 1700 954 1761 Β
967 1681 1095 1754 legimus,
1121 1679 1185 1735 Saul
1206 1679 1340 1733 volentem
1365 1679 1404 1733 ire
1428 1678 1464 1734 ad
1484 1678 1638 1734 Samuelem
1665 1676 1768 1734 dixisse

115 1767 189 1823 tione
204 1769 272 1822 nibil
288 1768 420 1839 prolicere
443 1769 585 1838 videntur;
601 1768 748 1823 secuudum
762 1769 912 1832 Gelasium,
967 1786 1052 1844 puero
1066 1785 1125 1837 suo,
1141 1768 1175 1823 ad
1190 1784 1254 1823 eum
1269 1783 1297 1823 se
1313 1768 1351 1823 ire
1366 1767 1448 1833 nolle,
1474 1768 1538 1841 quia
1562 1767 1679 1840 pretium
1694 1768 1767 1838 quod

115 1855 292 1912 damnatione
320 1858 438 1914 Simonis
458 1858 640 1925 involvuntur,
669 1873 685 1913 a
714 1856 819 1912 Christo
847 1872 913 1913 vero
965 1858 1076 1916 offerret
1096 1872 1145 1929 pro
1168 1856 1296 1913 uaticinio
1319 1873 1373 1912 non
1395 1857 1518 1922 baberet,
1542 1863 1568 1912 et
1594 1872 1769 1928 puerumre·

116 1945 216 2016 templo
232 1944 385 2016 eliciuntur.
405 1945 476 2014 Quid
499 1945 569 2001 enim
585 1946 657 2000 aliud
680 1946 851 2001 Simoniaeus
865 1945 913 2002 Si·
965 1947 1107 2021 spondisse
1123 1964 1129 2000 ε
1147 1946 1216 2002 Ecce
1239 1946 1349 2001 inventa
1372 1952 1413 2000 est
1433 1946 1460 2000 in
1486 1961 1571 2000 manu
1592 1960 1653 2000 mea
1675 1952 1768 2016 quarta

113 2035 242 2090 maniaco
269 2034 296 2088 in
325 2051 373 2090 sua
402 2035 569 2090 ordinatione
591 2035 672 2090 habet
700 2035 837 2102 conferre,
862 2033 913 2089 nisi
964 2033 1572 2111 parastcttpecuntae,erdunovtrottei,et
1595 2034 1769 2090 annuntiabit

114 2123 188 2193 qnod
203 2124 375 2179 lnnoeontius
391 2125 424 2179 da
437 2124 542 2179 caeteris
564 2124 697 2179 lraercticis
712 2132 834 2191 testatur,
849 2123 913 2196 quia

114 2210 219 2266 scilicet
247 2212 448 2268 damnationem
477 2228 558 2284 quam
590 2211 691 2280 habuit,
721 2229 771 2284 per
799 2228 911 2285 pravam

113 2315 212 2355 manus
225 2300 422 2372 impositionem
438 2301 511 2356 dedit
530 2317 562 2356 :a
577 2317 630 2373 qua
645 2317 698 2357 non
713 2318 784 2371 esse,
801 2301 849 2357 sed
860 2301 913 2358 dici

114 2390 247 2445 sacerdos
262 2389 378 2445 inaniter
391 2392 489 2462 possit.

119 2505 186 2560 Car.
203 2505 324 2560 xantx
347 2506 424 2574 Quod
444 2506 573 2562 moderni
604 2505 760 2562 Simoninci
778 2509 914 2577 ratapant

154 2576 298 2646 Spirttum
313 2584 444 2632 carectum
461 2593 553 2634 emero
577 2579 609 2632 in
630 2577 817 2633 sacramentis
839 2578 914 2633 sicul

154 2648 251 2704 Sirnon
267 2648 298 2702 in
310 2650 466 2704 miraculis.

152 2777 164 2801 «
182 2753 236 2809 Sed
250 2754 344 2822 objicit
360 2756 452 2810 Petrus
467 2754 615 2810 Damianus
639 2753 761 2810 moderni
785 2753 915 2824 temporis

114 2841 288 2898 simoniacos
309 2853 440 2914 quantum
458 2845 492 2899 ad
514 2842 604 2910 fidem,
625 2843 747 2916 integros
767 2859 839 2913 csse,
853 2842 915 2914 quia

111 2946 175 2986 enm
199 2931 338 2987 miraculis
367 2949 396 2987 so
417 2932 569 2988 clarescere
593 2932 747 3002 desperent,
770 2947 825 2986 non
853 2944 915 2990 sunt

110 3019 263 3075 Simoniaci
282 3020 354 3090 quod
379 3021 506 3092 Spiritum
534 3028 656 3076 sanctum
682 3021 723 3076 rel
753 3021 813 3091 ejus
839 3021 912 3075 dona

107 3123 199 3163 eruore
214 3108 377 3175 desiderant,
394 3109 442 3164 scd
467 3110 530 3180 quia
554 3109 701 3177 ambitiosi,
725 3124 757 3164 eo
782 3108 855 3180 quod
874 3108 909 3163 ad

107 3206 227 3255 terrcnae
241 3199 379 3272 dignitatis
395 3199 502 3253 culmen
518 3199 655 3254 anhelant.
674 3222 685 3247 u
711 3198 766 3254 Sed
790 3197 910 3268 nunquid

108 3287 235 3342 eamdent
251 3288 391 3358 Spiritum,
402 3303 483 3357 quem
499 3287 593 3342 Simon
608 3303 702 3342 emera
718 3287 804 3343 voluit
818 3286 846 3340 in
862 3285 910 3341 nri-

108 3375 221 3444 raculis,
244 3376 392 3431 Simoniani
416 3376 500 3430 nostri
534 3384 627 3431 emunt
651 3377 678 3430 in
708 3374 909 3432 sacramentis?

109 3464 177 3535 Quis
192 3465 264 3520 enim
280 3466 335 3519 vult
349 3464 406 3520 dici
425 3464 581 3536 episeopus,
607 3464 657 3519 nisi
674 3474 701 3518 ut
722 3464 908 3519 remissionem

108 3561 285 3625 peccatorum
301 3569 394 3607 manus
409 3553 579 3622 impositione
594 3561 621 3608 et
645 3561 742 3609 caetera
756 3551 908 3623 spiritualia

109 3641 300 3713 episcopaliter
324 3642 473 3697 exerceat?
501 3643 545 3698 Sic
569 3651 596 3697 et
625 3641 654 3696 in
679 3642 782 3699 oaeteris
810 3639 908 3697 ciliciis

106 3730 240 3802 cujusque
268 3730 387 3790 ordinis.
416 3731 468 3786 Sed
489 3731 560 3804 quod
585 3746 635 3786 neo
657 3730 840 3788 simoniacam
868 3732 907 3789 sie

105 3823 224 3876 evadant
239 3819 373 3884 baercsim,
385 3821 508 3891 quamvis
522 3820 550 3874 in
573 3819 763 3891 spiritualibus
785 3821 905 3893 dignita·

105 3908 180 3963 tibus
196 3912 300 3962 terrem
317 3916 418 3962 tautum
441 3910 589 3978 requirant,
615 3916 727 3963 testatur
750 3926 821 3980 papa
837 3911 904 3966 Pas-

102 3998 226 4054 chasius.
249 4017 259 4046 ι
279 3997 307 4052 Si
323 3996 382 4067 quis
393 3996 523 4066 objecerit
539 4014 592 4052 uon
606 3997 827 4054 consecrationes
839 3999 903 4069 emi,

102 4085 150 4144 sed
165 4085 241 4156 ipsas
254 4102 300 4141 res
315 4103 376 4157 qum
391 4104 424 4140 ex
440 4086 646 4142 consecratione
661 4089 835 4158 proveniunt,
853 4105 903 4160 pe-

100 4175 173 4231 nitus
188 4174 312 4245 desipere
327 4176 465 4244 probatur.
483 4200 493 4222 r
512 4177 582 4230 Nam
603 4192 664 4231 cum
684 4177 833 4246 corporalia
848 4177 903 4233 Eo-

100 4262 193 4321 oleaia.
210 4270 240 4317 ut
253 4263 407 4334 episcopus,
423 4263 632 4326 antunnacum
648 4264 703 4321 tale
719 4264 831 4336 aliquid,
842 4265 902 4320 sine

100 4352 186 4407 rebus
201 4352 390 4423 corporalibus
405 4353 431 4406 in
441 4352 513 4407 nullo
525 4352 657 4422 proficiat,
669 4354 738 4409 sieut
749 4371 799 4410 nec
808 4354 901 4408 anima

99 4439 157 4494 sinc
171 4455 289 4511 corpore
304 4441 483 4511 corporaliter
498 4442 571 4506 ririt,
588 4442 708 4513 quisquis
723 4444 817 4498 horum
833 4443 899 4498 alte-

99 4545 159 4583 rum
177 4529 279 4598 retudit,
296 4529 422 4601 sineque
438 4531 552 4585 alterum
565 4547 613 4586 nec
629 4533 761 4603 pervenit,
773 4536 900 4587 neutrum

100 4617 270 4673 invenditum
285 4618 459 4690 derelinquit.
478 4620 574 4674 Nullus
584 4636 651 4691 crgo
663 4629 733 4676 emat
743 4621 897 4688 ecclesiam,

102 4706 146 4761 vel
170 4706 357 4777 praebontlam,
386 4707 428 4763 rel
453 4708 556 4778 aliquid
585 4708 819 4777 aeclesiasticum,
851 4725 900 4766 uec

100 4794 258 4865 pastellum,
271 4812 321 4850 nec
335 4804 442 4864 pastum
458 4812 506 4867 pro
521 4797 676 4866 hujusmodi
693 4797 791 4853 solvat.

101 4918 167 4973 Car.
182 4919 239 4973 xt.
258 4919 333 4986 Quod
347 4920 500 4976 Simoniani
512 4923 623 4977 necllum
638 4923 842 4979 oracloritntcm
852 4923 900 4978 lto·

136 4992 221 5045 beant
233 5007 251 5044 u
266 4993 356 5045 veteri
367 4995 537 5046 testrrrnento
557 4993 694 5048 vendendi
719 4996 760 5049 uel
774 4995 898 5063 emendi,

137 5064 265 5132 quumvis
280 5061 387 5116 alicubi
407 5064 456 5119 boc
467 5065 552 5118 innui
566 5066 710 5120 videatur.

137 5166 192 5221 Sed
205 5166 329 5222 videntur
345 5168 490 5223 Simoniaci
509 5170 604 5225 saltem
629 5172 824 5241 aliquantulam
848 5188 900 5226 arr-

102 5255 253 5310 oteritatem
269 5256 379 5323 habere,
396 5258 471 5328 quasi
485 5259 510 5312 in
528 5259 619 5313 l'eteri
632 5260 803 5317 Testamento
818 5263 899 5316 etiam

108 5344 244 5399 asanotis
259 5343 324 5398 uiris
348 5346 399 5400 lroo
420 5355 577 5415 usurpatum
602 5347 689 5415 iuuerit,
705 5364 754 5418 pro
771 5366 805 5405 eo
828 5351 901 5421 quod

105 5432 173 5488 Saul
189 5432 224 5488 ud
239 5433 393 5489 Samuelem
411 5450 460 5505 pro
473 5435 601 5491 radoinio
624 5438 776 5508 expetendo
791 5440 903 5495 nonnisi

66 5568 73 5585 ,
105 5536 169 5579 cum
184 5536 297 5577 munere
311 5522 352 5578 ire
367 5525 577 5595 praesumpserit.
594 5524 672 5593 Quod
694 5526 790 5583 beatus
804 5528 902 5585 Hiero-

965 2126 1045 2183 nobis
1059 2125 1131 2180 riam
1146 2131 1277 2179 nostram.
1300 2125 1362 2179 Non
1387 2123 1458 2178 enim
1481 2123 1610 2192 scriptum
1627 2130 1676 2188 est,
1693 2122 1768 2195 quod

966 2215 1076 2272 Samuel
1090 2212 1235 2283 acceperit,
1251 2219 1296 2267 aut
1311 2212 1383 2283 qnod
1398 2211 1438 2267 illi
1461 2211 1617 2280 obtulerint,
1634 2213 1701 2284 quin
1715 2225 1768 2283 po·

966 2305 1018 2359 tius
1033 2311 1183 2375 pascuntur
1197 2317 1214 2356 a
1226 2301 1369 2372 propbeta.
1386 2300 1441 2355 Sed
1466 2301 1510 2372 qui
1534 2299 1595 2355 lacit
1610 2316 1672 2356 eum
1687 2315 1768 2357 acce·

967 2393 1062 2467 pisse?
1085 2391 1169 2462 stipes
1190 2390 1279 2462 magis
1305 2389 1476 2445 aestimaudae
1503 2397 1566 2444 sunt
1587 2389 1767 2455 tabernaculi,

967 2497 1047 2552 quam
1061 2494 1173 2536 munera
1188 2481 1339 2550 prophetae.
1349 2477 1436 2533 Sielus
1451 2476 1767 2546 euimbloboloshabet,

967 2580 994 2627 et
1009 2577 1103 2643 quarto
1123 2583 1188 2637 pars
1210 2566 1267 2622 sicli
1289 2567 1413 2639 quinque
1435 2573 1498 2620 sunt
1518 2566 1602 2623 oboli.
1628 2567 1660 2622 tn
1683 2567 1769 2623 nostri

966 2660 1050 2732 igitur
1065 2657 1228 2722 sacerdotes,
1244 2656 1265 2710 si
1280 2655 1375 2711 uolunt
1398 2653 1519 2711 uendere
1540 2655 1720 2726 prophetiam,
1743 2664 1770 2711 et

967 2746 1121 2803 columbam
1136 2744 1164 2798 iu
1179 2742 1319 2798 cathedris
1332 2743 1388 2798 suis
1412 2758 1574 2816 proponere,
1591 2759 1658 2815 quas
1673 2743 1769 2800 Domi-

967 2852 1018 2891 nus
1031 2833 1143 2908 flagello
1165 2832 1317 2899 subvertit3
1342 2831 1463 2904 quinque
1484 2839 1586 2887 tautum
1609 2831 1699 2888 obolis
1716 2832 1770 2889 sint

967 2925 994 2979 in
1011 2922 1139 2979 mercede
1154 2921 1283 2990 contenti,
1300 2920 1346 2990 qui
1360 2921 1462 2976 utinam
1484 2937 1539 2976 non
1557 2921 1677 2992 pretinm
1692 2920 1771 2977 villa·
1837 2928 1840 2933 '

968 3031 1039 3083 rum,
1055 3013 1101 3069 sed
1117 3013 1236 3086 quinque
1261 3011 1358 3068 obolos
1379 3012 1549 3083 acciperent.
1572 3013 1658 3067 »Hoc
1681 3012 1769 3084 ipsum

964 3110 1043 3159 sonat
1066 3102 1093 3156 iu
1118 3102 1276 3173 Regnorum
1297 3100 1369 3154 libro
1396 3099 1431 3155 de
1460 3116 1543 3155 uxore
1565 3101 1707 3156 leroboam
1733 3103 1769 3157 ad

963 3193 1041 3248 iliam
1070 3190 1209 3245 hominem
1238 3188 1288 3244 Dei
1315 3195 1458 3262 pergente,
1489 3188 1552 3245 licet
1578 3187 1714 3259 potuerint
1739 3189 1767 3245 bi

963 3278 1062 3353 quiad
1089 3276 1190 3332 ariolos
1211 3277 1249 3331 ire
1275 3283 1471 3332 consueverant
1497 3292 1547 3346 pro
1571 3276 1642 3332 mala
1671 3293 1767 3333 eorum

962 3365 1158 3425 consuetudine
1172 3364 1201 3418 id
1225 3364 1313 3436 ipsum
1342 3364 1490 3420 aestimasse
1511 3365 1545 3419 de
1571 3365 1721 3435 prophetis,
1739 3373 1766 3420 et

961 3455 1083 3513 uoluisse
1112 3453 1212 3509 sanctis
1236 3453 1301 3508 riris
1325 3451 1422 3509 offerre
1445 3453 1517 3526 quod
1541 3453 1640 3509 divinis
1664 3451 1762 3510 offerro

960 3549 1174 3602 consueverant.

978 3679 1044 3735 Car.
1055 3677 1128 3732 llbl.
1146 3676 1223 3745 Quod
1237 3691 1274 3732 ee
1290 3677 1372 3734 initio
1387 3677 1520 3734 Simonioe
1533 3679 1620 3735 bonus
1635 3680 1740 3752 uliquis

1137 3752 1251 3820 tructus
1265 3763 1322 3803 non
1336 3750 1410 3818 porri
1415 3753 1426 3804 t
1437 3751 1596 3821 provenire.

995 3872 1007 3897 ι
1026 3849 1080 3905 Sed
1091 3849 1187 3921 objicit
1197 3852 1296 3905 Petrus
1304 3850 1460 3920 Damianos,
1473 3852 1545 3924 quod
1554 3852 1605 3908 etsi
1616 3853 1715 3909 malum
1724 3854 1764 3910 sit
1850 3860 1854 3869 “

958 3938 1144 3994 ecclesiastice
1160 3955 1260 4004 emere,
1270 3946 1361 3995 tamen
1377 3954 1450 4010 saepa
1465 3939 1573 3996 sinistra
1584 3941 1716 4013 principia
1725 3943 1760 4000 ad

957 4026 1050 4082 lelicos
1060 4028 1224 4098 perveniunt
1237 4027 1335 4094 exitus,
1351 4037 1380 4083 ut
1391 4028 1475 4084 Jacob
1491 4046 1541 4100 per
1557 4031 1757 4102 supplantatio-

957 4131 1020 4171 nem
1035 4115 1197 4187 pervenitad
1205 4115 1422 4173 benedictionem
1433 4132 1440 4185 ;
1451 4124 1568 4190 utseges
1579 4136 1640 4190 quae
1649 4120 1757 4192 leprosa
1830 4172 1833 4181 .

956 4220 1037 4260 manu
1052 4203 1165 4269 seritur,
1188 4206 1289 4260 munda
1312 4213 1402 4260 tamen
1417 4206 1546 4270 metitur;
1564 4215 1591 4262 ut
1607 4208 1757 4266 adulterino

954 4293 1099 4348 concubitu
1110 4294 1222 4364 pulchra
1236 4293 1347 4349 soboles
1363 4293 1490 4360 nascitur,
1507 4302 1536 4349 et
1556 4295 1643 4350 multa
1658 4297 1756 4354 similia

914 4413 940 4475 D
955 4397 1017 4451 qnae
1031 4381 1065 4437 ad
1082 4383 1132 4438 boc
1146 4381 1265 4455 quidem,
1284 4389 1364 4453 prout
1375 4396 1453 4438 sacra
1465 4390 1580 4439 testatur
1590 4386 1754 4452 auctoritas,

955 4485 1009 4524 non
1025 4478 1209 4541 operantur.»
1235 4470 1309 4527 Unda
1330 4470 1386 4525 Leo
1410 4469 1443 4525 ad
1469 4472 1575 4527 btuuros
1599 4473 1753 4545 episcopos,

955 4573 1018 4628 cap.
1033 4560 1068 4614 lb
1084 4558 1175 4628 (epist.
1192 4562 1235 4627 st,
1251 4575 1280 4614 u.
1295 4559 1322 4629 l)
1335 4577 1367 4614 z«
1386 4559 1553 4630 Principatus
1568 4576 1648 4628 quem
1658 4570 1755 4619 autsc-

955 4646 1020 4701 ditio
1035 4648 1147 4701 extorsit
1161 4651 1208 4703 aut
1221 4648 1341 4703 ambitus
1354 4648 1507 4718 occuparit,
1519 4648 1754 4707 etiamsimoribus
1808 4648 1814 4657 ’

954 4745 1038 4807 atque
1052 4734 1157 4790 actibus
1171 4751 1225 4791 nou
1241 4735 1362 4800 offendit,
1380 4737 1465 4807 ipsius
1480 4745 1569 4793 tamen
1586 4738 1643 4794 uitii
1662 4739 1703 4794 sni
1714 4748 1755 4795 est

953 4822 1122 4894 perniciosus
1136 4824 1272 4895 exemplo,
1295 4834 1321 4880 et
1339 4824 1449 4881 ottfictta
1476 4833 1517 4881 est
1539 4834 1567 4880 ut
1590 4826 1662 4884 bono
1677 4845 1753 4900 ,pcr-

954 4917 1069 4982 agantur
1083 4911 1166 4977 exitu,
1182 4928 1245 4985 quta
1260 4914 1332 4969 malo
1354 4923 1417 4969 sunt
1438 4915 1564 4970 inchoata
1578 4915 1719 4987 principio.
1739 4941 1751 4966 u

955 5000 1021 5054 ltem
1046 4999 1194 5070 Gregorius
1221 5001 1388 5058 Antiocheno
1413 5004 1544 5074 episcopo
1571 5021 1577 5057 ε
1602 5027 1613 5053 α
1644 5005 1754 5062 Gratiae

955 5088 1063 5162 agiruus
1075 5090 1139 5144 lesu
1154 5088 1259 5145 Christo
1274 5090 1391 5146 Domino
1416 5099 1518 5159 nostro,
1540 5093 1586 5164 qui
1601 5094 1754 5163 pastoribus

954 5176 1006 5233 rite
1019 5176 1179 5232 intrantibus
1194 5177 1221 5231 in
1236 5179 1309 5234 orile
1333 5180 1425 5234 orium
1449 5196 1479 5235 se
1500 5180 1589 5251 ipsum
1611 5184 1755 5253 profitetur

956 5265 1065 5332 ostium,
1081 5266 1220 5323 ostiarium
1233 5283 1297 5323 roro
1312 5267 1442 5338 Spiritum
1454 5276 1588 5325 sanctum.
1601 5270 1653 5339 Qui
1665 5281 1755 5329 autem

956 5355 1037 5409 intrat
1053 5371 1102 5426 per
1116 5354 1228 5422 ostium,
1249 5360 1277 5411 et
1301 5371 1353 5411 non
1375 5356 1483 5412 aliunde
1504 5360 1636 5426 ascendit,
1658 5370 1687 5416 ut
1712 5364 1756 5419 sur

957 5447 985 5501 et
999 5442 1079 5512 latro,
1095 5443 1141 5500 illo
1161 5444 1299 5501 Creatoris
1315 5446 1357 5500 sui
1370 5446 1429 5501 uias
1444 5453 1471 5501 et
1485 5448 1611 5519 exemplo
1627 5454 1654 5505 et
1670 5453 1756 5509 verbo

957 5530 985 5589 in
1013 5549 1043 5589 sa
1072 5531 1209 5606 exprimit,
1236 5533 1398 5607 culmenque
1417 5534 1558 5608 regiminis
1581 5539 1695 5611 srrscipit
1721 5540 1757 5596 ad
