3728 6000
100 252 159 307 ιδ’]

573 246 576 265 “
605 247 790 303 GUlLlAELlll
810 244 956 303 neutris
975 246 1004 300 S.
1028 244 1244 303 tueooomffl

1703 250 1758 310 ⁴88

102 375 176 441 ldeo,
200 374 236 429 uit
256 375 372 445 Sponsa,
385 379 499 444 propter
539 373 651 426 ubemm
675 378 782 427 tuorum
805 371 898 427 suavi·
913 373 943 434 Α
958 379 1079 437 nantem,
1096 371 1158 426 vide
1183 373 1340 429 anxiantem
1355 374 1460 442 ;modo
1480 374 1528 439 illi,
1550 378 1631 433 modo
1657 379 1692 433 de
1710 379 1759 435 illo

97 466 192 531 tatem,
209 470 320 534 propter
334 461 450 516 nominis
462 469 488 515 ει
502 461 555 516 olei
569 462 608 515 tui
622 460 775 525 sanitatem,
792 475 901 517 mecum

96 553 175 606 etiam
193 575 204 599 ι
225 550 433 607 adolescentulae
454 551 608 605 dilexerunt
629 557 666 617 te,
696 573 707 597 ι
735 550 851 605 novellae
873 549 901 603 in

96 639 225 696 servitute
239 648 284 695 tua
299 639 492 710 plantationes,
503 637 619 693 uovellae
634 638 749 704 animae,
764 637 903 693 innovatae

104 729 199 800 spiritu
212 727 311 784 mentis
326 745 392 794 suae,
408 729 437 783 in
452 729 571 783 novitate
589 727 699 798 spiritus
722 726 902 792 ambulantes,

99 817 274 873 ascensiones
288 817 315 871 in
333 817 417 872 corde
431 832 479 872 suo
494 816 682 887 disponentes,
703 822 730 870 et
751 814 785 871 de
805 816 904 870 virtute

99 905 126 960 in
142 906 268 961 virtutem
284 915 388 969 euntes,
404 902 605 975 proficientesa
632 903 754 960 claritate
776 903 803 958 in
820 904 903 959 clari-

100 1002 183 1050 tatem
213 995 281 1050 sicut
310 1011 326 1049 a
361 993 470 1050 Domini
492 992 588 1065 spiritu
605 992 744 1060 ;dioentes
776 993 901 1063 singulae,

101 1107 112 1133 ι
129 1082 220 1138 Tralre
236 1100 279 1139 me
292 1090 354 1155 post
368 1092 410 1147 te;
425 1107 435 1132 ιι
453 1082 574 1138 diceutes
589 1082 724 1153 pariter«
743 1081 769 1136 iu
786 1081 902 1137 odorem

100 1181 301 1244 unguentorum
316 1180 423 1226 tuorum
452 1186 605 1227 curremus.
629 1170 731 1226 »Odor
749 1179 903 1241 unguento·

102 1278 161 1316 rom
183 1261 217 1315 ad
238 1259 408 1331 proficientes
428 1258 646 1314 adolescentulas
668 1266 708 1313 est
729 1259 852 1330 fragrans
876 1257 904 1312 in

103 1350 210 1420 Sponso
233 1349 359 1404 virtutum
380 1348 618 1418 opinio;tractus,
641 1347 780 1402 eharitatis
803 1362 904 1416 prom-

98 1438 183 1494 c‘ttio.
202 1439 298 1494 Unctio
314 1452 381 1491 vero
396 1437 450 1491 doc
460 1436 551 1490 ensde
561 1435 687 1491 omnibus
701 1435 837 1505 Sponsam
851 1451 905 1490 ma-

100 1533 158 1582 net.
179 1526 212 1581 Et
226 1527 295 1580 iuter
317 1526 392 1579 illurn
416 1525 538 1590 odorem,
563 1531 590 1578 et
610 1523 679 1577 inter
693 1522 772 1578 istam
796 1524 904 1579 unctio-

101 1629 173 1681 nem,
189 1629 291 1685 magna
304 1611 434 1667 distantia
445 1620 499 1666 est.
513 1611 630 1666 Exclusa
641 1619 730 1666 tamen
742 1626 759 1665 a
772 1611 902 1678 collariis,

956 458 1087 529 loquitur.
1111 460 1174 514 Non
1195 459 1293 516 suffieit
1314 461 1415 517 amenti
1436 477 1490 516 una
1507 463 1551 519 via
1575 465 1610 519 ad
1635 464 1662 521 id
1684 467 1758 538 quod

956 554 1029 601 amnt
1045 566 1051 601 :
1070 546 1141 602 unde
1163 549 1326 620 propensius
1340 548 1430 606 adbuc
1452 550 1480 605 in
1498 551 1758 625 contemplationem

954 635 1011 706 jam
1033 634 1157 690 absentis
1173 636 1323 709 suspirans,
1346 661 1357 686 ι
1375 638 1478 707 Raeti·
1495 639 1590 711 inquit,
1611 666 1622 688 ι
1640 641 1759 715 diligunt

957 731 993 780 tc.
1012 747 1023 772 ι
1042 722 1140 779 Omnia
1163 725 1296 782 animalia
1316 727 1474 782 naturaliter
1491 728 1520 782 ia
1538 738 1660 785 ventrem
1676 738 1703 786 ει
1730 731 1759 786 ἰιι

957 819 1059 867 terram
1074 819 1233 870 curvantur.
1252 813 1335 871 Solus
1359 817 1440 871 bomo
1455 817 1613 873 rectitudine
1635 820 1759 890 corporis

957 900 985 954 iu
1003 899 1104 956 coelum
1128 900 1251 974 erigitur,
1278 910 1447 959 monstrante
1466 903 1494 958 iu
1513 906 1565 961 boc
1585 914 1681 962 natura
1702 908 1757 962 ali-

957 988 1023 1061 quid
1034 1005 1095 1044 eum
1106 1005 1251 1046 commune
1259 990 1360 1046 habere
1370 1005 1433 1048 cum
1443 992 1610 1051 caelestibus.
1628 1018 1639 1042 ι
1655 996 1731 1051 Raeti
1742 1019 1753 1045 ι

956 1094 1033 1148 ergo,
1050 1079 1148 1150 inquit,
1167 1100 1178 1126 ι
1198 1078 1313 1151 diligunt
1329 1088 1364 1148 te,
1392 1104 1403 1128 ι
1421 1080 1450 1136 id
1471 1089 1511 1137 εει
1537 1082 1671 1150 homines,
1693 1085 1758 1154 quia

957 1166 1004 1237 qui
1026 1166 1205 1238 diligendote
1230 1171 1323 1223 rectus
1351 1177 1475 1237 nonest,
1503 1186 1557 1226 non
1584 1173 1677 1240 homo,
1706 1173 1756 1228 sed

956 1270 1040 1325 pecus
1061 1263 1110 1311 εει.
1137 1256 1279 1311 Pensauda
1302 1264 1365 1311 sunt
1387 1257 1437 1314 tria
1452 1258 1510 1314 baec
1524 1262 1552 1314 ει
1579 1261 1637 1315 suis
1659 1261 1758 1316 distin·

956 1343 1092 1399 ctionibus
1106 1344 1269 1416 digerendo,
1286 1345 1392 1416 prolata
1412 1346 1447 1401 de
1462 1346 1582 1403 cellariis
1597 1349 1689 1422 Regis,
1706 1364 1758 1406 nec

956 1430 1039 1503 digna
1054 1432 1147 1500 celari,
1174 1437 1305 1488 memoria
1325 1442 1498 1505 acceptorum
1522 1436 1667 1506 bonorum,
1693 1453 1757 1508 spos

958 1519 1117 1587 futurorum,
1145 1528 1172 1576 ει
1192 1537 1241 1591 pro
1262 1529 1376 1593 utroque
1397 1523 1425 1577 in
1449 1525 1598 1594 gratiarum
1619 1525 1758 1581 actionem

958 1609 1090 1664 rectitudo
1110 1609 1274 1665 dilectionis.
1302 1634 1314 1658 ι
1336 1610 1552 1679 Exsultabimus,
1577 1637 1588 1661 ι
1611 1613 1709 1684 inquit.
1730 1623 1759 1670 et

101 1710 127 1759 et
148 1703 255 1759 deserta
280 1717 295 1756 a
322 1700 440 1770 Sponso,
465 1701 522 1770 jam
551 1716 620 1771 pene
648 1717 710 1755 cum
734 1701 899 1757 adolesceu-
915 1721 942 1780 Β
959 1720 970 1746 ι
986 1698 1138 1753 letabimur
1152 1699 1179 1752 in
1202 1703 1250 1754 te:
1271 1700 1347 1756 ·boc
1370 1700 1404 1755 de
1425 1701 1514 1756 futuro
1533 1702 1588 1766 ;de
1615 1703 1758 1773 preterito

103 1791 167 1847 tulis
194 1791 270 1861 paris
296 1788 458 1844 conditionis
481 1796 530 1855 est,
560 1805 621 1844 cum
648 1805 702 1845 non
729 1788 784 1844 nisi
815 1790 899 1844 odore

106 1879 205 1950 Sponsi
238 1878 369 1949 pascitur.
399 1877 475 1933 Unde
509 1894 570 1932 cum
597 1877 653 1932 illis
677 1886 702 1931 ει
726 1879 786 1948 ipsa
812 1878 903 1933 dicere

105 1967 252 2035 videtum·
279 1967 307 2020 in
332 1966 444 2022 odorem
470 1973 670 2038 unquentorum
702 1975 806 2022 tuorum
836 1983 902 2021 cur·

100 2074 201 2114 remus.
227 2080 237 2103 n
260 2055 388 2111 Trahitur
409 2064 499 2110 atatem
521 2071 633 2111 currens
655 2071 716 2126 quoe
740 2062 903 2125 provocatur

101 2147 252 2209 volens3ct
279 2144 342 2198 dum
371 2145 395 2199 ei
423 2144 508 2214 gratia
530 2143 622 2198 odoris
648 2143 773 2198 virtutem
804 2142 904 2213 aspirat

101 2234 248 2302 unctionis,
272 2232 345 2287 nulle
380 2233 407 2286 in
426 2232 610 2302 spiritualium
630 2247 713 2286 eursu
735 2231 902 2302 profectuum

105 2338 180 2379 mora
196 2321 238 2377 vel
252 2319 399 2376 difficultas
414 2328 466 2374 est.
496 2319 725 2391 prosequiturque
754 2319 904 2391 lugientem

102 2409 277 2468 confessione
291 2417 318 2464 ει
331 2408 592 2465 commemoratione
611 2406 807 2464 beneficiorum
835 2423 902 2463 suo-

102 2515 171 2566 rum,
191 2498 313 2553 uberum
338 2496 441 2552 scilicet
467 2502 493 2552 et
516 2504 726 2568 unquentorum,
756 2495 848 2552 odoris
877 2504 903 2552 et

102 2587 155 2643 olei
171 2585 259 2651 ellusi,
283 2584 347 2656 quia
362 2584 494 2655 optimum
509 2593 537 2639 ει
563 2583 724 2640 rationabile
748 2593 791 2639 est
806 2585 903 2640 orandi

101 2690 197 2749 genus,
213 2682 374 2745 gratumque
392 2674 459 2742 Deo,
469 2681 496 2729 ει
517 2671 612 2728 efficax
626 2673 660 2727 ad
687 2673 835 2728 obtinenda
858 2673 871 2727 f
890 2702 903 2715 ·

102 2772 163 2818 tura
178 2761 321 2822 beneficia.
336 2778 390 2816 non
405 2761 513 2832 ingrata
528 2761 900 2832 recordatiopraeteritorum.

101 2851 245 2918 Deindeu
273 2852 361 2905 'Dabo
384 2866 430 2904 me
454 2857 517 2921 post
547 2858 582 2915 te,
611 2873 622 2897 ι
655 2850 691 2905 ait
715 2850 829 2920 Sponsa,
849 2851 901 2903 «in

102 2939 211 2996 odorem
228 2946 425 3010 unguentorum
440 2945 550 2993 tuorum
565 2955 714 2994 curremus.
735 2961 745 2985 ι
763 2938 831 2994 Vide
843 2939 900 3008 jttm

955 1802 1048 1853 ι·ει·ο,ι
1074 1803 1236 1855 memores»
1267 1787 1313 1853 ait,
1337 1809 1349 1837 ιι
1376 1789 1490 1844 uberum
1518 1797 1635 1845 tuorum.
1654 1816 1666 1840 ι
1688 1793 1759 1847 Ter·

956 1875 1020 1929 tium
1045 1883 1134 1930 εειει
1161 1876 1235 1931 ilecti
1258 1875 1374 1947 diligunt
1397 1886 1451 1932 ιε.»
1481 1879 1609 1934 Memoria
1634 1881 1778 1950 praeteri-¹

959 1972 1046 2019 torum
1061 1964 1236 2019 adhaeremus
1251 1964 1369 2020 Domino
1384 1966 1443 2020 Deo
1457 1974 1550 2022 nostro
1565 1982 1572 2035 ;
1589 1951 1650 2038 spes
1664 1967 1699 2023 de
1717 1968 1759 2024 iu·

957 2059 1018 2107 turo
1033 2053 1152 2107 continet
1167 2068 1225 2117 nos,
1242 2069 1275 2107 ne
1285 2054 1319 2106 ab
1335 2069 1368 2109 εο
1380 2056 1508 2110 recedere
1527 2055 1661 2123 velimus,·
1684 2064 1760 2113 recta

957 2140 1064 2196 dilectio
1095 2140 1245 2207 coufirmat,
1274 2158 1308 2196 ne
1323 2143 1467 2213 possimus.
1480 2144 1557 2213 Quod
1587 2153 1677 2200 autern
1706 2147 1760 2201 ab·

958 2237 1039 2284 eunte
1055 2230 1161 2301 Sponso
1177 2230 1336 2285 recordatur
1350 2230 1530 2296 cellariorum,
1542 2233 1670 2289 admouet
1688 2233 1762 2291 iiiios

957 2317 1056 2388 Sponsi
1071 2317 1208 2373 subtracta
1226 2319 1278 2373 sibi
1293 2319 1383 2390 gratia
1405 2319 1553 2390 spiritualis
1566 2322 1763 2378 consolationis

955 2405 1148 2478 refugiendum
1170 2423 1232 2461 esse
1254 2407 1291 2462 ad
1310 2409 1524 2464 consolationem
1544 2410 1757 2481 Scripturarum.

957 2495 1029 2550 Sicut
1044 2495 1116 2550 enirn
1133 2512 1193 2567 quae
1202 2496 1308 2567 Sponsa
1319 2501 1369 2562 est,
1384 2511 1446 2552 cum
1462 2506 1551 2553 mente
1566 2499 1676 2555 excedit
1686 2501 1757 2568 Deo,

956 2587 1120 2655 agnumque
1134 2600 1252 2653 sequens
1269 2599 1431 2657 quocunque
1446 2585 1514 2653 ierit,
1533 2594 1614 2642 totam
1629 2604 1659 2642 se
1673 2589 1758 2643 exhi-

956 2671 1002 2726 bet
1015 2673 1041 2727 in
1056 2671 1163 2728 ati'ectu.
1180 2674 1235 2738 Sic,
1252 2689 1313 2729 curu
1330 2674 1424 2729 sobria
1439 2673 1467 2728 lit
1482 2675 1543 2738 sibi,
1556 2683 1639 2731 totam
1655 2692 1685 2731 se
1700 2676 1757 2733 eol·

956 2760 1043 2832 ligere
1067 2761 1148 2816 debet
1170 2763 1197 2814 in
1226 2761 1376 2828 intellectu,
1402 2772 1428 2818 et
1456 2762 1604 2833 spiritualis
1632 2765 1760 2821 scientiae

956 2848 1043 2905 fructu
1071 2857 1191 2905 mentem
1211 2865 1320 2920 pascere
1336 2850 1459 2905 feriatam
1475 2869 1482 2915 ;
1498 2859 1525 2907 ει
1552 2852 1719 2908 redeundum
1734 2854 1760 2909 ei

956 2946 996 2993 est
1014 2938 1048 2993 ad
1069 2937 1227 2993 memoriam
1248 2938 1421 2994 cellariorum
1447 2946 1474 2994 et
1493 2940 1624 3007 uberum3
1645 2944 1696 2997 boc
1716 2950 1760 2998 est

100 3029 201 3084 lassam
217 3036 245 3084 ει
259 3027 428 3083 deficientem
450 3033 477 3082 et
499 3035 625 3097 egentem
642 3027 796 3088 trabi;nisi
826 3026 897 3096 quod
957 3025 1027 3082 sicut
1053 3025 1152 3081 dictum
1189 3034 1239 3093 est,
1266 3027 1458 3099 refugiendum
1483 3028 1518 3083 ad
1540 3029 1759 3085 consolationem

100 3118 346 3186 odorejus,quem
365 3117 496 3187 jamnon
514 3115 596 3180 videt,
621 3116 708 3171 adbuc
728 3131 788 3171 eam
819 3115 902 3170 trabit
919 3077 1162 3183 Gscripturarum,
1192 3115 1239 3169 ubi
1268 3115 1322 3170 duo
1350 3116 1520 3172 Testamenta
1553 3118 1608 3173 duo
1642 3119 1667 3173 ei
1696 3126 1759 3173 sunt

102 3215 129 3262 et
148 3221 256 3262 currere
278 3205 353 3260 iacit.
384 3204 462 3260 Unde
484 3211 512 3260 et
531 3203 607 3270 dicit,
632 3227 642 3251 ιι
667 3203 694 3258 in
714 3202 826 3259 odorem
855 3219 904 3258 un·
957 3203 1332 3275 Sponsiubera,exquibus
1360 3203 1759 3276 lucsugituromniumsaera·

103 3302 266 3368 quantorum
281 3300 389 3350 tuorum
404 3308 556 3348 curremus.
573 3315 585 3341 ι
601 3295 640 3347 dc
653 3291 676 3345 si
692 3293 780 3348 dicat:
795 3290 849 3346 Etsi
863 3292 904 3346 in·
956 3300 1121 3359 mentorum,
1140 3308 1191 3363 pro
1215 3292 1300 3348 salute
1326 3301 1420 3349 nostra
1448 3299 1549 3350 aeterna
1573 3295 1759 3366 temporaliter

99 3384 179 3441 terim
200 3400 254 3440 uon
275 3398 381 3439 mereor
400 3381 529 3454 gaudium
565 3382 655 3436 vultus
678 3381 725 3448 tui,
750 3380 794 3436 vel
817 3380 903 3436 osculi
955 3386 1107 3452 gestorum,
1125 3389 1156 3435 ut
1174 3380 1347 3451 perveniatur
1366 3382 1401 3436 ad
1418 3383 1519 3449 cibum,
1536 3383 1609 3452 quod
1625 3391 1667 3440 εει
1689 3400 1757 3440 rer·

99 3473 154 3531 oris
180 3473 227 3540 tui,
251 3472 347 3527 saltem
376 3471 487 3526 odorem
515 3470 581 3525 mihi
609 3487 642 3525 ne
667 3470 813 3525 subtrahas
847 3487 901 3524 un·
954 3470 1018 3525 bum
1035 3469 1094 3538 Dei,
1111 3471 1185 3525 Deus
1201 3470 1274 3540 apud
1289 3471 1385 3526 Deum.
1406 3471 1523 3527 Humilis
1538 3471 1609 3527 euim
1625 3471 1757 3530 cbristus

98 3568 260 3633 quentorum
281 3567 399 3615 tuorum.
428 3558 527 3629 Sponsi
551 3559 623 3613 enirn
652 3559 806 3630 prasentia,
830 3557 902 3614 bene
955 3553 1132 3614 lacnostrum
1151 3563 1193 3614 εει
1209 3558 1318 3628 ;qualis
1334 3560 1392 3615 Deo
1407 3561 1678 3617 Deuscibusnoster
1696 3570 1753 3617 εει.

101 3648 195 3705 affecta
209 3649 243 3703 de
258 3648 318 3718 ipso
340 3647 473 3703 memoria
498 3654 549 3714 est,
579 3655 605 3701 ει
634 3663 719 3718 mens,
745 3647 771 3701 in
798 3646 900 3702 lumine
952 3648 1007 3702 Lac
1039 3648 1130 3713 nutrit,
1159 3647 1235 3702 cibus
1263 3648 1359 3718 pascit.
1383 3648 1522 3720 Suguutur
1547 3658 1638 3705 autem
1667 3651 1755 3707 ubera

101 3738 189 3796 vultus
216 3736 275 3806 ejus
302 3735 464 3804 illuminata,
499 3743 524 3790 et
550 3736 640 3791 unctio
671 3735 788 3807 Spiritus
815 3735 900 3792 sancti
948 3737 1006 3790 baec
1021 3736 1048 3789 in
1072 3735 1286 3808 cellariis;quia
1302 3736 1491 3809 intelliguntur
1513 3737 1639 3808 mysteria
1653 3739 1704 3794 ista
1728 3739 1758 3794 iu

101 3827 203 3882 docens
230 3824 265 3879 de
290 3822 416 3878 omnibus
431 3823 516 3890 ;odor
543 3831 743 3894 unguentorum
771 3840 830 3879 cum
865 3840 898 3880 eo
947 3823 1105 3895 Scripturis.
1122 3824 1212 3878 Ubera
1237 3824 1427 3895 suxitsponsa,
1443 3841 1504 3880 cunr
1531 3826 1618 3896 primo
1643 3826 1757 3882 intelle-

18 3899 21 3903 ’
101 3912 267 3980 abeuntium,
283 3927 379 3966 seusus
397 3911 506 3980 quidam
528 3919 569 3965 est
589 3910 679 3966 adhuc
700 3911 838 3966 memoriae
853 3911 897 3966 in·
945 3912 1004 3979 xit;
1026 3910 1056 3966 fit
1078 3913 1401 3977 memorabemmcum
1416 3912 1753 3971 meditaturdeintellec·

99 4003 205 4058 haerens
228 4001 351 4055 abeuntis
376 3999 524 4063 suavitatis,
550 4007 577 4054 ει
600 3998 627 4052 in
648 3997 771 4068 reliquiis
789 3999 896 4071 cogita·
944 4000 989 4054 tis.
1008 4000 1058 4056 Ubi
1074 4015 1124 4054 sua
1151 4001 1264 4071 corpori
1288 4001 1444 4069 exsultatio,
1474 4018 1524 4056 sua
1548 4003 1630 4058 menti
1662 4003 1758 4058 laetitia

99 4091 181 4146 tionis
217 4089 314 4144 festiva
352 4086 486 4142 memoria
513 4087 548 4141 de
583 4086 769 4142 recordatione
799 4087 897 4142 habitae
945 4096 1134 4160 comparatur;
1150 4103 1213 4143 cum
1236 4089 1344 4159 corpori
1363 4089 1529 4160 incorruptio
1549 4089 1583 4145 de
1606 4091 1753 4162 incorrup-

98 4177 304 4236 consolationis.
323 4175 482 4230 inodorem
512 4191 589 4248 erqo,
620 4175 669 4243 ait,
696 4183 894 4249 unguentorum
945 4177 1030 4244 tione,
1046 4178 1132 4230 menti
1148 4192 1214 4231 raro
1231 4177 1298 4232 visio
1319 4176 1368 4233 Dei
1387 4177 1562 4248 promittitur,
1577 4185 1604 4233 et
1623 4178 1651 4232 in
1665 4179 1756 4235 dilec-

99 4277 208 4324 tuorum
240 4280 395 4330 curremus;
420 4281 474 4335 quo
496 4273 688 4336 perseverante
716 4272 742 4320 et
774 4265 896 4321 trahente
944 4265 1018 4320 tione
1039 4264 1088 4320 Dei
1109 4279 1159 4319 sua
1184 4265 1318 4321 rectitudo
1341 4266 1492 4321 ordinatur.
1520 4266 1574 4322 Sed
1598 4266 1666 4322 sicut
1693 4268 1753 4324 sole

98 4371 159 4431 nos,
175 4368 382 4426 perseveramus
403 4369 519 4421 currere,
535 4360 562 4408 et
583 4354 647 4424 ipso
665 4353 820 4423 deliciante,
844 4369 894 4409 nos
947 4353 1063 4409 abeunte
1081 4360 1190 4408 noctem
1207 4353 1338 4424 subsequi
1363 4368 1473 4410 necesse
1498 4362 1548 4419 est,
1567 4354 1606 4409 sic
1629 4353 1755 4411 abeunte

100 4445 180 4502 etiam
194 4442 308 4498 deiicere
324 4456 436 4497 necasse
451 4449 502 4496 est.

135 4534 246 4603 Propter
265 4530 335 4601 quod
351 4527 503 4603 subjungit,
528 4529 657 4586 beneficia
680 4538 793 4601 accepta
817 4546 894 4587 com-

100 4636 255 4680 memorans
264 4618 366 4676 etdicit
379 4637 385 4672 :
412 4640 424 4666 ιι
442 4619 593 4674 introduxit
607 4636 650 4673 me
665 4619 724 4674 lter
744 4619 772 4673 in
784 4620 895 4676 cellaria

98 4728 156 4768 sua.
175 4734 186 4759 ι
217 4708 304 4764 Primo
326 4707 442 4763 delectat
459 4707 561 4777 Regem
576 4707 747 4778 appellares
766 4723 819 4779 quo
833 4709 894 4780 regi

97 4800 243 4864 desiderat,
263 4797 332 4852 siem
350 4798 414 4853 dicit
427 4797 455 4850 in
478 4796 578 4867 Spiritu
599 4802 703 4864 sancto,
726 4818 736 4843 ι
761 4795 895 4851 Dominus

97 4889 177 4944 lesus
205 4889 230 4956 (l
255 4885 316 4943 Cor.
343 4886 389 4948 ru)
420 4907 430 4932 ι
461 4899 543 4957 quem
564 4884 667 4939 servire
695 4883 821 4952 delectat,
848 4884 895 4955 qui

97 4983 216 5032 mentem
239 4982 266 5030 et
288 4964 452 5030 voluntatem
476 4989 551 5027 suem
581 4987 649 5028 sono
664 4973 740 5029 vocis
760 4973 894 5029 enuntiat.

96 5074 201 5130 Deinde
220 5088 255 5129 ex
269 5073 321 5126 hoc
335 5071 397 5141 ipso
416 5086 493 5141 spem
513 5069 671 5140 concipiens
685 5070 844 5143 largiorem,
868 5080 895 5128 et

97 5187 131 5227 ex
144 5187 193 5242 spe
207 5169 264 5239 ipsa
279 5168 306 5222 iu
319 5182 440 5223 amorem
464 5166 589 5222 abeuntis
609 5168 780 5224 recalescens
803 5167 893 5236 maio·

94 5283 167 5335 rem,
181 5274 206 5320 et
221 5263 303 5337 quasi
320 5271 381 5334 post
395 5263 539 5318 abeuntem
559 5280 654 5319 rursus
668 5264 763 5320 oculos
777 5279 893 5322 conver-

97 5374 160 5420 tens
176 5383 182 5428 ;
200 5386 210 5410 ι
229 5362 433 5429 exsultabimus,
448 5385 459 5408 ι
472 5361 567 5433 inquit,
586 5385 597 5409 ιι
609 5371 636 5417 ει
647 5361 803 5417 letabimur
818 5361 844 5416 iu
855 5370 891 5431 te,

95 5477 243 5525 memores,
259 5460 371 5515 uberum
394 5467 513 5528 tuorum,
531 5482 542 5507 ι
560 5473 674 5529 qucmm
689 5458 761 5516 lacte
788 5461 894 5517 nutrita

97 5574 168 5627 sum,
184 5557 295 5615 delinita
308 5556 467 5630 unguentis,
482 5556 566 5613 odore
578 5555 738 5615 confortata.
759 5556 827 5614 Vide
841 5572 892 5617 co·

907 4430 980 4499 Dac
995 4456 1099 4497 moram
1117 4440 1232 4497 iaciente
1260 4441 1375 4511 Sponsa,
1400 4442 1497 4512 incipit
1523 4441 1627 4512 Sponsa
1655 4443 1752 4514 pristi-

950 4547 1016 4585 num
1043 4530 1169 4584 amittere
1192 4528 1330 4599 decorem,
1357 4537 1383 4585 et
1403 4528 1432 4583 in
1452 4544 1483 4585 se
1514 4531 1572 4601 ipsa
1600 4531 1751 4602 denigrari,

949 4618 1105 4692 privarique
1133 4619 1224 4690 gratia
1245 4634 1292 4672 sua
1315 4617 1406 4673 omnia
1433 4633 1518 4690 opere
1545 4620 1667 4689 ejuszut
1692 4621 1752 4691 jam

950 4723 1000 4764 nec
1013 4705 1144 4778 pristinus
1159 4708 1235 4762 color
1250 4706 1284 4761 sit
1297 4706 1324 4760 in
1339 4706 1432 4771 corde,
1451 4723 1502 4763 nec
1516 4708 1591 4764 color
1608 4707 1745 4779 inopere.

949 4796 1024 4852 Sicut
1038 4795 1112 4850 enim
1126 4793 1173 4851 lux
1188 4795 1239 4849 ista
1254 4794 1370 4850 exterior
1384 4795 1480 4866 regina
1501 4796 1625 4866 quaedam
1641 4805 1682 4852 est
1696 4812 1747 4853 co-

949 4885 1035 4939 lorum
1048 4881 1180 4947 omnium,
1197 4883 1257 4938 sine
1277 4898 1330 4952 qua
1343 4882 1410 4937 nihil
1426 4883 1542 4949 decoris,
1559 4885 1626 4939 nibil
1648 4885 1750 4940 babent

948 4972 1075 5038 virtutis3
1092 4973 1132 5027 sic
1150 4970 1240 5044 gratia
1262 4970 1417 5026 illuminans
1444 4970 1528 5027 virtus
1557 4982 1600 5028 est
1627 4975 1750 5029 omnium

947 5069 1088 5135 virtutum,
1111 5077 1137 5123 ει
1156 5069 1202 5123 lux
1220 5069 1352 5124 bonorum
1376 5085 1510 5139 operum;
1538 5070 1596 5126 sine
1624 5087 1678 5141 qua
1700 5088 1750 5129 nec

948 5167 1061 5223 virtutes
1078 5181 1141 5222 suos
1158 5163 1279 5233 etl'ectus,
1295 5182 1346 5221 nec
1360 5182 1444 5237 opera
1454 5166 1526 5223 bona
1540 5184 1605 5224 suos
1634 5175 1749 5239 possunt

946 5265 1048 5321 habere
1075 5272 1230 5336 proventus.
1264 5264 1313 5320 llel
1341 5264 1365 5319 si
1387 5273 1525 5338 utcunque
1552 5267 1680 5323 videntur
1702 5268 1748 5322 ba·

946 5364 1022 5431 bare,
1059 5380 1114 5419 non
1150 5362 1254 5435 vigent,
1287 5379 1341 5418 non
1377 5364 1523 5432 laetificant,
1563 5382 1618 5422 non
1645 5368 1748 5423 babent

947 5461 1036 5518 oleum
1051 5460 1160 5528 letitiae,
1172 5476 1226 5517 nou
1235 5452 1388 5616 unctionqn
1401 5464 1554 5532 docentem,
1564 5479 1620 5520 uon
1634 5472 1745 5536 gustum

944 5558 1044 5631 divine
1058 5558 1206 5627 suavitatis,
1218 5574 1273 5613 non
1285 5558 1354 5615 odor
1371 5575 1398 5614 m
1418 5561 1589 5630 aeternitatis,
1613 5576 1669 5617 non
1679 5558 1742 5619 effi·
