3728 6000
97 286 148 342 ’131
585 286 619 342 D.
639 283 769 342 acuent
789 281 1018 342 scflobasttffl
1035 282 1254 345 LEODlENSIS
1694 283 1749 342 ’132

97 410 179 466 ditur.
200 412 260 468 Non
273 413 383 468 exhibet
396 412 490 487 algeri
504 428 614 480 nomen,
630 410 679 468 sed
693 411 727 466 ab
742 409 838 466 eadem
851 423 935 469 mauu
948 426 982 468 ac
995 416 1125 468 tractatus
1138 412 1177 469 De
1188 412 1283 485 pratia
1297 415 1327 469 et
1342 411 1428 471 libero
1443 411 1560 469 arbitria
1575 409 1747 482 conscriptus

98 508 148 569 est,
164 501 271 571 adiecta
285 501 460 558 adnotatione
483 501 655 558 amanuensis
671 519 677 555 :
693 501 826 574 Sequitur
839 500 873 557 de
888 502 1028 572 sacrificio
1044 502 1155 568 miaaoe;
1170 516 1224 572 quo
1237 499 1267 557 tit
1280 510 1309 558 ut
1322 501 1426 557 nullum
1450 499 1562 557 dubium
1582 499 1617 556 de
1637 506 1750 557 auctore

98 589 183 645 nostri
199 595 328 646 tractatus
343 592 512 649 commoveri
527 593 612 664 possit
626 592 693 662 (12).

135 679 174 734 De
196 680 248 735 bac
271 680 421 736 doctissimi
444 681 570 737 'theineri
596 681 753 750 conjectura
776 694 861 750 peaes
881 673 1001 733 eruditos
1021 673 1154 744 judicium
1176 682 1249 731 esto.
1272 674 1304 730 ld
1327 681 1400 731 certe
1422 673 1502 730 uobis
1522 688 1685 745 persuasum
1708 689 1741 731 es

98 765 220 822 libellum
237 769 273 824 Dc
287 771 426 839 sacrificio
440 771 534 828 mirare
549 786 608 826 esse
625 768 817 841 dignissimum
834 765 880 837 qui
894 765 997 839 digero
1020 763 1184 829 ascribatur,
1209 778 1260 820 uec
1284 778 1301 819 a
1323 763 1400 818 libris
1423 763 1483 833 ejus
1507 762 1547 819 De
1571 761 1752 820 sacramenti⁸

97 857 219 926 corporis
234 865 259 912 et
276 859 417 931 sanguinis
430 860 540 916 Domini
554 859 681 930 deinceps
702 859 857 930 sejungatur
873 873 879 909 :
894 861 1058 927 quapropter
1079 850 1203 908 libellum
1226 852 1289 908 huic
1310 850 1443 909 volumini
1474 849 1657 920 adjiciendum
1690 867 1752 908 esse

98 945 327 1002 existimavimus.

132 1034 196 1090 llaec
211 1043 273 1091 sunt
289 1037 321 1092 D.
336 1035 428 1109 digeri
448 1050 532 1107 opera
545 1051 606 1105 quae
621 1032 798 1106 praeterlapsa
812 1037 878 1086 aelas
893 1027 972 1085 nobis
988 1041 1042 1082 non
1056 1025 1165 1089 invidit;
1189 1032 1288 1082 caetera
1309 1024 1407 1082 misera
1430 1028 1587 1098 perieruut;
1611 1043 1676 1084 nam
1692 1029 1747 1088 at.

97 1137 180 1195 gerris
194 1133 324 1194 praeterea
339 1124 447 1197 scripsit
462 1125 619 1181 Historiam
634 1122 765 1179 Ecclesiae
777 1119 944 1182 leodiensis,
958 1116 993 1172 de
1008 1132 1060 1188 qua
1075 1115 1204 1172 Nicotaus
1219 1133 1225 1170 :
1241 1137 1253 1167 ι
1268 1115 1413 1188 Antiquam
1434 1116 1594 1191 dignitatem
1610 1117 1750 1175 Leodieu·

10 1234 13 1239 ·
97 1211 136 1265 sis
153 1213 283 1270 Ecclesiae
300 1215 431 1270 relatione
444 1222 472 1270 et
486 1214 593 1284 scriptis
613 1211 747 1281 majorum
771 1209 841 1264 adeo
866 1207 1012 1280 diligenter
1035 1205 1128 1261 habuit
1150 1205 1306 1278 cognitam,
1331 1213 1360 1260 ut
1380 1221 1441 1261 eam
1463 1214 1545 1263 totam
1569 1207 1605 1263 ad
1629 1206 1750 1263 studium

98 1301 240 1358 memoriae
252 1303 392 1376 (algerus)
407 1304 538 1375 scriptam
555 1299 704 1372 posteritati
718 1297 864 1370 reliquerit.
881 1319 894 1346 ι

133 1389 275 1463 Epictetus
288 1394 419 1463 plurimas
433 1394 466 1448 ab
481 1408 514 1448 eo
528 1392 614 1448 editas
632 1390 719 1445 luisse
734 1395 808 1443 certo
822 1391 927 1442 constat
950 1400 984 1440 ex
1006 1382 1157 1439 testimonio
1180 1383 1304 1453 ejsudem
1322 1382 1437 1439 Nicolai.
1459 1407 1470 1431 a
1488 1384 1542 1441 Pro
1557 1383 1750 1442 ecclesiasticis

97 1478 227 1551 negotiis,
243 1481 289 1548 ait,
306 1482 341 1537 ad
356 1482 478 1538 diversas
491 1495 628 1552 personas
644 1486 670 1535 et
682 1477 825 1542 ecclesias,
840 1475 939 1530 multas
953 1472 1075 1545 insignes
1089 1472 1199 1545 scripsit
1213 1472 1354 1543 epistolas,
1370 1487 1430 1542 qua
1446 1488 1463 1529 a
1476 1473 1615 1546 plerisque
1637 1489 1748 1531 summo

97 1577 294 1624 conservantur
305 1578 331 1626 et
346 1572 474 1643 leguntur
489 1570 589 1625 studio.
609 1591 619 1618 a

130 1651 202 1707 Eum
216 1657 344 1713 carmine
361 1657 481 1712 calatissc
496 1659 524 1711 et
538 1671 630 1727 presa,
644 1655 739 1711 scribit
753 1655 934 1725 Tritheruius;
949 1656 1021 1713 uude
1035 1659 1063 1713 et
1075 1655 1194 1713 carmina
1209 1655 1333 1729 quaedam
1346 1652 1382 1709 ab
1397 1650 1517 1710 caedite
1539 1651 1622 1709 luisse
1646 1651 1747 1709 recisi-

95 1738 161 1796 mile
176 1749 229 1797 est.

132 1830 242 1899 Pagius,
259 1829 292 1884 ad
306 1845 407 1885 aunum
425 1831 502 1897 1131,
519 1847 546 1887 u.
563 1832 595 1886 13
611 1832 665 1901 113)
680 1838 766 1897 notat,
783 1829 818 1886 ab
833 1828 935 1903 algero
949 1830 1107 1901 conscripta
1122 1829 1207 1886 luisse
1232 1844 1266 1886 ea
1290 1828 1378 1887 Gesta
1399 1832 1494 1888 sancti
1515 1831 1656 1888 lamberti
1681 1846 1748 1903 que

96 1915 181 1972 edidit
194 1919 229 1973 D.
249 1918 450 1990 Cliapeauville,
467 1923 487 1974 t.
505 1921 516 1974 l
533 1921 677 1977 Gestorum
692 1921 798 1993 pontif.
818 1921 973 1991 lunarem.
990 1922 1109 1991 trajeci.
1134 1923 1163 1975 et
1183 1919 1398 1987 leodiensium
1419 1927 1447 1975 at
1469 1919 1572 1975 fallitur
1587 1919 1702 1992 Pagina.
1716 1920 1748 1976 ln

94 2004 253 2076 appendice
268 2007 345 2063 istius
360 2008 505 2064 voluminis
519 2009 636 2064 eduntur
650 2018 765 2080 quatuor
780 2017 904 2064 auctores
919 2009 1061 2079 praecipui,
1077 2009 1122 2081 qui
1137 2016 1216 2081 gesta
1230 2008 1259 2064 S.
1275 2009 1411 2065 Lamberti
1426 2009 1540 2064 seorsim
1557 2008 1746 2079 scripserunt;

95 2097 144 2150 sed
157 2097 330 2170 hisdigerus
346 2114 400 2154 uon
414 2108 623 2163 annumeratum
648 2115 698 2154 nec
722 2098 755 2153 de
779 2098 879 2167 scripto
904 2098 963 2166 ejns
987 2097 1051 2152 alibi
1073 2096 1102 2152 lit
1125 2097 1237 2153 mentio.
1258 2098 1378 2167 Conjicio
1394 2098 1577 2155 doctissimum
1592 2098 1706 2171 Papium
1731 2111 1749 2153 a

95 2193 188 2241 nostro
198 2186 298 2258 digero
314 2202 368 2242 iton
382 2186 540 2242 distinxisse
554 2187 728 2259 llarigerum,
747 2186 874 2240 abbatem
888 2185 1063 2253 bobiensem,
1083 2187 1128 2257 qui
1144 2186 1226 2242 Gesta
1240 2186 1398 2259 pontificum
1410 2187 1604 2243 Leodiensium
1619 2194 1747 2244 accurate

96 2269 247 2344 descripsit,
265 2277 366 2346 quique
381 2292 397 2329 a
412 2275 569 2331 doctissimo
584 2274 796 2347 Chappeauville
809 2275 912 2345 primus
925 2276 954 2330 in
968 2273 1077 2330 laudato
1094 2274 1232 2331 volumine
1248 2285 1413 2333 recensetur.

132 2360 249 2418 Librum
267 2364 300 2419 dc
315 2365 419 2436 spiritu
434 2369 462 2420 cl
475 2365 583 2432 areima,
600 2363 725 2436 quietim
740 2363 840 2437 algero
859 2364 1057 2434 ascribebatur,
1073 2363 1108 2418 ab
1123 2365 1238 2421 Alcbero
1262 2367 1396 2422 monacho
1421 2362 1617 2422 clarevallensi
1641 2363 1746 2421 editum

101 2446 185 2504 luisse
195 2452 252 2520 jam
268 2460 383 2507 constat.

135 2540 222 2610 Atque
237 2541 295 2597 liaec
309 2542 343 2597 de
358 2542 412 2596 vita
427 2549 452 2596 et
467 2541 575 2613 scriptis
590 2542 684 2615 algeri
700 2541 836 2599 monenda
856 2542 1002 2599 habebam.
1023 2543 1153 2613 Superest
1177 2549 1206 2597 ut
1228 2542 1263 2598 de
1286 2544 1399 2616 egregio
1414 2544 1471 2614 ejus
1485 2558 1578 2615 opere,
1594 2542 1638 2600 cui
1655 2541 1750 2599 titulus

100 2627 141 2684 De
158 2632 345 2686 sacraraenlis
360 2634 484 2703 corporis
498 2636 526 2687 et
541 2634 689 2703 scapularis
703 2632 854 2701 Dominici,
868 2631 957 2704 deque
976 2647 1047 2687 nova
1062 2633 1112 2687 bac
1126 2631 1204 2686 istius
1219 2633 1308 2703 operis
1321 2632 1440 2689 editione
1455 2633 1580 2705 quaedam
1592 2631 1735 2704 adjiciam.

132 2716 250 2790 algerus
264 2721 293 2773 in
308 2735 356 2775 suo
371 2719 485 2792 Prolcqo
500 2730 624 2776 recenset
638 2722 756 2777 haereses
772 2730 799 2778 et
812 2737 929 2788 errores,
946 2720 1045 2793 quibus
1059 2720 1181 2776 doctrina
1196 2719 1326 2777 catholica
1341 2722 1375 2777 de
1390 2721 1559 2778 sanctissimo
1574 2728 1749 2778 sacramento

99 2805 214 2862 subinde
228 2807 278 2863 luit
291 2810 488 2873 contaminata;
504 2825 535 2864 ac
551 2825 632 2881 porro
647 2810 681 2865 dc
694 2809 815 2866 bonitate
829 2809 979 2865 Salvatoris
1004 2810 1091 2879 deque
1105 2809 1153 2864 Dei
1173 2809 1370 2880 omnipotentia
1393 2810 1421 2866 iu
1444 2809 1606 2867 eucharistia
1625 2810 1750 2880 patefac-

98 2893 133 2949 tis
148 2896 259 2969 egregie
274 2896 394 2952 disserit.
421 2919 432 2948 a
450 2897 584 2966 Quamvis
597 2899 763 2969 mysterium,
779 2898 826 2967 ait,
842 2898 876 2951 sit
890 2898 1178 2968 incomprehensibile,
1195 2914 1249 2954 non
1264 2908 1305 2955 est
1319 2899 1495 2963 incredibile:
1511 2901 1584 2970 quia,
1601 2899 1653 2956 etsi
1667 2901 1752 2955 inca-

99 2998 180 3053 paces
197 3000 291 3039 sumus
306 2985 340 3041 ad
356 2985 571 3058 intelligendum,
584 2988 657 3042 Deus
672 2987 766 3057 utique
780 3003 833 3042 uon
849 2995 890 3041 cst
904 2985 1038 3058 impotens
1053 2987 1087 3042 ad
1102 2990 1289 3059 peragendum
1306 2988 1381 3062 (pag.
1398 2989 1438 3057 6).
1460 3014 1472 3038 i
1496 2987 1600 3044 Deinde
1614 2988 1748 3059 pulcher·

98 3070 168 3126 rima
187 3073 239 3129 bac
254 3073 334 3129 utitur
349 3076 571 3145 comparatione:
589 3076 619 3131 Si
635 3076 709 3133 risus
725 3075 827 3131 auditui
837 3077 995 3131 varietatem
1017 3075 1149 3143 colorum,
1167 3085 1213 3132 aut
1226 3077 1296 3132 visui
1310 3077 1418 3132 auditus
1437 3077 1595 3134 varietatem
1616 3091 1749 3133 sonorum

98 3159 268 3231 praedicares,
284 3162 396 3219 alterum
409 3163 485 3218 alteri
499 3165 610 3219 eredere
624 3172 760 3234 oporteret
774 3166 802 3218 in
818 3164 859 3219 his
873 3180 934 3235 quae
948 3162 1063 3217 minime
1077 3162 1204 3218 sentiret.
1228 3163 1250 3218 h
1266 3163 1335 3233 pari,
1350 3163 1476 3235 quamvis
1490 3176 1541 3218 nec
1560 3161 1685 3218 sensibus
1699 3176 1751 3218 nec

98 3247 235 3307 intellectu
251 3254 420 3322 praesentiam
435 3253 556 3324 corporis
575 3254 673 3309 Christi
688 3253 716 3307 in
731 3252 895 3309 eucharistia
918 3251 1122 3324 percipiamus,
1154 3267 1204 3307 nos
1229 3251 1344 3309 credere
1367 3257 1476 3322 oportet
1491 3253 1548 3307 Deo
1564 3265 1597 3307 ea
1609 3250 1753 3316 asserenti,

99 3354 160 3409 quaa
174 3357 302 3397 sensuum
320 3343 374 3396 vim
395 3352 421 3398 et
436 3343 586 3398 intellectus
601 3351 713 3415 captum
729 3350 867 3414 superant.

135 3425 165 3478 ln
180 3424 252 3480 libro
276 3426 362 3496 prima
382 3427 520 3481 veritatem
546 3427 699 3498 presentiae
722 3428 802 3481 realis
821 3435 847 3481 et
866 3425 1050 3484 substantialis
1070 3426 1191 3500 corporis
1216 3426 1318 3482 Christi
1340 3426 1368 3482 in
1392 3428 1563 3486 sanctissimo
1582 3435 1753 3485 sacramento

96 3512 259 3584 explicando
272 3515 369 3583 probat
384 3522 410 3570 et
422 3515 593 3571 discutiendo
608 3517 759 3572 contirmnt.
771 3516 960 3575 Universalem
975 3533 1008 3574 nc
1023 3525 1179 3589 perpetuam
1195 3516 1325 3572 Ecclesia
1340 3517 1480 3573 catholicae
1494 3518 1567 3573 circa
1580 3517 1633 3573 hoc
1645 3516 1750 3589 dogma

24 3668 27 3675 Ι
97 3601 268 3658 traditionem
283 3604 416 3672 ejusmodi
431 3621 490 3660 esse
505 3605 592 3674 docet,
608 3612 636 3660 ut
649 3604 672 3660 si
688 3604 756 3660 salsa
771 3604 814 3668 sit,
832 3604 893 3675 ipsa
907 3602 1056 3659 Christiana
1072 3600 1140 3655 tides
1153 3600 1259 3671 penitus
1273 3599 1425 3655 aboleatur.
1446 3624 1456 3648 ι
1475 3599 1659 3671 Cum,inquit,
1673 3616 1751 3670 prae·

97 3690 168 3745 teriti
183 3700 208 3745 et
221 3701 371 3762 presentes
387 3693 480 3749 tideles
495 3693 596 3764 ubique
611 3701 743 3748 terrarum
759 3694 811 3749 boc
830 3693 943 3750 credaut
957 3695 985 3747 et
999 3693 1049 3746 boc
1072 3695 1205 3755 astruant,
1231 3690 1255 3742 si
1274 3690 1332 3745 baec
1354 3688 1516 3745 universalis
1531 3689 1662 3745 Ecclesiae
1681 3687 1752 3746 fides

96 3793 164 3834 vera
177 3780 211 3833 ad
226 3781 341 3836 salutern
355 3797 410 3837 non
425 3783 536 3848 exstitit,
557 3790 603 3837 aul
619 3798 757 3854 uunquam
772 3783 905 3838 catholica
919 3779 1045 3836 Ecclesia
1057 3777 1124 3845 fuit,
1148 3785 1194 3832 aut
1218 3777 1309 3849 periit.
1321 3818 1343 3832 ..
1359 3777 1425 3832 Cum
1445 3792 1540 3834 omncs
1551 3785 1649 3850 gentes
1667 3777 1703 3833 ita
1719 3793 1751 3834 se

97 3867 211 3923 credere
230 3868 392 3940 glorientur,
409 3871 433 3925 si
448 3871 542 3927 salutis
559 3871 748 3928 benedictione
766 3879 868 3936 carent,
883 3869 1026 3940 utrobique
1048 3866 1146 3922 veritas
1161 3865 1212 3922 Dei
1240 3873 1266 3921 et
1289 3865 1316 3920 in
1333 3865 1475 3937 prophetia
1503 3874 1531 3922 at
1553 3866 1580 3921 in
1598 3867 1752 3938 Evangelio

96 3955 303 4028 periclitatur...
323 3959 478 4015 Auathemu
493 3976 570 4032 ergo,
585 3960 759 4016 amaranatha
774 3959 817 4025 sit,
834 3958 880 4030 qui
896 3955 1047 4014 auctoritati
1062 3955 1162 4012 divinae
1176 3954 1204 4009 iu
1219 3955 1274 4010 hoc
1290 3960 1462 4011 sacramento
1476 3953 1664 4011 contradicere
1676 3967 1750 4027 pre·

97 4045 254 4114 sumpserit,
270 4054 295 4101 et
310 4063 409 4116 corpus
423 4048 529 4114 Christi,
552 4064 650 4121 panem
664 4064 768 4116 verum,
785 4049 832 4122 qui
847 4049 882 4105 dc
896 4046 968 4104 coelo
984 4043 1127 4102 descendit
1150 4051 1177 4099 et
1201 4043 1247 4099 dat
1268 4043 1350 4099 vitam
1364 4043 1476 4111 mundo,
1491 4057 1556 4100 vera
1576 4051 1605 4100 ut
1625 4049 1677 4111 est,
1691 4060 1752 4101 esse

98 4147 152 4188 uon
172 4134 319 4192 crediderit
335 4135 396 4206 (lib.
412 4155 432 4201 1,
448 4153 473 4192 c.
490 4138 533 4205 ta,
549 4154 576 4208 p.
593 4139 668 4209 111).
687 4161 698 4187 a

131 4218 262 4275 Naturam
277 4219 402 4277 sacrificii
416 4237 493 4278 uovae
507 4221 577 4295 legis
591 4222 618 4277 in
633 4223 819 4282 immolatione
840 4222 966 4281 sacrificii
990 4223 1079 4282 crucis
1104 4223 1326 4296 representative
1346 4221 1494 4289 constituit,
1510 4228 1537 4278 et
1551 4227 1680 4278 accurate
1697 4235 1752 4276 cx-

97 4307 181 4379 plicat
198 4325 249 4380 quo
262 4309 342 4367 modo
357 4309 515 4383 quotidiana
534 4319 631 4369 nostra
645 4313 746 4370 oblatio
760 4314 856 4370 eadem
870 4315 904 4370 sit
917 4328 983 4371 cum
1003 4329 1034 4372 ea
1057 4329 1139 4386 quam
1162 4312 1287 4368 Christus
1308 4311 1440 4368 Dominus
1464 4310 1550 4368 semel
1571 4309 1600 4367 iu
1623 4308 1752 4368 (31111ήο

98 4406 191 4453 monte
201 4398 307 4470 peregit
322 4400 361 4471 (p.
378 4401 450 4469 113).

134 4486 161 4540 Α
174 4486 262 4558 capite
283 4505 316 4543 nx
332 4491 373 4560 (p.
394 4488 466 4560 llll),
483 4488 517 4545 de
531 4491 612 4546 modo
631 4491 755 4547 sumendi
769 4490 890 4563 corporis
907 4491 1007 4547 Christi
1021 4490 1140 4558 disserit,
1156 4497 1237 4563 atque
1251 4491 1295 4545 his
1310 4489 1409 4545 librum
1423 4489 1541 4560 primum
1555 4486 1685 4545 absolvit.

134 4575 165 4631 la
179 4576 248 4633 libro
263 4577 382 4633 secundo
395 4585 467 4633 totus
481 4586 522 4633 est
537 4578 565 4633 iu
578 4579 716 4636 solvendis
739 4580 943 4650 questionibus,
960 4596 1020 4651 quae
1035 4579 1069 4634 de
1089 4580 1220 4646 materia,
1237 4579 1334 4649 torma,
1347 4578 1534 4635 accidentibus
1557 4592 1589 4634 ac
1609 4574 1753 4633 effectibus

98 4664 260 4719 sanctissimi
275 4666 438 4720 sacramenti
454 4666 556 4722 moveri
571 4667 667 4736 solent,
683 4683 802 4739 quasque
818 4683 898 4723 nemo
913 4683 967 4724 non
982 4668 1099 4724 libenter
1114 4684 1176 4724 cum
1193 4668 1298 4741 Algero
1314 4665 1441 4740 agitabit.

135 4754 165 4806 lu
188 4752 257 4808 libro
279 4753 357 4808 tertio
378 4753 493 4827 algerus
514 4755 653 4826 praecipue
676 4754 818 4829 impugnat
837 4756 1026 4813 Waldeusium
1046 4766 1110 4814 tuuc
1132 4764 1348 4813 succrescentem
1372 4770 1493 4811 errorem
1511 4753 1545 4810 dc
1566 4754 1702 4826 probitate
1722 4762 1750 4811 et

99 4839 241 4896 strictitate
257 4839 382 4907 ministri,
396 4842 431 4896 ad
446 4842 565 4898 valorem
580 4852 815 4900 sacramentorum
827 4845 937 4902 omuino
950 4847 1096 4918 requisita.
1119 4847 1161 4901 Ea
1175 4845 1297 4901 doctriua
1313 4845 1341 4901 S.
1354 4843 1497 4917 augustini
1513 4851 1539 4900 et
1552 4842 1672 4900 aliorum
1693 4844 1750 4900 Pa-

99 4936 168 4984 trum
188 4927 246 4983 fuse
261 4929 428 4985 demonstrat
441 4931 532 4986 divina
546 4940 715 4988 sacramenta
730 4949 747 4989 a
761 4935 819 4991 Deo
833 4944 942 4991 auctore
956 4952 1035 4991 suam
1050 4935 1105 4991 rim
1118 4935 1252 5007 obtinere,
1274 4949 1328 4990 non
1343 4941 1435 4989 autem
1456 4950 1473 4988 a
1493 4931 1624 4988 ministris
1648 4931 1751 5003 quibus

98 5031 192 5073 eorum
208 5015 373 5088 dispensatio
392 5019 538 5075 commissa
552 5028 603 5088 est,
617 5037 704 5093 eaque
719 5021 801 5095 longe
815 5023 957 5080 homiuum
972 5024 1069 5080 merita
1082 5039 1228 5096 superare.

135 5106 166 5160 iu
187 5103 278 5161 libello
295 5104 340 5164 De
353 5108 493 5178 sacrificia
509 5109 607 5179 cisse,
623 5109 759 5168 orationes
774 5111 802 5166 in
816 5119 910 5169 sancto
931 5108 1064 5167 sacrificio
1083 5107 1195 5166 recitari
1214 5106 1307 5163 solitas
1331 5120 1363 5162 ac
1386 5118 1479 5162 sacros
1500 5103 1566 5162 ritus
1589 5102 1751 5178 singillatim

100 5189 228 5262 explicat.

139 5499 195 5567 (11)
215 5503 246 5553 Α.
264 5498 324 5562 ilai,
341 5500 443 5582 script.
459 5504 514 5559 aet.
531 5519 593 5561 riou.
609 5505 751 5564 collectio.
770 5511 789 5562 t.
805 5505 854 5571 tx,
871 5521 900 5576 p.
915 5505 978 5572 art,
994 5506 1096 5576 Roma,
1114 5507 1195 5563 last.

138 5569 194 5641 (13)
214 5569 297 5644 Apud
308 5571 465 5628 Duroniam.
484 5579 504 5629 t.
519 5573 617 5643 thlll,
633 5591 665 5648 p.
682 5577 745 5645 tac,
760 5576 808 5633 ed.
825 5576 894 5633 Luc.
914 5576 994 5635 atto.
