3728 6000
112 214 142 266 ii
466 213 513 271 htt
537 212 829 272 unstruhtttotttt
848 215 1005 275 sabatha
1025 218 1056 275 S.
1080 218 1231 277 tthhtth't
1246 220 1401 280 tonnae.
1580 296 1583 303 Ι
1711 228 1766 285 ·8ti

115 362 126 385 ·
144 336 177 391 Et
190 350 276 407 quare
290 346 404 410 propter
419 338 477 395 hrec
491 339 533 394 sie
548 354 596 395 vos
612 337 739 396 cruciatis
751 339 766 392 ‘l
780 368 815 378 -
829 337 910 408 Quia,
926 343 953 404 Α
967 342 1061 415 ptenni
1076 343 1109 397 ad
1125 343 1268 400 ecclesiam
1290 347 1317 403 S.
1334 345 1443 403 hlartini
1457 347 1557 420 pergit,
1573 356 1600 405 et
1624 352 1765 421 exspectat

114 425 205 497 inquit,
222 427 275 481 nisi
291 436 404 498 propter
417 436 444 483 te
456 428 630 494 dimitterem,
648 429 795 483 monachus
820 444 915 484 revera
970 431 1060 488 donec
1074 433 1158 488 missa
1173 443 1280 489 cantata
1295 435 1361 499 luit;
1378 453 1446 507 puer
1457 453 1520 493 vero
1530 454 1562 493 ea
1578 439 1723 511 ignorante
1735 457 1765 496 se

118 515 274 584 quantocius
285 515 389 572 fierem.
404 540 415 566 ι
433 517 556 573 Protinus
567 517 611 572 illa
621 517 807 589 subiungens:
826 518 916 573 «Pro-
969 519 1073 576 clericis
1088 521 1140 575 illis
1161 521 1310 591 conjunxit,
1329 533 1354 579 et
1370 540 1431 581 cum
1455 526 1494 581 eis
1517 527 1657 582 remansit.
1674 527 1764 583 Finita

116 615 173 672 pter
193 619 249 669 me,
270 605 366 674 inquit,
393 606 464 660 bene
488 621 573 677 agere
597 621 651 660 non
680 605 910 678 dimittatis,quia
968 608 1049 662 missa
1064 608 1348 665 mulierliliumsuum
1365 611 1764 686 internicinasrequirit3cre·

119 692 183 746 sicut
206 708 256 748 ros
275 694 310 748 de
325 694 419 749 anima
443 703 535 750 vestra
553 694 660 761 timetis,
683 694 722 750 sic
747 702 775 749 et
798 709 850 764 ego
879 694 913 748 tle
968 696 1036 750 dens
1050 712 1117 752 vero
1141 713 1280 754 eumcum
1296 700 1504 770 pnerisludere,
1520 702 1765 758 domnmreverti-

125 795 190 846 mea,
207 788 234 836 et
258 798 420 854 quacunque
441 783 484 838 die
513 782 644 838 saeculum
672 783 913 855 reliqtteritis,ego
968 792 1023 839 tur.
1051 787 1144 841 Parate
1159 787 1274 857 prandio
1295 805 1364 859 puer
1378 790 1528 859 quaritur:
1545 800 1631 847 mater
1642 792 1708 848 dicit
1722 809 1765 849 tte-

124 869 240 923 similiter
258 871 460 943 relinquam,et
481 871 507 926 itt
531 871 668 943 praesenti,
685 871 707 925 si
722 872 809 939 vultis,
827 872 914 929 licen·
967 888 1029 929 eum
1057 875 1156 930 abiisse
1183 875 1217 931 ad
1247 877 1274 932 S.
1291 878 1443 933 blertinnm.
1460 880 1556 935 Nullus
1577 880 1765 937 conversionis

125 957 183 1012 tiam
199 958 278 1015 robis
292 959 338 1028 do,
348 969 374 1016 et
385 969 511 1016 mecaste
522 961 653 1016 victuram
667 961 913 1031 promitto.»Tunc
967 964 1026 1030 eiua
1052 964 1233 1034 suspicionem
1261 966 1410 1035 habebat;
1441 967 1519 1024 linito
1546 970 1660 1039 prandio
1686 971 1765 1026 miles

124 1054 217 1110 miles:
243 1079 255 1104 n
275 1056 310 1110 Et
324 1057 399 1129 quid,
419 1058 515 1128 inquit,
534 1055 665 1114 iaciemus
685 1058 720 1113 de
744 1057 828 1112 tribus
852 1056 914 1112 liliis
968 1067 1067 1121 equum
1091 1054 1258 1120 conscendit,
1274 1054 1309 1109 ad
1331 1055 1441 1111 domum
1469 1058 1592 1130 germani
1616 1059 1658 1114 sui
1673 1060 1764 1115 Theo·

124 1145 238 1199 nostris?
252 1176 289 1186 -
303 1147 365 1201 Non
381 1147 408 1200 in
425 1163 508 1202 manu
523 1147 633 1216 diaboli,
650 1148 687 1202 ait
702 1146 810 1214 mulier,
826 1146 912 1202 reliu-
968 1140 1053 1196 derici
1069 1142 1190 1208 veniens,
1207 1149 1262 1196 tam
1283 1143 1321 1198 ibi
1335 1160 1416 1215 quam
1432 1150 1459 1201 et
1474 1146 1502 1200 itt
1522 1147 1627 1202 caeteris
1642 1147 1766 1204 domibus

124 1234 302 1303 qnamns,sed
319 1234 563 1306 potiusnobiscum
579 1237 691 1291 eosDeo
707 1242 911 1308 praesentemus,
966 1229 1181 1302 propinquorum
1202 1247 1315 1287 suorum
1340 1232 1424 1288 stlium
1454 1251 1531 1289 suum
1559 1237 1671 1307 quaerit;
1701 1236 1764 1293 nul-

123 1322 210 1377 ditites
232 1323 305 1377 enim
326 1340 431 1388 sumus,
456 1333 482 1378 et
506 1341 667 1397 quocunque
689 1324 854 1381 volucrimus
876 1324 912 1378 li·
968 1317 1026 1371 lum
1040 1319 1148 1391 signum
1164 1320 1198 1375 de
1214 1336 1247 1376 eo
1261 1321 1345 1376 audit.
1363 1323 1429 1378 lude
1442 1325 1477 1378 atl
1493 1324 1522 1378 S.
1539 1325 1681 1380 Martinam
1698 1341 1765 1396 per-

122 1414 207 1467 bcnler
223 1428 285 1468 cum
300 1412 339 1467 eis
355 1412 569 1484 suscipiemur.»
587 1414 761 1468 Exhilaratus
775 1429 858 1485 super
872 1413 913 1468 tiis
965 1405 1015 1477 git,
1023 1407 1150 1462 abbatem
1167 1409 1382 1479 Aquieinensem
1397 1411 1579 1468 Haimerioum
1592 1429 1654 1468 cum
1666 1413 1765 1471 abbate

122 1499 204 1555 verbis
225 1500 383 1556 hadulfus:
413 1503 476 1557 ·ht
496 1501 735 1576 antisquitate
763 1501 870 1557 videtur
883 1510 913 1556 ut
965 1494 1058 1551 udone
1081 1495 1193 1563 invenlt,
1210 1514 1380 1570 puerumque
1400 1516 1492 1555 coram
1514 1501 1555 1556 eis
1574 1501 1723 1573 sedentem,
1737 1510 1765 1559 et

122 1597 298 1660 competenter
320 1605 381 1645 cum
411 1590 450 1645 eis
470 1590 593 1645 habiturn
619 1590 762 1662 religionis
790 1589 911 1660 accipia-
965 1599 1013 1639 eos
1036 1585 1187 1642 audientem
1215 1589 1362 1659 conspicit.
1390 1590 1500 1645 Militem
1530 1589 1644 1646 abbates
1669 1607 1764 1649 eccum

120 1680 196 1732 mus?
212 1702 224 1726 ι
253 1679 327 1735 Tune
343 1679 472 1749 temporis
490 1679 621 1752 magister
636 1679 695 1734 0d0
710 1678 832 1735 scholam
848 1680 952 1765 T0s.B
967 1672 1064 1728 sedere
1079 1673 1192 1745 iaciunt,
1207 1675 1285 1732 etde
1300 1677 1435 1733 mandatis
1450 1679 1500 1734 Dei
1513 1678 1630 1735 libenter
1643 1680 1761 1736 audien-

122 1781 259 1822 aucensem
270 1767 396 1840 regebat,
404 1767 532 1839 nullaque
542 1767 731 1823 conversionis
740 1768 800 1838 ejus
811 1769 911 1823 mentio
967 1769 1022 1817 lem
1037 1761 1181 1817 instruunt.
1200 1765 1317 1836 Vespere
1341 1767 1541 1837 propinquante
1554 1767 1633 1824 miles
1646 1768 1766 1826 abeundi
1831 1764 1834 1769 '

122 1855 258 1911 exstiterat.
285 1854 471 1924 Quamobrem
496 1857 594 1911 mulier
618 1872 672 1927 qno
696 1855 842 1912 diverteret
859 1874 911 1912 ne·
966 1830 1103 1905 fidentiam
1119 1852 1154 1906 ab
1174 1852 1318 1909 abbatibus
1331 1855 1401 1924 petit
1415 1863 1442 1910 et
1456 1855 1573 1926 accipit;
1591 1856 1701 1928 filioque
1717 1873 1766 1914 suo

122 1943 201 2000 aciens
217 1962 224 1998 ε
243 1966 255 1990 ι
270 1945 311 1998 hd
325 1945 452 2000 Sanctum
467 1945 630 2012 Amandum,
645 1944 742 2016 inquit,
752 1944 819 2000 mihi
834 1945 911 2001 vide·
965 1946 995 1994 ut
1017 1954 1109 1995 secum
1136 1940 1246 1996 domum
1272 1942 1365 1998 redeat
1391 1943 1525 2016 praecipit.
1542 1945 1617 2000 Tunc
1644 1946 1766 2015 primum

123 2040 157 2086 tur
180 2032 252 2102 qnod
281 2040 467 2104 competenter
485 2033 524 2088 ire
551 2049 711 2105 possumus,
732 2033 860 2104 quoniam
885 2042 911 2089 et
964 2043 1034 2097 puer
1060 2029 1225 2084 volunlatem
1248 2045 1324 2085 suem
1345 2030 1489 2102 aperiens:
1516 2054 1527 2081 e
1542 2032 1607 2102 llos,
1624 2033 1719 2103 inquit,
1741 2033 1764 2089 si

122 2130 190 2191 pater
203 2137 282 2176 meus
298 2122 361 2176 iude
382 2122 431 2176 luit
452 2122 624 2193 praepositus,
641 2131 667 2177 et
690 2123 777 2177 irater
790 2138 867 2177 meus
885 2122 910 2178 ei
965 2115 1056 2183 vultis,
1074 2117 1186 2173 domum
1208 2118 1303 2185 redite,
1319 2127 1489 2191 matremque
1507 2136 1608 2187 meam,
1625 2129 1651 2176 et
1665 2122 1766 2179 iratres

122 2210 238 2264 successit
249 2225 256 2279 ;
267 2210 315 2265 sed
330 2217 419 2283 etego
433 2210 569 2266 indenata
583 2227 653 2277 snm,
666 2210 758 2280 ibique
774 2211 907 2266 nutrita.»
965 2220 1042 2260 meos
1065 2204 1188 2271 salutate,
1210 2215 1237 2261 et
1250 2215 1280 2262 nt
1294 2223 1342 2278 pro
1364 2223 1407 2263 me
1431 2217 1510 2263 orent
1532 2208 1572 2263 eis
1595 2208 1697 2278 dicite;
1712 2227 1765 2285 ego

121 2297 240 2353 Concedit
259 2298 400 2368 hadulfus,
417 2299 564 2372 statimque
585 2299 675 2369 legato
699 2299 813 2364 directo,
838 2316 910 2370 prm·
970 2293 1041 2349 enim
1058 2310 1196 2367 nunquam
1212 2296 1327 2367 amplius
1347 2295 1458 2351 domum
1473 2304 1594 2353 vestram
1613 2296 1762 2370 ingrediar,

123 2385 196 2440 latum
212 2386 344 2442 domnum
358 2388 511 2443 Waltentm
533 2388 697 2443 monachum
721 2388 834 2442 mandat
848 2404 909 2460 qum
964 2382 1013 2438 aed
1029 2383 1072 2438 ltic
1087 2398 1148 2438 cum
1164 2385 1329 2454 pauperihus
1343 2384 1399 2439 istis
1415 2385 1573 2454 remanebo,
1586 2402 1637 2442 nec
1646 2394 1763 2459 patrem,

123 2475 184 2531 dicta
205 2484 267 2531 sunt
281 2483 412 2542 enart·at;
438 2484 464 2532 et
479 2485 573 2532 sancto
587 2476 712 2532 Antantlo
732 2493 781 2547 per
800 2492 909 2531 manum
963 2478 1010 2527 attt
1024 2479 1136 2526 matrem
1162 2489 1205 2527 me
1220 2472 1324 2528 habere
1345 2487 1483 2545 cognosco
1507 2473 1561 2528 nisi
1581 2475 1666 2530 Deum
1682 2477 1758 2532 ets.

124 2564 170 2631 cius
184 2581 266 2619 unum
282 2565 469 2620 molendinum
482 2579 566 2636 prope
582 2566 909 2636 Tornacumsuperlllar-
964 2560 1119 2615 blattinum.
1140 2583 1149 2596 -
1167 2560 1243 2616 Tunc
1258 2569 1333 2631 pater
1347 2562 1493 2632 admirans,
1510 2569 1537 2618 et
1557 2579 1620 2618 eutn
1643 2563 1763 2621 ludendo

124 2653 156 2706 tis
176 2653 316 2709 fluviolum
341 2653 421 2707 situm
450 2654 543 2709 donat.
567 2654 633 2709 lude
658 2654 802 2725 conjugem
830 2670 907 2709 suam
963 2646 1277 2705 hoedicetecredens:
1305 2651 1417 2715 «Vetti,
1441 2649 1537 2721 inquit,
1560 2651 1690 2722 quoniam
1707 2667 1762 2709 nott
1820 2706 1827 2715 .

124 2741 248 2798 alt-orans
263 2761 295 2798 :e
313 2742 365 2810 Qui
381 2743 461 2807 hene,
477 2742 572 2812 inquit,
588 2743 647 2797 vult
661 2758 746 2814 agere
758 2757 810 2797 non
826 2742 908 2797 debet
962 2735 1077 2792 haberes
1092 2736 1136 2793 hic
1151 2737 1222 2807 quod
1243 2738 1294 2793 hac
1308 2744 1388 2794 nocte
1402 2740 1574 2806 comederes,
1590 2741 1636 2797 rel
1660 2741 1760 2798 lectum

125 2829 228 2895 differre,
245 2832 384 2903 quoniam,
400 2831 514 2886 callidus
528 2831 653 2886 diabolus
676 2846 785 2900 semper
805 2831 901 2901 quaerit
962 2824 989 2879 in
1006 2840 1058 2894 quo
1070 2826 1187 2895 jaceres.
1198 2849 1209 2875 a
1220 2827 1254 2880 Et
1268 2843 1352 2897 puer:
1367 2850 1378 2874 ι
1394 2828 1455 2882 Etsi
1469 2843 1523 2883 non
1534 2829 1645 2898 habent,
1660 2829 1759 2901 inquit,

126 2921 274 2986 occasiones,
297 2920 395 2992 quihus
425 2936 520 2977 servos
547 2919 598 2974 liei
626 2934 641 2973 a
668 2919 742 2973 bono
768 2920 908 2991 proposito
962 2912 1034 2984 quod
1051 2912 1224 2980 manducent,
1240 2930 1293 2986 ego
1309 2915 1405 2970 urbem
1419 2915 1552 2971 circuiens
1573 2916 1763 2989 eleemosynas
1826 2936 1831 2949 ·

126 3010 196 3076 possit
208 3008 355 3080 impedire.
376 3009 454 3065 Unde
477 3009 543 3064 mihi
559 3008 667 3064 videtur
680 3015 709 3062 ut
731 3008 848 3063 crastina
863 3009 907 3063 die
962 3002 1063 3071 petitas
1077 3001 1116 3055 eis
1132 3000 1252 3064 afferam.
1262 3010 1342 3058 nocie
1357 3019 1422 3059 vero
1437 3020 1520 3074 supet·
1534 3004 1635 3059 nudate
1650 3007 1762 3061 humum

128 3096 173 3151 sine
188 3097 317 3152 ditatione
341 3098 470 3152 saeculum
493 3097 686 3167 relinquamus.
710 3119 721 3143 a
743 3098 820 3152 'l'unc
834 3094 881 3151 illa
898 3114 904 3150 ε
962 3090 1111 3161 quiescam·
1133 3112 1143 3139 ¹²
1169 3091 1284 3147 Ridessle
1299 3100 1387 3163 patre,
1404 3099 1431 3147 ei
1445 3093 1505 3150 hee
1520 3093 1637 3163 puerilia
1650 3092 1762 3151 foredi·

131 3207 139 3232 ι
152 3186 207 3252 lloc,
217 3185 314 3257 inquit,
326 3186 446 3250 domine,
455 3201 508 3240 non
520 3193 572 3240 tum
584 3186 639 3242 cito
651 3193 738 3256 potest
750 3183 805 3241 lteri
815 3203 821 3248 ;
833 3184 907 3257 quid·
959 3186 1048 3244 cente,
1065 3195 1232 3249 puerumque
1248 3180 1383 3235 violenter
1406 3179 1538 3238 reducere
1558 3182 1676 3250 volente,
1692 3190 1759 3239 tatt-

129 3272 179 3326 dtm
190 3274 262 3327 enim
278 3274 378 3328 secreti
393 3273 508 3329 necdum
523 3273 652 3327 dixeram
675 3271 765 3334 tobis,
777 3272 906 3344 quoniam
959 3266 1021 3321 dem
1037 3268 1121 3322 abbas
1140 3268 1310 3323 llaimeticus
1334 3268 1376 3323 tir
1398 3269 1649 3339 prudentissimus:
1669 3293 1681 3320 n
1700 3273 1760 3327 tto-

128 3358 168 3426 jam
187 3378 293 3417 manses
310 3361 489 3416 duosuntex
505 3375 617 3430 quomo
641 3362 803 3431 concepisse
822 3359 904 3429 sensi,
959 3360 1042 3422 mine,
1072 3356 1169 3426 inquit,
1198 3356 1321 3422 lladulle,
1347 3356 1370 3411 si
1398 3357 1465 3411 mihi
1493 3358 1653 3427 credideris,
1669 3374 1759 3430 pttero

129 3451 239 3522 elatique
255 3449 417 3505 rationabile
440 3464 493 3503 non
510 3457 581 3504 esset
596 3458 624 3502 nt
639 3465 787 3520 praegnans
802 3449 835 3504 de
850 3466 905 3505 sae-
958 3446 1041 3500 modo
1070 3444 1171 3498 nullam
1198 3443 1354 3499 violentiam
1380 3444 1522 3515 inferetis;
1543 3445 1668 3502 dimittite
1696 3462 1760 3502 eunt

128 3536 175 3593 culo
187 3540 283 3594 exirem
302 3556 309 3592 t
326 3553 517 3609 praeparemus
532 3553 600 3609 ergo
615 3537 726 3592 interim
744 3538 836 3594 omnia
852 3554 905 3593 ne·
959 3533 1057 3601 nobis;
1075 3530 1240 3588 sufficienter
1258 3532 1334 3588 enim
1363 3550 1415 3588 una
1444 3542 1524 3590 nocte
1550 3534 1759 3605 providebimus

127 3627 235 3690 cesseria.
251 3637 394 3698 quatenus,
418 3636 562 3698 postquam
586 3641 729 3695 peperero,
753 3627 844 3681 statim
859 3643 904 3682 re·
959 3638 1020 3693 quae
1034 3622 1190 3677 necessaria
1203 3621 1228 3676 ei
1252 3620 1355 3676 luerint
1367 3636 1374 3677 τ
1388 3630 1415 3677 et
1429 3622 1453 3676 si
1465 3622 1574 3692 quidem
1590 3639 1624 3679 ett
1637 3625 1697 3681 Deo
1709 3625 1759 3681 ista

127 3716 263 3772 anthemus
279 3716 592 3771 mundol'erumtamen
608 3714 735 3784 quoniam
749 3714 808 3784 jam
824 3715 906 3771 licen·
959 3710 1085 3766 voluntas
1109 3711 1191 3777 venit,
1208 3710 1327 3766 crastino
1346 3711 1506 3783 apparebit;
1530 3713 1553 3767 si
1577 3729 1644 3770 tero
1658 3730 1691 3770 ex
1711 3714 1758 3770 itt·

125 3800 176 3857 titm
201 3803 261 3860 dedi
292 3804 379 3871 tobis,
409 3803 472 3858 licet
504 3803 594 3857 nullus
622 3811 684 3874 post
712 3803 799 3858 Deum
828 3804 905 3858 testis
959 3798 1052 3863 lautia,
1079 3815 1131 3854 non
1150 3799 1255 3871 cogatis
1275 3815 1351 3865 eum,
1378 3800 1443 3871 quia
1467 3808 1563 3872 sponte
1587 3801 1697 3857 domum
1711 3819 1758 3860 re·

124 3888 264 3959 interfuerit,
288 3892 401 3964 expedit
421 3892 514 3961 utique
538 3899 565 3946 ut
585 3891 642 3960 jam
666 3891 733 3946 ttihil
760 3891 902 3960 maritalis,
959 3895 1120 3943 vertetur.»
1146 3887 1193 3942 llis
1204 3888 1312 3954 auditis,
1326 3888 1405 3943 miles
1429 3889 1572 3960 acquievit,
1589 3890 1758 3960 domumque

124 3980 157 4034 rel
169 3980 317 4053 conjugalis
338 3980 429 4051 operis
452 3979 570 4034 invicem
593 3979 733 4047 iaciamus,
749 3980 801 4034 sed
815 3981 904 4036 conti·
958 3992 1095 4040 reversus,
1124 3976 1234 4049 conjugi
1262 3992 1318 4032 sttae
1346 3979 1404 4032 ltaec
1428 3977 1528 4032 retulit.
1556 3977 1681 4034 Protinus
1707 3979 1757 4035 illa

122 4079 205 4125 neuter
218 4070 349 4139 deinceps
360 4069 520 4124 vivamus.»
539 4069 603 4123 Post
616 4068 760 4134 baec,sicut
774 4068 826 4140 ipsi
837 4068 904 4123 mul.
958 4065 1075 4137 genibus
1089 4064 1178 4130 llexia,
1194 4081 1293 4120 thanus
1310 4073 1337 4121 et
1358 4066 1452 4121 oculos
1467 4067 1501 4122 ad
1526 4067 1623 4123 caelum
1639 4068 1732 4125 levans
1749 4087 1755 4124 ε

125 4157 191 4213 toties
204 4158 270 4212 milti
293 4156 453 4220 retulerunt,
480 4172 553 4213 anno
574 4157 682 4227 integro
703 4165 731 4211 et
750 4156 862 4213 dimidio
876 4159 903 4212 in
959 4177 971 4203 t
989 4152 1208 4223 thliflsaisstluih
1222 4169 1276 4225 ⁸8⁰
1291 4154 1358 4219 ⁰0⁰.
1370 4155 1433 4224 (luia
1446 4154 1657 4227 Ρΐίῐῐὶθεθῦῑῑῑὶῐΰ
1671 4155 1759 4213 filium

119 4243 163 4300 tite
184 4245 307 4303 seculari
340 4253 510 4309 manserunt,
532 4244 713 4300 iuunolecto
738 4244 844 4301 indivisi
855 4245 903 4315 jo·
958 4259 1049 4297 nteunt
1078 4242 1189 4298 servitio
1213 4258 1263 4297 suo
1292 4242 1465 4313 mancipavit.
1491 4243 1603 4300 l'idetnr
1623 4260 1704 4319 ergo,
1719 4246 1757 4302 mi

115 4344 227 4400 ruerunt,
242 4349 294 4390 nec
317 4343 406 4389 tamen
422 4332 526 4404 aliquid
545 4331 656 4388 carnale
677 4341 832 4403 gesserunt,
850 4350 903 4389 non
958 4330 1079 4400 domine,
1095 4331 1168 4400 quod
1193 4332 1265 4385 Deus
1279 4330 1335 4385 vult
1349 4331 1422 4402 qttoti
1436 4330 1608 4388 ecclesiolam
1631 4332 1705 4389 illam
1720 4349 1755 4390 ex

113 4436 156 4476 sua
176 4423 344 4488 tortitudine,
361 4422 411 4477 sed
434 4422 532 4477 Christi
546 4421 635 4491 gratia
647 4436 695 4476 cos
723 4426 896 4492 protegente.
915 4416 940 4476 D
956 4419 1083 4474 facultate
1104 4427 1197 4474 nostra
1212 4417 1398 4489 edificemus3
1415 4429 1441 4475 et
1455 4419 1508 4476 hoc
1527 4421 1636 4493 signum
1658 4422 1757 4478 divinae

114 4509 266 4567 limtautem
277 4510 581 4577 hlainsendisJ'uvenilis
595 4509 693 4567 etatis,
705 4509 742 4563 ita
752 4516 779 4563 ut
794 4511 902 4580 quando
956 4507 1103 4562 voluntatis
1114 4507 1285 4574 habebimus,
1302 4508 1325 4563 si
1339 4524 1406 4580 puer
1422 4509 1449 4563 in
1468 4509 1576 4578 incepto
1590 4525 1757 4581 persevera-

113 4599 239 4655 taeculum
264 4599 385 4670 reliquit,
410 4597 517 4654 nonnisi
545 4597 642 4669 viginti
673 4605 790 4667 quatuor
817 4614 904 4654 annos
957 4595 1034 4661 verit,
1051 4605 1113 4651 tunc
1127 4597 1192 4650 certi
1203 4596 1393 4652 simusverum
1406 4613 1466 4652 esse
1479 4596 1553 4667 quod
1568 4597 1680 4661 dixi;si
1691 4614 1756 4655 vero

108 4687 225 4744 baberet.
241 4688 367 4744 Nascitur
381 4702 447 4760 ergo
469 4686 510 4741 eis
526 4693 637 4758 quartus
660 4685 740 4751 lilius,
757 4694 784 4741 et
807 4686 835 4742 in
850 4687 902 4743 ba·
956 4684 1078 4751 redierit,
1090 4694 1153 4740 tunc
1168 4684 1239 4740 aliud
1256 4684 1313 4739 vult
1332 4686 1405 4740 Deus
1419 4685 1451 4740 de
1462 4685 1571 4740 nobism
1592 4688 1668 4741 blane
1682 4686 1755 4744 laeto

106 4787 202 4858 ptismo
216 4794 335 4842 vocatur
348 4784 492 4842 Redulius.
955 4797 1064 4836 rursum
1079 4781 1157 4837 miles
1166 4797 1267 4854 equum
1280 4781 1452 4848 conscendit,
1462 4782 1593 4838 Sanctmn
1608 4782 1755 4840 blartiuum

138 4884 244 4940 Eodem
263 4899 335 4940 anno
350 4884 484 4955 magister
508 4881 568 4938 Odo
592 4881 692 4938 secuto
710 4880 859 4948 renuntiat,
876 4888 903 4936 et
956 4880 1061 4950 repetit,
1078 4895 1191 4952 puetttm
1206 4881 1234 4934 in
1253 4894 1286 4934 eo
1310 4879 1383 4950 quod
1397 4886 1519 4950 coeperat
1532 4879 1754 4938 constantissime

104 4997 165 5037 cnm
190 4980 296 5038 clericis
315 4980 381 5047 suis,
404 4981 473 5036 sicut
495 4995 579 5050 supra
599 4979 782 5048 narravimus,
808 4979 900 5035 eccle·
955 4983 1172 5048 perseverantem
1196 4975 1307 5045 reperit.
1332 4974 1457 5030 Protinus
1471 4976 1669 5034 Theodericum
1687 4994 1756 5052 ger·

102 5079 168 5134 siam
190 5080 219 5137 S.
235 5078 343 5135 bonini
364 5078 456 5134 intrat.
479 5076 646 5133 hlainsendis
662 5091 710 5132 eos
736 5076 899 5147 frequentat,
955 5089 1064 5129 manunt
1079 5089 1168 5140 suum,
1184 5081 1352 5145 ceterosque
1366 5075 1610 5146 propinquossnos
1625 5077 1752 5144 secernit,

102 5177 238 5234 multoties
259 5177 299 5232 eis
316 5192 385 5232 suae
399 5175 582 5232 transmittens
606 5173 807 5247 eleemosynas,
822 5175 899 5231 nullo
955 5170 1039 5229 lilium
1061 5188 1141 5227 suum
1158 5179 1260 5242 utpote
1275 5186 1389 5243 puerum
1403 5177 1559 5243 septennem
1579 5173 1755 5247 necdumque

101 5274 294 5333 tamenadbuc
307 5274 380 5330 ietra
399 5274 494 5329 urbem
510 5271 615 5330 sciente
631 5287 693 5345 qum
715 5285 779 5327 oum
802 5271 900 5327 marito
954 5270 1084 5345 legitime
1111 5271 1198 5327 etatis
1220 5269 1386 5328 existentem
1403 5270 1505 5328 Sancto
1531 5270 1647 5329 llaniuo
1660 5287 1753 5331 eoram

100 5389 150 5431 mo
164 5388 250 5447 agere
262 5371 442 5446 dispomerat
455 5369 581 5441 Quadam
597 5384 666 5444 ergo
680 5367 822 5426 [lominica
835 5370 900 5425 mis·
954 5367 1032 5425 altari
1046 5366 1137 5436 offert,
1147 5373 1175 5425 et
1186 5383 1249 5424 cum
1260 5380 1293 5423 eo
1303 5373 1420 5440 quatuor
1430 5366 1587 5424 molendina
1596 5384 1661 5442 que
1670 5384 1753 5444 super

100 5485 160 5526 sam
182 5484 281 5526 eorum
302 5469 441 5538 auditura,
457 5475 483 5525 et
504 5469 709 5540 processionem
731 5465 824 5522 visura
838 5481 899 5524 oum
953 5466 1018 5524 llice
1043 5466 1183 5524 lluviolum
1210 5464 1338 5532 babebat,
1355 5465 1474 5523 confert.
1493 5466 1668 5525 Postmodum
1696 5469 1752 5527 lta·

98 5566 155 5625 lilio
182 5582 235 5624 sno
251 5565 420 5625 Theoderico
443 5565 560 5638 partulo
580 5565 680 5624 alarico
701 5563 759 5633 iam
775 5564 834 5621 lare
852 5579 899 5620 te·
954 5564 1045 5620 dolius
1069 5564 1131 5620 licet
1153 5564 1181 5620 iu
1208 5563 1308 5621 seculo
1327 5577 1440 5619 manens
1459 5571 1542 5621 totam
1563 5564 1636 5621 illius
1654 5566 1745 5624 ecele-
