3728 6000
96 253 149 310 827

583 259 616 313 D.
637 259 769 317 undant
787 259 1016 318 schhtasntct
1035 260 1243 320 annutansts

1696 263 1747 320 8⁴28

97 378 136 435 ris
152 380 224 436 sacri
239 382 366 452 portione
381 397 397 438 a
413 382 498 441 calice
522 384 591 441 sacri
613 385 718 441 cruoris
731 386 893 457 obstineant,
909 378 939 451 A
986 389 1114 443 hstrnunt
1129 389 1224 457 etiarn,
1237 389 1298 462 quia
1312 388 1382 446 sicut
1399 389 1433 446 ad
1448 388 1648 447 invocationem
1663 388 1747 445 divini

97 470 142 539 qui
159 471 252 540 procul
268 472 350 527 dubio
364 481 410 526 aut
434 472 540 546 integra
560 484 732 530 sacramenta
751 476 895 547 accipiant,

99 566 142 611 nat
158 558 191 611 nb
209 560 319 631 integris
343 572 492 625 arceantur.
518 563 583 633 qrriu
602 563 701 618 divisio
721 564 801 619 unius
819 565 895 634 ejus·

98 646 216 717 demque
233 650 362 718 austerii,
379 649 437 706 sine
458 652 557 723 grandi
576 653 723 725 sacrilegio
738 670 795 709 non
809 662 898 725 potest

99 739 242 805 provenire
259 739 329 809 (55).
351 763 362 788 a

410 839 522 895 CAPUT
538 841 586 895 tx.

102 934 157 989 Cur
171 950 271 1007 corpus
288 935 393 992 Christi
408 939 496 1007 nrnpis
511 943 690 996 coresccrctur
704 942 736 995 tn
747 956 896 1011 punccnn·

135 1023 294 1096 didopuoru
309 1027 399 1098 nigro,
425 1029 467 1082 oct
487 1031 679 1102 cujtrsrunqac
697 1030 809 1094 coloris,
830 1046 896 1086 ctrrn

136 1115 254 1183 sanguis
265 1120 445 1171 consecretur
460 1118 491 1172 tn
502 1118 693 1188 crrjrrscuuquc
703 1119 804 1175 coloris
820 1118 894 1175 uino.

135 1218 272 1288 Quaeritur
286 1229 376 1276 autern
393 1239 475 1292 quare
490 1224 517 1278 in
539 1224 655 1280 candido
669 1241 739 1296 pane
752 1241 895 1281 consecre-

101 1314 144 1362 tur
157 1309 246 1379 magis
261 1325 358 1379 eorpus
375 1312 482 1381 Christi,
499 1329 578 1382 (raram
600 1314 625 1367 in
641 1314 730 1384 nigro,
747 1314 788 1368 rel
804 1315 896 1382 carius·

99 1410 204 1468 cunque
228 1398 340 1467 coloris,
366 1416 426 1455 cum
451 1403 562 1473 sanguis
585 1411 759 1458 consecretur
783 1402 809 1456 in
833 1403 896 1459 rino

98 1483 160 1539 albo
176 1486 217 1539 rel
232 1487 323 1549 rubro,
342 1488 384 1543 rel
400 1488 587 1561 cujuscunque
608 1492 717 1547 coluris.

134 1575 207 1631 Pane
222 1577 331 1645 quidem
346 1578 531 1652 cujuscunque
543 1597 657 1636 annonae
667 1582 724 1635 sire
735 1581 895 1637 colorisnun

97 1664 257 1736 prohibetur
272 1666 328 1721 heri
343 1684 440 1739 corpus
456 1670 567 1738 Christi,
591 1671 614 1725 si
633 1673 781 1727 necessitas
796 1672 893 1740 luerit;

99 1753 149 1808 sed
164 1753 242 1810 decet
259 1773 351 1810 revera
367 1774 427 1812 eum
452 1759 671 1814 candidissimum

99 1841 242 1897 dissimum
259 1845 280 1898 si
297 1846 413 1900 incultas
430 1863 482 1902 non
496 1849 622 1914 desuerit,
639 1850 682 1919 qui
696 1850 835 1905 transferri
849 1851 896 1906 de·

99 1929 147 1986 bet
158 1931 185 1986 in
198 1932 447 2002 splendidissimum
464 1952 559 2007 corpus
571 1938 736 1993 immaculati
751 1939 830 2011 hgni.
851 1939 896 1993 Si-

99 2028 144 2074 cat
159 2022 228 2076 eninr
245 2039 338 2077 macor
353 2029 379 2078 ει
395 2033 514 2079 vetustas
529 2027 556 2079 in
573 2027 618 2080 tali
644 2036 814 2082 sacramento
828 2042 897 2097 pro-

100 2107 234 2173 bibentur,
258 2127 290 2166 ne
308 2112 429 2185 irrogent
452 2115 620 2168 sumentibus
643 2115 789 2183 fastidium,
806 2116 846 2171 sic
869 2115 896 2169 in

100 2213 132 2253 eu
148 2198 213 2254 nihil
228 2199 309 2255 debet
324 2218 395 2268 esse,
420 2202 493 2272 <guod
513 2203 636 2257 sumendi
659 2205 763 2258 minuat
787 2203 897 2259 deside·

100 2302 178 2341 num.

418 2374 533 2429 CAPUT
549 2375 584 2429 X.

140 2460 298 2532 Carmanis
314 2467 494 2517 consecretur
509 2479 610 2533 eorpus
627 2463 731 2519 Christi
741 2463 772 2518 in
786 2479 859 2532 panc

302 2549 398 2604 heymo
413 2550 497 2605 qutun
512 2537 695 2604 sermentato.

136 2620 202 2672 ltem
219 2621 444 2690 queritandum
468 2622 494 2675 iu
518 2637 612 2692 azymo
634 2637 704 2691 pane
723 2630 897 2678 consecretur

103 2721 166 2761 caro
178 2707 276 2761 Christi
288 2711 375 2777 magis
390 2725 473 2780 quam
490 2710 520 2763 in
545 2710 716 2775 tormentata,
733 2711 776 2764 rel
792 2711 895 2777 taecato,

107 2811 168 2851 curn
193 2797 305 2868 sanguis
328 2807 503 2852 consecretur
524 2802 549 2852 in
568 2799 632 2854 rino
651 2816 699 2854 sen
722 2799 851 2855 defaecato
870 2807 897 2854 et

103 2900 181 2956 puro,
199 2902 247 2940 seu
271 2902 332 2941 cum
357 2886 432 2955 lance,
453 2896 481 2941 ut
501 2896 590 2943 nrusto
614 2888 647 2944 de
668 2889 785 2944 racemis
808 2888 896 2943 statim

101 2977 252 3042 expresso‘?
268 2974 358 3043 Quare
372 2976 457 3047 igitur
472 2977 522 3032 laex
540 2977 583 3032 rel
605 2976 771 3033 termentum
788 2978 815 3032 in
826 2992 895 3048 panc

950 477 1077 540 nominis,
1092 494 1151 550 quae
1163 479 1189 532 in
1206 477 1279 532 nullo
1293 478 1605 534 sacramentoanautlan'
1615 476 1746 545 creditur,

950 564 998 620 sed
1015 565 1072 620 sola
1085 582 1132 636 per
1148 567 1196 624 Dei
1211 568 1326 638 gratiam
1336 567 1463 623 omuiain
1473 566 1598 623 omnibus
1608 575 1745 637 operatur,

950 671 1003 711 non
1018 657 1119 710 obsunt
1133 656 1176 711 vel
1189 663 1299 727 prosunt
1313 657 1486 713 sacerdotnm
1499 655 1604 717 merita,
1621 672 1676 727 quo
1691 668 1746 710 ma·

951 746 993 818 gis
1011 744 1053 800 rel
1068 746 1157 801 minus
1171 745 1237 800 bant
1251 745 1440 801 ecclesiastica
1456 752 1634 810 sacramenta,
1646 745 1687 800 sic
1696 759 1747 800 noc

951 835 1035 903 color,
1057 851 1110 890 nec
1124 835 1229 905 species
1245 834 1334 905 aliqua
1343 835 1420 906 panis
1430 842 1456 889 et
1470 835 1526 891 riui
1540 833 1619 889 obest
1632 833 1679 889 uel
1688 849 1744 904 pro·

950 925 1021 991 dest,
1036 940 1090 996 quo
1105 924 1193 979 minus
1208 922 1251 979 rel
1272 924 1362 995 magis
1384 939 1483 996 corpus
1497 923 1595 980 Christi
1609 921 1667 989 tint,
1683 922 1745 977 dum

950 1013 1136 1070 tantummodo
1151 1015 1186 1068 sit
1200 1014 1278 1084 panis
1293 1020 1320 1069 et
1335 1014 1437 1080 rinurn,
1454 1028 1569 1086 quorum
1583 1010 1742 1075 substantia,

949 1112 978 1159 ut
992 1103 1116 1160 Christus
1131 1103 1263 1174 praecipit,
1278 1103 1307 1157 in
1325 1103 1502 1159 substantiam
1525 1101 1648 1175 corporis
1668 1102 1744 1157 Chri-

949 1193 984 1248 sti
999 1201 1025 1248 ει
1039 1192 1180 1265 sauguinis
1195 1199 1323 1248 transeat.

986 1284 1084 1338 Dicunt
1100 1288 1191 1337 tamen
1211 1281 1298 1338 Graeoi
1322 1283 1432 1337 Latinos
1454 1281 1554 1350 injuste
1575 1295 1672 1352 azyma
1692 1279 1742 1335 iur-

950 1371 1063 1437 molare,
1078 1387 1140 1426 cum
1156 1385 1252 1442 azyma
1268 1370 1364 1426 veteris
1386 1369 1540 1425 testamenti
1563 1369 1608 1435 sit,
1624 1376 1651 1424 et
1667 1367 1742 1424 Chri·

949 1465 1008 1514 stus
1022 1460 1095 1515 omni
1106 1468 1239 1515 vetustate
1254 1459 1355 1526 ablata,
1371 1467 1463 1528 utpote
1484 1464 1619 1530 praesente
1634 1456 1742 1512 veritate

949 1550 1026 1604 saluti
1043 1550 1170 1604 bumaaae
1188 1547 1334 1619 supertlna,
1351 1563 1404 1602 noa
1421 1548 1448 1601 in
1462 1562 1567 1618 azymo,
1584 1545 1674 1601 sedin
1691 1542 1743 1601 ler-

949 1646 1069 1694 mentato
1084 1654 1184 1693 novum
1200 1644 1388 1692 testamentum
1404 1635 1559 1691 instituerit.
1575 1633 1743 1690 Contendunt

696 1776 755 1815 esse
773 1728 1100 1815 erman-13⁰⁰im‘lffil
1124 1742 1223 1782 novum
1245 1733 1432 1781 testamentum
1454 1740 1507 1780 non
1522 1724 1646 1794 perlecto
1667 1723 1743 1777 insti·

950 1819 1055 1885 unisset,
1072 1817 1125 1871 nisi
1141 1818 1254 1872 omnino
1276 1819 1353 1871 vetus
1372 1823 1424 1869 tam
1446 1814 1474 1867 in
1494 1813 1598 1884 az'yrnis
1621 1827 1705 1882 onaan
1719 1799 1743 1866 ir'r

950 1906 1055 1963 caeteris
1084 1906 1139 1961 suis
1167 1905 1261 1960 ritibus
1277 1904 1452 1959 destituisset.
1479 1903 1654 1959 Detestantur
1681 1916 1744 1974 ergo

950 1996 1105 2050 Latinorum
1121 1995 1265 2055 sacriticia,
1280 1994 1344 2064 quia
1362 1993 1389 2047 in
1405 1992 1445 2048 eis
1459 1992 1534 2063 ipsos
1544 1990 1687 2062 judaizans
1701 2005 1744 2046 rc·

949 2093 1051 2156 putant,
1068 2083 1232 2140 immolando
1250 2097 1355 2154 azyma.

986 2175 1084 2230 Dicunt
1107 2181 1216 2228 econtra
1240 2172 1326 2227 Latini
1354 2170 1489 2227 Christum
1510 2169 1537 2224 in
1560 2185 1656 2241 azymo
1677 2184 1744 2240 panc

950 2280 1049 2320 norum
1072 2267 1262 2318 testamentum
1281 2260 1438 2325 instituisse,
1455 2259 1593 2331 quiscum
1610 2275 1656 2314 xri
1682 2258 1744 2312 luna

950 2353 986 2409 ad
1001 2368 1144 2422 vesperum
1160 2358 1239 2406 retus
1254 2357 1442 2405 testamentum
1463 2347 1643 2418 compleverit
1656 2354 1681 2402 et
1694 2361 1744 2402 no·

951 2459 1014 2496 vum
1042 2439 1196 2507 instituerit,
1232 2440 1421 2493 tormentatum
1454 2437 1484 2492 ia
1513 2436 1617 2493 cunctis
1649 2434 1745 2490 finibus

952 2530 1035 2585 lsrael
1060 2529 1176 2584 inveniri
1200 2543 1253 2584 non
1275 2527 1365 2593 lieuit;
1386 2535 1554 2598 quapropter
1577 2525 1642 2595 quia
1668 2537 1746 2580 coena

951 2618 1008 2689 ipsa
1024 2619 1051 2673 in
1065 2634 1118 2691 qua
1134 2618 1185 2673 boc
1201 2616 1302 2671 lactum
1318 2623 1358 2671 est
1373 2630 1471 2688 panem
1485 2613 1671 2670 tantummodo
1682 2628 1746 2683 azy·

951 2723 1024 2761 mum
1040 2706 1199 2773 exhibebat,
1220 2720 1316 2775 azymo
1339 2719 1410 2774 pane
1428 2718 1531 2759 norum
1556 2709 1745 2759 testamentum

951 2796 1071 2851 instituit.
1089 2795 1198 2865 Quodsi
1214 2794 1334 2850 Christus
1347 2809 1401 2847 non
1421 2792 1585 2862 judaizando
1600 2791 1673 2853 iecit,
1688 2789 1745 2862 qais

950 2899 1000 2940 nos
1019 2901 1080 2940 earn
1095 2884 1224 2939 imitando
1242 2882 1380 2951 judaizare
1401 2881 1523 2936 dixerint
1539 2880 1592 2935 Sed
1607 2883 1745 2950 opponant

951 2973 1039 3029 Graeci
1056 2973 1189 3028 Cbristurn
1206 2970 1394 3026 fermentatum
1411 2986 1510 3040 partera
1525 2968 1687 3024 mirabiliter
1695 2964 1743 3022 sibl

99 3062 248 3132 refutatur,
265 3081 324 3119 cum
341 3065 486 3137 recipiatur
509 3066 535 3119 in
557 3065 621 3121 uiuo
640 3083 693 3138 qtro
709 3066 779 3122 idern
800 3082 896 3123 sacra·
911 3091 936 3155 C
951 3063 1113 3130 exhibuisse,
1129 3061 1199 3117 sicut
1219 3060 1253 3116 dc
1266 3060 1385 3132 quinque
1408 3059 1524 3131 panibus
1546 3056 1649 3131 legitur
1663 3055 1743 3111 naillis

100 3159 220 3206 mentum
236 3151 397 3208 coniicitur?

138 3242 170 3297 Ut
186 3256 254 3312 ergo
270 3259 352 3314 supra
367 3243 466 3299 dictum
483 3252 534 3312 est,
557 3243 634 3315 punis
657 3252 684 3299 et
708 3245 797 3299 vinum
813 3261 894 3299 unum

101 3340 300 3388 sacramentum
325 3340 378 3400 est;
403 3333 468 3404 qrria
498 3333 656 3404 inutraque
679 3350 747 3388 unus
771 3333 895 3388 Christus

102 3430 153 3493 est,
169 3431 259 3477 utrum
274 3438 340 3493 ergo
360 3438 391 3476 ει
418 3438 514 3494 azymo
538 3438 570 3476 aa
591 3438 625 3477 en
648 3422 809 3478 fermentata
827 3439 894 3490 pane

101 3526 201 3581 corpus
216 3511 312 3565 Christi
330 3509 427 3566 confici
442 3511 541 3566 alebant
562 3511 630 3566 iuter
652 3512 759 3566 Latinos
775 3520 800 3567 et
816 3512 895 3566 Grat-

101 3614 149 3657 cos
164 3615 263 3668 magna
278 3600 444 3655 concertatio
467 3609 517 3664 est,
543 3600 570 3654 in
596 3609 707 3667 tantum,
729 3609 756 3654 ut
777 3601 813 3654 illi
829 3600 895 3654 istos

102 3685 255 3755 Acpmr'tas,
271 3685 315 3737 isti
337 3684 397 3738 illos
421 3686 627 3740 tomentatios
650 3686 728 3756 quasi
752 3684 897 3752 cuiuslibet

100 3772 212 3827 haeresis
227 3779 318 3825 notent
334 3771 477 3832 vocabulo,
494 3789 554 3826 cunr
572 3781 672 3839 tamen,
694 3781 723 3827 ut
738 3773 827 3826 multis
842 3772 895 3828 bo·

102 3860 144 3914 nis
159 3857 299 3914 catholicis
313 3859 428 3922 ridetur,
444 3875 497 3913 non
513 3860 545 3913 sit
561 3870 655 3916 contra
669 3859 749 3916 iidem
764 3861 896 3916 Christia-

10 3988 24 4007 .
103 3965 165 4003 nura
182 3965 228 4001 seu
245 3964 365 4016 azymum
383 3965 429 4002 seu
446 3948 633 4003 fermentatum
648 3949 815 4005 sacrificetur
828 3953 894 4018 (56),

104 4044 158 4090 turn
174 4035 236 4104 quia
263 4040 408 4106 utrumque
432 4036 511 4103 pranis
535 4046 585 4097 cst,
611 4045 638 4091 et
661 4037 729 4091 sicut
751 4043 895 4107 utrumque

101 4124 185 4179 nilum
202 4122 392 4186 transitoriam,
410 4123 447 4177 sie
461 4139 561 4192 corpus
576 4126 673 4179 Christi
696 4125 741 4180 dat
756 4133 894 4188 aeternam,

12 4244 15 4251 ·
102 4222 155 4268 tum
172 4213 234 4282 quia
255 4211 336 4266 etiarn
361 4212 484 4282 qrrarnris
506 4213 626 4268 Christus
645 4214 679 4268 de
703 4229 797 4285 azymo
825 4230 895 4286 pane

951 3152 1088 3206 hominnm
1104 3150 1222 3221 pavisse.

985 3242 1102 3296 Econtra
1116 3240 1203 3295 Latini
1222 3258 1228 3294 :
1246 3238 1318 3308 Quia
1332 3240 1384 3295 boc
1398 3236 1558 3294 miraculum
1569 3251 1635 3291 eum
1651 3234 1745 3290 tectae

949 3346 1004 3385 non
1020 3329 1129 3402 legitur,
1146 3329 1207 3384 lieet
1223 3329 1347 3397 potuerit,
1371 3327 1442 3398 quod
1462 3334 1552 3382 tamen
1567 3323 1660 3380 lecerit
1674 3322 1745 3378 nulla

950 3420 1110 3475 auctoritate
1139 3417 1283 3486 lirmatur;
1312 3415 1461 3486 prasertim
1488 3415 1533 3485 qui
1570 3421 1684 3470 eotenus
1713 3411 1746 3465 ita

951 3509 1040 3579 legem
1056 3514 1220 3570 servaverat,
1236 3515 1265 3560 ut
1278 3521 1314 3560 ex
1335 3522 1368 3560 ea
1386 3521 1437 3560 nec
1455 3504 1511 3560 iota
1529 3519 1611 3558 anum
1637 3502 1745 3557 solvere

951 3598 1079 3653 noluerit.
1099 3596 1169 3665 Quia
1195 3595 1266 3650 enirn
1291 3600 1370 3649 natus
1392 3611 1424 3649 ex
1442 3593 1564 3659 muliere,
1584 3592 1673 3647 taetus
1696 3589 1745 3646 sub

950 3686 1022 3759 lege,
1038 3685 1146 3741 debitor·
1160 3685 1229 3756 legis
1239 3683 1375 3748 extiterat:
1392 3684 1416 3737 si
1427 3681 1638 3753 eotenuslegcm
1648 3679 1745 3736 solvis·

950 3784 1000 3838 set,
1020 3775 1108 3845 legem
1126 3773 1347 3844 transgrediendo
1362 3779 1489 3842 peccator
1510 3769 1595 3834 lieret,
1610 3784 1745 3840 causaque

950 3872 1052 3918 nostrae
1066 3862 1159 3917 saltatis
1174 3861 1285 3931 periret.
1297 3861 1354 3915 Nisi
1370 3860 1442 3915 enirn
1456 3858 1568 3914 omnino
1581 3858 1745 3914 innocensct

950 3951 1066 4006 mundus
1082 3967 1131 4021 pro
1145 3950 1223 4005 nobis
1239 3949 1386 4004 immundis
1400 3947 1544 4018 etinjustis
1558 3947 1743 4005 occumberet.

950 4056 1004 4095 noa
1019 4040 1122 4102 alienae,
1132 4039 1178 4093 sed
1194 4055 1249 4093 sure
1264 4039 1351 4109 culpan
1366 4038 1488 4093 debiturn
1504 4036 1647 4091 moriendo
1659 4036 1745 4091 solve·

950 4137 1001 4195 ret,
1014 4137 1039 4184 et
1053 4129 1093 4185 sic
1107 4128 1173 4184 hta
1193 4136 1305 4198 peccato
1328 4142 1382 4182 non
1397 4127 1498 4192 deleto,
1521 4140 1638 4196 reguum
1655 4123 1747 4180 mortis

949 4228 1056 4273 aeternae
1069 4233 1123 4271 noa
1140 4220 1269 4271 cessaret.
1283 4216 1349 4271 Curn
1364 4218 1435 4270 eninr
1449 4214 1483 4270 de
1498 4214 1674 4270 observantia
1683 4230 1745 4285 azy·

101 4318 201 4374 corpus
217 4318 292 4355 staura
309 4302 403 4355 lecerit
416 4300 535 4369 (forsitan
555 4318 610 4356 noa
635 4302 698 4372 quia
719 4320 761 4357 res
774 4320 835 4373 utrm
850 4303 896 4359 tie·
949 4322 1055 4361 morum
1071 4307 1112 4361 lex
1128 4304 1200 4361 dicat
1219 4320 1225 4359 :
1245 4305 1408 4378 Quicunque
1425 4307 1634 4375 scrtncntotum
1652 4318 1746 4359 comc-

100 4391 146 4447 bat
163 4393 214 4446 lroc
228 4389 365 4462 exigebat,
383 4391 431 4445 sed
451 4389 514 4460 qaria
529 4405 605 4445 rtoena
619 4391 647 4445 in
661 4408 715 4462 qua
729 4392 780 4446 boc
794 4392 894 4446 facturn
950 4397 1036 4462 derit,
1049 4396 1151 4462 peribit
1166 4396 1264 4449 animo
1279 4393 1332 4449 itta
1346 4394 1379 4449 dc
1405 4393 1494 4449 lsrael
1508 4391 1609 4462 tunna.
1624 4404 1675 4458 xtr,
1693 4393 1745 4462 ts),

101 4490 151 4546 cst,
169 4497 265 4552 panem
281 4480 365 4533 aliurn
381 4495 434 4533 nou
450 4479 615 4548 extribebat),
629 4496 726 4550 panem
738 4485 828 4535 tamen
843 4481 895 4536 ier·
948 4486 1047 4554 iustam
1062 4483 1205 4539 occisionis
1217 4499 1273 4538 suae
1289 4497 1398 4538 cansam
1417 4482 1506 4537 Judaei
1525 4481 1705 4546 invenissent,
1722 4480 1746 4534 si

101 4578 248 4628 mentatum
272 4584 324 4624 nnn
345 4568 490 4638 probibuit.
516 4568 647 4636 Quanrris
670 4569 742 4623 enim
764 4571 790 4624 in
811 4571 895 4625 reteri
949 4589 1010 4628 eum
1039 4581 1067 4627 ιιι
1093 4572 1162 4644 logis
1190 4580 1420 4643 transgressorem
1443 4570 1582 4641 punirent.
1598 4568 1651 4638 Qui
1672 4569 1746 4625 enirn

103 4663 163 4733 lege
180 4664 345 4731 praeceptum
359 4661 391 4710 sit
413 4673 536 4729 azymum
558 4675 655 4728 partem
676 4658 702 4712 ia
726 4659 825 4730 pascha
845 4674 894 4714 co·
950 4662 1081 4717 adrersus
1096 4677 1157 4717 curn
1173 4669 1229 4715 tarn
1246 4661 1365 4715 studiose
1380 4668 1417 4715 tot
1441 4659 1526 4714 falsos
1548 4667 1630 4714 testes
1643 4658 1745 4713 subor-

102 4749 184 4813 medi,
201 4756 289 4817 utper
303 4760 367 4801 eum·
389 4746 552 4817 figuraretur
578 4747 701 4801 Christus
726 4748 849 4802 sincerus
869 4756 895 4802 et

99 4838 216 4894 mundus
242 4838 311 4901 loro,
335 4842 361 4889 et
380 4850 430 4888 nos
448 4835 527 4889 etiarn
552 4836 596 4906 qni
619 4837 803 4891 manducaturi
832 4853 896 4891 era—

100 4946 160 4984 mus
179 4944 276 4997 corpus
295 4926 361 4991 ejus,
383 4924 506 4978 similiter
527 4941 700 4979 moneremur
728 4924 839 4996 purgari
861 4926 894 4979 ab

100 5017 173 5074 omni
204 5017 333 5069 termento
351 5013 460 5068 nratlitirn
478 5021 503 5067 at
524 5013 673 5082 nequitire3
700 5011 784 5083 ligura
806 5021 895 5069 tannen

53 5086 57 5095 ’
100 5108 144 5163 tali
167 5107 192 5160 in
216 5121 285 5177 pane
312 5102 359 5156 illo
379 5119 433 5157 non
458 5102 622 5174 indigemus,
644 5103 678 5156 de
703 5118 756 5173 quo
784 5119 894 5158 earnem

100 5195 198 5249 Christi
223 5192 393 5253 coulirirrrrrs,
414 5192 478 5262 traria
503 5191 547 5259 qrri
575 5191 608 5244 de
639 5192 728 5262 ligura
754 5193 838 5246 veteri
861 5191 896 5246 ud

100 5286 243 5338 rcrittatem
262 5281 446 5346 transivimus,
469 5296 594 5350 azymam
618 5288 645 5333 el
668 5296 764 5349 puram
786 5296 894 5335 carnem

102 5372 199 5427 Cbristi
216 5371 242 5423 in
254 5384 414 5441 quocunque
429 5384 499 5440 pane
514 5377 674 5425 consecrato
688 5368 832 5425 sumimus.

136 5502 196 5630 (ἷὲιέ
212 5501 289 5574 alpad
309 5499 431 5556 Gratian.
458 5502 498 5556 Do
523 5517 627 5557 consec.
651 5500 718 5556 dist.
746 5516 775 5569 ιι,
800 5517 824 5558 c.
851 5501 895 5571 th,

100 5588 129 5646 p.
200 5613 208 5629 .

949 4759 1092 4818 naverunt,
1118 4750 1252 4821 proditore
1274 4751 1334 4820 ipso
1356 4749 1402 4820 qai
1423 4762 1509 4804 coenae
1528 4747 1651 4803 interfuit
1665 4747 1743 4803 dcte-

949 4848 1035 4904 rente,
1052 4847 1106 4893 tam
1120 4839 1218 4909 justam
1234 4853 1344 4894 catrsarn
1360 4853 1413 4892 non
1426 4838 1609 4893 reticuissent.

985 4928 1131 4999 Opponunt
1147 4928 1234 4983 Graeci
1251 4947 1256 4982 :
1273 4926 1347 4995 Quia
1358 4927 1413 4982 etsi
1429 4932 1491 4982 ante
1508 4925 1664 4997 passionem
1676 4924 1746 4998 legis

950 5017 1059 5072 debitor
1073 5016 1131 5079 luit,
1150 5024 1210 5086 post
1230 5015 1457 5070 resurrectionem
1476 5014 1530 5086 legi
1550 5014 1615 5069 nihil
1640 5014 1745 5078 debuit,

950 5106 1023 5178 qaia,
1040 5113 1069 5160 ut
1083 5106 1121 5159 ait
1136 5105 1288 5175 Apostolus,
1311 5106 1436 5160 Christus
1456 5120 1601 5174 resurgens
1615 5120 1651 5159 cx
1668 5120 1748 5160 mor·

952 5197 1012 5261 tuis,
1028 5197 1148 5264 jamnon
1164 5195 1291 5259 moritur,
1307 5210 1379 5248 mors
1395 5194 1432 5247 illi
1456 5193 1530 5247 ultra
1546 5208 1600 5246 non
1619 5193 1747 5248 domina-

950 5284 1031 5351 bitur,
1047 5283 1120 5355 quod
1137 5284 1208 5337 enirn
1223 5282 1296 5348 vivit,
1322 5283 1388 5338 rivit
1409 5283 1476 5337 Deo.
1503 5281 1639 5350 Quoniam
1664 5281 1749 5354 igitur

951 5381 1010 5445 post
1022 5373 1248 5428 resurrectionem
1271 5387 1326 5427 non
1350 5372 1415 5445 logi,
1439 5371 1488 5427 sed
1512 5371 1570 5427 Deo
1592 5369 1668 5439 vivit,
1686 5371 1748 5426 ideo

986 5499 1042 5571 (56)
1058 5499 1123 5555 llaec
1138 5500 1178 5554 est
1192 5512 1258 5554 vera
1273 5497 1419 5553 sententia.
