3704 6000
587 298 590 303 ,
645 255 832 316 eminendi
851 253 995 314 nonnus
1012 252 1043 312 S.
1062 250 1278 311 monemur

145 641 271 790 DE
326 640 721 791 NATURA
765 632 1242 791 CORPORIS
1292 633 1413 784 ΕΤ
1471 630 1797 783 ANlllAE

741 920 968 1037 nrnnr
1017 916 1184 1038 noo

436 1156 507 1222 Sub
524 1157 669 1224 nomine
682 1155 880 1239 Theophili,
896 1154 931 1220 id
946 1157 999 1222 est
1022 1158 1124 1220 Deum
1145 1154 1312 1237 dilipeollr
1321 1151 1497 1236 descripti.

148 1373 291 1447 (minti.
305 1376 386 1431 Patr.
407 1372 535 1439 cisterc..
555 1370 651 1429 labore
660 1379 687 1427 et
702 1371 792 1427 studio
809 1371 841 1429 F.
860 1369 1002 1427 ltertrnndi
1014 1371 1136 1436 Tisaion,
1151 1369 1271 1425 doctoris
1286 1367 1408 1442 theologi
1422 1366 1573 1424 nouitonsis
1584 1365 1614 1422 in
1635 1364 1792 1434 Therapeia,

480 1443 605 1514 ejnsdem
620 1442 723 1500 ordinis
735 1442 848 1515 prioris.
862 1440 1023 1511 bonofonte,
1040 1444 1117 1511 1660,
1131 1439 1191 1511 iol,
1206 1449 1272 1499 tom.
1290 1441 1336 1509 lll,
1351 1456 1379 1513 p.
1395 1439 1452 1509 oe.)

808 1817 1123 1907 PROLOGUS.

176 2174 274 2230 Fertur
288 2170 398 2228 celebre
410 2169 482 2241 apud
494 2169 609 2227 Graecos
619 2167 744 2241 Delphici
755 2166 888 2241 Apollinis
899 2183 1059 2241 responsum
1071 2185 1079 2223 :
1093 2191 1104 2219 s
1117 2169 1217 2236 llomo,
1229 2170 1297 2227 sollo
1308 2169 1433 2242 teipsum.
1452 2172 1532 2228 siloc
1545 2178 1572 2228 at
1585 2168 1729 2238 Salomon,
1740 2171 1793 2228 imo

143 2262 265 2320 cbristus
279 2260 307 2315 in
319 2259 438 2317 canticis
454 2278 461 2315 ι
479 2280 491 2308 ι
508 2258 538 2315 Si
551 2273 616 2328 non,
632 2258 730 2329 inquit,
746 2257 908 2331 cognoveris
921 2265 959 2329 te,
975 2258 1109 2330 egredere
1127 2259 1225 2328 (dent.
1245 2258 1277 2328 ι).
1295 2281 1306 2308 υ
1323 2258 1377 2328 Qui
1389 2259 1464 2316 enim
1491 2275 1548 2316 non
1574 2259 1740 2317 immoratur
1765 2260 1790 2315 in

142 2351 183 2408 aie
196 2366 260 2424 qne
273 2365 323 2405 soa
337 2353 412 2416 sunt,
426 2363 475 2420 per
484 2347 623 2419 sapientise
638 2345 906 2418 contemplationem,
926 2346 1078 2420 ingreditur
1091 2349 1249 2404 necessario
1264 2348 1292 2403 in
1313 2347 1404 2404 aliena
1426 2364 1478 2421 per
1495 2348 1660 2406 curiositatis
1683 2349 1791 2406 vanita-

142 2447 208 2497 tem.
224 2437 399 2510 Quapropter
413 2451 474 2492 oum
489 2437 564 2492 omni
574 2434 677 2491 bomini
693 2434 739 2507 qui
752 2451 836 2508 cepas
849 2445 888 2492 ast
901 2435 1023 2506 rationis,
1040 2436 1084 2492 vix
1099 2452 1167 2493 auus
1184 2434 1300 2493 sufficiat
1311 2453 1419 2503 sensus.
1434 2437 1490 2493 nisi
1512 2437 1622 2508 adiutus
1650 2452 1667 2495 ιι
1691 2437 1789 2511 gnei,

143 2535 175 2584 nt
187 2525 255 2583 aciat
269 2525 401 2597 seipsum,
411 2540 472 2582 cum
488 2525 541 2581 hoc
555 2523 624 2580 nibil
639 2523 665 2580 ei
679 2523 811 2590 conterat,
827 2523 879 2580 nisi
893 2538 928 2580 ex
941 2524 1076 2597 hocquod
1089 2524 1150 2596 ipse
1163 2532 1215 2593 eat,
1231 2526 1363 2582 ascendat
1376 2526 1485 2583 adeum
1499 2541 1516 2582 a
1529 2542 1584 2600 quo
1612 2527 1672 2599 ipsa
1699 2534 1751 2593 eat,
1764 2533 1791 2583 et

141 2614 189 2690 qni
203 2623 245 2672 eat
258 2629 344 2687 snper
355 2613 444 2686 ipenm
462 2612 635 2669 :miserrime
662 2619 733 2670 erret
758 2622 785 2669 et
799 2611 908 2682 desipit,
924 2613 970 2684 qui
998 2621 1078 2669 extra
1102 2628 1133 2670 ae
1147 2613 1175 2669 in
1187 2613 1285 2670 alienis
1297 2614 1462 2670 intellectum
1486 2631 1568 2671 auum
1583 2615 1726 2690 dispergit,
1750 2615 1794 2672 cni

18 2700 30 2711 ’“
142 2712 249 2774 natura,
273 2703 330 2760 imo
352 2707 449 2760 auctor
475 2709 580 2758 nature
602 2702 687 2768 Deus,
702 2709 806 2757 tantum
832 2702 899 2757 intra
923 2718 952 2758 ee
966 2701 1064 2758 indixit
1076 2702 1242 2774 operationis
1253 2703 1406 2776 negotium.
1426 2704 1459 2760 Ut
1485 2703 1567 2775 igitur
1593 2703 1796 2761 micrnooamon

39 2794 43 2801 '
141 2801 275 2861 deornm,
290 2793 373 2848 idest
388 2791 521 2848 minorem
536 2790 677 2858 mundum,
693 2790 835 2847 bominem
853 2789 968 2860 scilicet,
988 2808 1022 2849 ex
1036 2791 1128 2863 eliqua
1142 2798 1218 2864 perte
1232 2792 1306 2848 intus
1326 2799 1531 2864 perscrutemur
1557 2801 1585 2850 at
1606 2791 1685 2861 loris,
1701 2791 1731 2850 id
1757 2801 1797 2850 ast

143 2881 272 2940 animaet
286 2895 412 2954 corpore,
428 2886 458 2936 nt
471 2894 521 2952 per
539 2878 661 2935 visibilia
688 2878 732 2935 vel
761 2879 902 2935 sensibilia
926 2888 1021 2937 nostra
1046 2879 1182 2937 intellecta
1196 2881 1230 2936 ad
1257 2880 1406 2937 visibilium
1420 2887 1449 2938 et
1470 2881 1647 2938 invisibilium
1674 2883 1796 2939 omnium

144 2986 294 3044 surgamus
307 2976 458 3040 auctorem,
474 2967 592 3042 primunr
605 2967 698 3039 aliqua
707 2967 1056 3040 discuomusosmrporis
1070 2978 1175 3035 natum,
1191 2969 1291 3026 deinde
1304 2969 1340 3025 de
1354 2969 1396 3025 bis
1407 2985 1469 3040 qna
1492 2977 1555 3026 sunt
1576 2971 1687 3028 anima.
1718 2970 1796 3029 Scias

18 3110 22 3117 .
146 3066 239 3116 antem
253 3074 315 3132 quae
328 3055 398 3130 leg'n
412 3071 465 3114 non
481 3072 543 3113 mea
557 3071 634 3124 eese;
649 3056 699 3112 sed
713 3072 750 3112 ex
765 3064 843 3128 parte
856 3057 1083 3132 pbilosophorum
1093 3058 1137 3115 vel
1151 3058 1336 3131 physicorum,
1347 3073 1382 3114 ex
1388 3066 1464 3129 parte
1473 3073 1539 3116 earo
1549 3058 1800 3118 ecclaaiantiaornm

147 3147 303 3214 doctomm
318 3161 370 3203 nec
401 3154 506 3203 tantum
533 3161 632 3203 eorum
660 3159 752 3209 sensa.
767 3145 816 3202 sed
844 3144 903 3219 ipss
925 3162 1031 3217 eorum,
1063 3146 1134 3204 sieut
1160 3147 1195 3203 ab
1209 3147 1250 3204 ais
1264 3146 1335 3204 edita
1350 3155 1422 3216 runt,
1437 3147 1508 3204 dicta
1536 3147 1579 3207 val
1597 3148 1711 3222 scripta,
1740 3164 1800 3221 qne

146 3243 277 3311 excerpta
291 3252 328 3295 ax
342 3242 437 3293 eorum
454 3233 531 3292 libris
545 3233 591 3292 bic
600 3234 629 3291 in
641 3250 724 3292 unum
739 3234 876 3310 congessi.

725 3599 913 3704 LIBER
947 3599 1203 3706 PRIMUS.

563 3845 808 3942 PHYSlCA
836 3847 1060 3942 HUMANl
1090 3846 1386 3948 CORPORIS.

187 4281 275 4340 Omna
288 4297 390 4356 corpus
403 4281 520 4341 animsle
532 4292 605 4341 tarra
626 4284 771 4341 formatum
792 4289 845 4354 ast,
860 4284 888 4341 id
908 4291 949 4342 eat
961 4285 990 4349 Α
1004 4287 1140 4344 existens.
1157 4286 1213 4345 Sed
1230 4297 1303 4345 terra
1329 4285 1460 4346 lutificata
1481 4287 1598 4347 adicitur
1616 4303 1713 4363 aqna:
1733 4303 1805 4361 aqua

34 4442 37 4447 Ι
147 4387 184 4428 cx
197 4379 315 4445 quatuor
327 4372 610 4444 compositumtlind
618 4382 659 4431 est
672 4375 745 4431 anim
755 4383 827 4432 terra
842 4374 946 4431 torme-
1001 4375 1132 4433 rarefacta
1146 4386 1173 4434 et
1186 4377 1318 4435 eeletneln
1327 4385 1354 4433 et
1377 4386 1536 4453 evaporata,
1550 4377 1582 4436 tit
1594 4393 1649 4441 aen
1675 4377 1803 4436 condan-

150 4469 221 4531 tum,
237 4461 289 4517 slis
302 4469 367 4518 sunl
379 4477 414 4519 es
428 4462 528 4535 quibus
538 4463 703 4521 constatlix
712 4463 812 4536 quibua
826 4472 944 4533 constal,
1000 4473 1076 4522 satus
1089 4474 1117 4522 et
1134 4466 1264 4524 collectus
1277 4482 1324 4523 ner
1336 4465 1450 4524 edicitur
1463 4483 1534 4540 aqua
1546 4485 1553 4531 ;
1566 4473 1595 4524 et
1616 4467 1657 4525 sio
1669 4466 1705 4525 da
1732 4467 1802 4525 reis-

149 4558 267 4623 quatuor
279 4558 341 4608 sunt
356 4550 504 4608 elementa.
523 4552 741 4625 Unumquodque
768 4560 859 4610 autern
887 4554 946 4610 ele·
1000 4555 1081 4627 quis3
1097 4560 1124 4611 et
1139 4555 1191 4613 hoc
1205 4555 1287 4613 modo
1301 4554 1332 4612 tit
1344 4556 1497 4628 corruptio.
1513 4556 1550 4612 ils
1561 4556 1800 4630 biaqnoqnaqna·

149 4646 304 4696 mentorum
331 4655 386 4697 nna
427 4647 529 4696 tantum
569 4649 725 4698 contentum
752 4647 795 4699 eat
818 4643 946 4715 qnalileto
999 4651 1061 4699 tuor
1077 4643 1219 4701 elementia
1238 4652 1355 4715 quatuor
1368 4644 1397 4700 in
1410 4659 1525 4717 corpore
1547 4644 1659 4702 animali
1672 4654 1800 4703 meantur

148 4726 224 4800 lenis
247 4726 396 4795 caliditate,
425 4743 475 4785 aer
502 4727 673 4796 humiditate,
699 4745 770 4803 aqua
798 4730 946 4804 frigiditate
998 4731 1137 4802 humores,
1153 4732 1352 4806 propterquod
1380 4741 1407 4789 et
1429 4733 1554 4804 ipsorum
1582 4733 1632 4790 dlii
1654 4733 1781 4792 dicuntur

148 4823 222 4872 terra
233 4816 368 4874 siccitate.
388 4816 443 4874 Sed
456 4817 540 4890 ignis,
554 4818 620 4892 quis
633 4818 743 4875 mobilis
757 4823 809 4887 est,
824 4826 945 4879 exmotu
999 4820 1069 4876 sicut
1083 4820 1216 4878 elementa
1238 4821 1351 4889 mundo,
1366 4823 1408 4879 sic
1435 4830 1462 4878 et
1487 4821 1533 4878 isti
1555 4823 1665 4896 corpori
1687 4822 1799 4880 animali

147 4905 261 4961 manmit
282 4905 431 4964 siccitatem
446 4915 473 4962 et
500 4914 543 4964 eat
565 4906 671 4964 calidus
698 4916 726 4964 et
752 4907 851 4967 siccus.
881 4912 943 4982 der,
999 4908 1061 4966 vitre
1081 4918 1108 4966 et
1124 4910 1316 4968 incolumitatis
1332 4910 1475 4968 memrinm
1489 4918 1517 4968 et
1537 4911 1660 4991 ordinem
1683 4912 1788 4969 adrem

147 4992 213 5068 qnia
227 4994 353 5068 mbinne
366 5003 418 5063 est,
432 4996 468 5052 ab
481 5012 515 5052 eo
528 4996 608 5052 sumit
619 4997 694 5070 qnod
708 4998 848 5069 proprium
863 4999 944 5057 babet
997 5002 1113 5055 strantes
1130 5019 1136 5055 :
1152 4999 1176 5054 si
1190 5015 1240 5055 suo
1254 5000 1336 5057 modo
1351 5007 1377 5056 et
1390 5000 1487 5056 ordine
1513 5016 1562 5058 suo
1592 4999 1797 5073 disponamur,

144 5082 315 5151 nimietate,
331 5083 359 5139 id
378 5094 420 5140 est
446 5083 632 5152 caliditatem
659 5093 686 5141 et
712 5093 754 5141 est
776 5086 881 5144 calidos
908 5088 943 5144 ab
997 5095 1024 5143 et
1051 5103 1105 5145 non
1132 5088 1196 5146 vitio
1222 5087 1392 5145 selincuria
1425 5097 1643 5161 cormmpmtur.
1671 5089 1798 5164 Alioquin

144 5172 219 5245 igne,
234 5171 362 5228 bomidus
376 5186 392 5228 a
407 5173 510 5246 seipso.
526 5175 602 5245 Aqua
625 5173 734 5245 ponitur
761 5175 814 5231 sub
828 5192 900 5245 aere,
916 5186 943 5233 et
996 5177 1067 5233 sicut
1081 5193 1150 5250 aqua
1178 5185 1297 5233 mutatur
1315 5179 1344 5234 in
1365 5185 1466 5234 terram
1487 5178 1610 5245 densata,
1632 5182 1661 5234 et
1680 5186 1755 5235 terra
1768 5180 1797 5235 in

144 5258 208 5318 ideo
234 5260 425 5318 humiditatem
447 5261 483 5318 ab
510 5277 543 5319 eo
567 5262 658 5333 sumit,
673 5263 776 5337 frigide
800 5281 816 5320 a
839 5265 940 5339 seipsa.
994 5280 1094 5339 nquam
1104 5264 1303 5336 lutificata5aic
1312 5266 1365 5339 ipsi
1381 5267 1518 5334 humores,
1538 5283 1601 5325 eum
1621 5267 1650 5323 in
1672 5283 1702 5324 se
1722 5267 1795 5327 inri-

145 5347 228 5405 Tarra
243 5349 296 5405 snb
308 5366 379 5423 equa
394 5358 443 5417 est,
460 5350 523 5408 ideo
533 5351 634 5424 frigida
651 5352 686 5407 ab
701 5353 771 5424 ipsa,
786 5353 861 5411 rioca
887 5372 940 5411 au·
994 5368 1054 5412 cem
1070 5355 1113 5411 vel
1127 5355 1162 5410 ab
1176 5354 1297 5412 invicem
1323 5368 1545 5426 eormmpuurur.
1567 5366 1746 5429 corrumpunt
1768 5365 1796 5412 et

144 5445 198 5493 tem
212 5437 240 5493 in
252 5439 343 5511 seipse
357 5449 407 5496 est.
424 5440 516 5513 ltaque
529 5440 679 5497 secundum
697 5441 899 5514 Hippocratem,
915 5443 939 5499 ai
992 5442 1139 5501 destruunt
1152 5459 1252 5517 eorpus
1266 5461 1354 5513 suum,
1379 5445 1453 5517 quod
1467 5445 1641 5503 visideereet
1664 5445 1794 5504 ordinare

139 5541 242 5599 eorpus
263 5527 380 5585 animale
403 5544 439 5586 ex
466 5544 521 5586 uno
547 5538 684 5587 constaret
705 5530 853 5601 elemento,
869 5548 938 5588 nun-
991 5531 1154 5591 debuerant.
1173 5534 1268 5607 ltaque
1282 5533 1310 5590 in
1324 5532 1792 5609 corporeanimalisnnpropriaaat

122 5627 212 5684 qnam
237 5614 364 5687 dolerem
386 5616 518 5689 quianon
537 5625 612 5676 esset
626 5617 700 5678 unde
713 5618 833 5692 doleret,
851 5636 937 5679 unum
990 5622 1146 5697 complexio
1159 5623 1249 5697 prima
1267 5631 1295 5681 et
1312 5622 1442 5680 naturalia
1455 5623 1485 5679 in
1508 5621 1570 5696 ipae
1589 5625 1791 5682 elementorum
