<?xml version="1.0" encoding="UTF-8"?>
<!DOCTYPE html PUBLIC "-//W3C//DTD XHTML 1.0 Transitional//EN"
    "http://www.w3.org/TR/xhtml1/DTD/xhtml1-transitional.dtd">
<html xmlns="http://www.w3.org/1999/xhtml" xml:lang="en" lang="en">
 <head>
  <title>
</title>
<meta http-equiv="Content-Type" content="text/html;charset=utf-8" />
  <meta name='ocr-system' content='tesseract 3.04.00' />
  <meta name='ocr-capabilities' content='ocr_page ocr_carea ocr_par ocr_line ocrx_word'/>
</head>
<body>
  <div class='ocr_page' id='page_1' title='image "./patrologiaecurs13unkngoog/patrologiaecurs13unkngoog_0236.png"; bbox 0 0 3728 6000; ppageno 0'>
   <div class='ocr_carea' id='block_1_1' title="bbox 93 288 1748 355">
    <p class='ocr_par' dir='ltr' id='par_1_1' title="bbox 93 288 1748 355">
     <span class='ocr_line' id='line_1_1' title="bbox 93 288 1748 355; baseline -0.002 0"><span class='ocrx_word' id='word_1_1' title='bbox 93 292 144 355; x_wconf 86' lang='lat' dir='ltr'>tot</span> <span class='ocrx_word' id='word_1_2' title='bbox 492 288 672 351; x_wconf 69' lang='lat' dir='ltr'><strong>COMMENT.</strong></span> <span class='ocrx_word' id='word_1_3' title='bbox 694 290 730 350; x_wconf 80' lang='lat' dir='ltr'>IN</span> <span class='ocrx_word' id='word_1_4' title='bbox 750 290 884 348; x_wconf 57' lang='lat' dir='ltr'>thNl&#39;lC.</span> <span class='ocrx_word' id='word_1_5' title='bbox 907 290 955 349; x_wconf 76' lang='lat' dir='ltr'>EX</span> <span class='ocrx_word' id='word_1_6' title='bbox 974 291 1096 349; x_wconf 77' lang='lat' dir='ltr'>t&#39;nttnts</span> <span class='ocrx_word' id='word_1_7' title='bbox 1116 292 1145 349; x_wconf 84' lang='lat' dir='ltr'>S.</span> <span class='ocrx_word' id='word_1_8' title='bbox 1166 288 1352 349; x_wconf 79' lang='lat' dir='ltr'>cttnttoutt.</span> <span class='ocrx_word' id='word_1_9' title='bbox 1697 298 1748 354; x_wconf 69' lang='lat' dir='ltr'>ddi</span> 
     </span>
    </p>
   </div>
   <div class='ocr_carea' id='block_1_2' title="bbox 94 412 1748 485">
    <p class='ocr_par' dir='ltr' id='par_1_2' title="bbox 94 412 1748 485">
     <span class='ocr_line' id='line_1_2' title="bbox 94 412 1748 485; baseline 0.001 -15"><span class='ocrx_word' id='word_1_10' title='bbox 94 421 123 471; x_wconf 82' lang='lat' dir='ltr'>at</span> <span class='ocrx_word' id='word_1_11' title='bbox 137 415 321 473; x_wconf 77' lang='lat' dir='ltr'>inclinentur</span> <span class='ocrx_word' id='word_1_12' title='bbox 335 413 451 470; x_wconf 82' lang='lat' dir='ltr'>uttrbroe.</span> <span class='ocrx_word' id='word_1_13' title='bbox 467 413 522 484; x_wconf 83' lang='lat'>(96)</span> <span class='ocrx_word' id='word_1_14' title='bbox 534 414 683 479; x_wconf 80' lang='lat' dir='ltr'><strong>Debemus,</strong></span> <span class='ocrx_word' id='word_1_15' title='bbox 693 412 938 474; x_wconf 69' lang='lat' dir='ltr'>banoscum-isli</span> <span class='ocrx_word' id='word_1_16' title='bbox 954 415 1024 470; x_wconf 91' lang='lat' dir='ltr'>tione</span> <span class='ocrx_word' id='word_1_17' title='bbox 1039 415 1241 485; x_wconf 81' lang='lat' dir='ltr'>requieverunt.</span> <span class='ocrx_word' id='word_1_18' title='bbox 1257 415 1310 469; x_wconf 87' lang='lat' dir='ltr'>Sed</span> <span class='ocrx_word' id='word_1_19' title='bbox 1323 415 1514 471; x_wconf 67' lang='lat' dir='ltr'>obstetricante</span> <span class='ocrx_word' id='word_1_20' title='bbox 1530 433 1610 470; x_wconf 90' lang='lat' dir='ltr'>manu</span> <span class='ocrx_word' id='word_1_21' title='bbox 1630 416 1748 484; x_wconf 86' lang='lat' dir='ltr'>Domini,</span> 
     </span>
    </p>
   </div>
   <div class='ocr_carea' id='block_1_3' title="bbox 99 501 1849 575">
    <p class='ocr_par' dir='ltr' id='par_1_3' title="bbox 99 501 1849 575">
     <span class='ocr_line' id='line_1_3' title="bbox 99 501 1849 575; baseline 0 -16"><span class='ocrx_word' id='word_1_22' title='bbox 99 504 171 571; x_wconf 91' lang='lat' dir='ltr'>simi,</span> <span class='ocrx_word' id='word_1_23' title='bbox 201 519 309 574; x_wconf 83' lang='lat' dir='ltr'>semper</span> <span class='ocrx_word' id='word_1_24' title='bbox 329 503 461 573; x_wconf 87' lang='lat' dir='ltr'>justornm</span> <span class='ocrx_word' id='word_1_25' title='bbox 489 502 572 557; x_wconf 89' lang='lat' dir='ltr'>vitam</span> <span class='ocrx_word' id='word_1_26' title='bbox 588 503 754 573; x_wconf 87' lang='lat' dir='ltr'>conspicere,</span> <span class='ocrx_word' id='word_1_27' title='bbox 766 501 896 556; x_wconf 88' lang='lat' dir='ltr'>utsubti-</span> <span class='ocrx_word' id='word_1_28' title='bbox 952 504 1044 559; x_wconf 86' lang='lat' dir='ltr'>leones</span> <span class='ocrx_word' id='word_1_29' title='bbox 1057 503 1092 558; x_wconf 93' lang='lat' dir='ltr'>de</span> <span class='ocrx_word' id='word_1_30' title='bbox 1108 503 1223 574; x_wconf 87' lang='lat' dir='ltr'>propriis</span> <span class='ocrx_word' id='word_1_31' title='bbox 1237 503 1371 559; x_wconf 90' lang='lat' dir='ltr'>cubilibus</span> <span class='ocrx_word' id='word_1_32' title='bbox 1386 504 1491 575; x_wconf 86' lang='lat' dir='ltr'>expulsi</span> <span class='ocrx_word' id='word_1_33' title='bbox 1505 513 1578 575; x_wconf 88' lang='lat' dir='ltr'>sunt,</span> <span class='ocrx_word' id='word_1_34' title='bbox 1596 505 1658 574; x_wconf 81' lang='lat' dir='ltr'>quia</span> <span class='ocrx_word' id='word_1_35' title='bbox 1685 505 1750 559; x_wconf 91' lang='lat' dir='ltr'>dum</span> <span class='ocrx_word' id='word_1_36' title='bbox 1840 522 1849 529; x_wconf 92' lang='lat'>·</span> 
     </span>
    </p>
   </div>
   <div class='ocr_carea' id='block_1_4' title="bbox 95 591 1762 3061">
    <p class='ocr_par' dir='ltr' id='par_1_4' title="bbox 95 591 1754 1462">
     <span class='ocr_line' id='line_1_4' title="bbox 98 591 1751 665; baseline 0.001 -17"><span class='ocrx_word' id='word_1_37' title='bbox 98 593 160 649; x_wconf 89' lang='lat' dir='ltr'>liter</span> <span class='ocrx_word' id='word_1_38' title='bbox 174 601 295 648; x_wconf 87' lang='lat' dir='ltr'>nostram</span> <span class='ocrx_word' id='word_1_39' title='bbox 313 591 449 662; x_wconf 88' lang='lat' dir='ltr'>possimus</span> <span class='ocrx_word' id='word_1_40' title='bbox 460 591 682 662; x_wconf 88' lang='lat' dir='ltr'>deprehendere:</span> <span class='ocrx_word' id='word_1_41' title='bbox 699 591 772 661; x_wconf 80' lang='lat' dir='ltr'>quod</span> <span class='ocrx_word' id='word_1_42' title='bbox 787 591 897 662; x_wconf 92' lang='lat' dir='ltr'>quidem</span> <span class='ocrx_word' id='word_1_43' title='bbox 951 592 1031 647; x_wconf 89' lang='lat' dir='ltr'>nobis</span> <span class='ocrx_word' id='word_1_44' title='bbox 1058 593 1147 647; x_wconf 84' lang='lat' dir='ltr'>diviua</span> <span class='ocrx_word' id='word_1_45' title='bbox 1163 593 1252 664; x_wconf 87' lang='lat' dir='ltr'>gratia</span> <span class='ocrx_word' id='word_1_46' title='bbox 1264 592 1395 655; x_wconf 87' lang='lat' dir='ltr'>medetur,</span> <span class='ocrx_word' id='word_1_47' title='bbox 1417 594 1439 648; x_wconf 91' lang='lat' dir='ltr'>is</span> <span class='ocrx_word' id='word_1_48' title='bbox 1464 594 1509 665; x_wconf 88' lang='lat' dir='ltr'>qui</span> <span class='ocrx_word' id='word_1_49' title='bbox 1537 610 1586 648; x_wconf 86' lang='lat' dir='ltr'>nos</span> <span class='ocrx_word' id='word_1_50' title='bbox 1602 599 1751 649; x_wconf 88' lang='lat' dir='ltr'>tenueratn</span> 
     </span>
     <span class='ocr_line' id='line_1_5' title="bbox 95 678 1753 753; baseline 0 -15"><span class='ocrx_word' id='word_1_51' title='bbox 95 698 192 738; x_wconf 85' lang='lat' dir='ltr'>omnes</span> <span class='ocrx_word' id='word_1_52' title='bbox 207 681 286 736; x_wconf 89' lang='lat' dir='ltr'>electi</span> <span class='ocrx_word' id='word_1_53' title='bbox 302 680 393 736; x_wconf 88' lang='lat' dir='ltr'>lacere</span> <span class='ocrx_word' id='word_1_54' title='bbox 406 696 460 736; x_wconf 93' lang='lat' dir='ltr'>non</span> <span class='ocrx_word' id='word_1_55' title='bbox 476 688 594 743; x_wconf 88' lang='lat' dir='ltr'>cessant,</span> <span class='ocrx_word' id='word_1_56' title='bbox 610 678 674 749; x_wconf 86' lang='lat' dir='ltr'>quia</span> <span class='ocrx_word' id='word_1_57' title='bbox 695 679 838 735; x_wconf 89' lang='lat' dir='ltr'>meliorum</span> <span class='ocrx_word' id='word_1_58' title='bbox 854 679 898 734; x_wconf 89' lang='lat' dir='ltr'>ri·</span> <span class='ocrx_word' id='word_1_59' title='bbox 951 681 1030 735; x_wconf 89' lang='lat' dir='ltr'>nobis</span> <span class='ocrx_word' id='word_1_60' title='bbox 1045 682 1171 753; x_wconf 79' lang='lat' dir='ltr'>antiquus</span> <span class='ocrx_word' id='word_1_61' title='bbox 1195 680 1278 736; x_wconf 85' lang='lat' dir='ltr'>lrostis</span> <span class='ocrx_word' id='word_1_62' title='bbox 1291 682 1406 750; x_wconf 88' lang='lat' dir='ltr'>ejicitur,</span> <span class='ocrx_word' id='word_1_63' title='bbox 1436 683 1503 737; x_wconf 87' lang='lat' dir='ltr'>sicut</span> <span class='ocrx_word' id='word_1_64' title='bbox 1518 684 1660 737; x_wconf 88' lang='lat' dir='ltr'>incarnata</span> <span class='ocrx_word' id='word_1_65' title='bbox 1676 683 1753 738; x_wconf 76' lang='lat' dir='ltr'>Veri·</span> 
     </span>
     <span class='ocr_line' id='line_1_6' title="bbox 96 767 1752 840; baseline 0 -14"><span class='ocrx_word' id='word_1_66' title='bbox 96 778 150 826; x_wconf 83' lang='lat' dir='ltr'>tarn</span> <span class='ocrx_word' id='word_1_67' title='bbox 164 769 350 836; x_wconf 87' lang='lat' dir='ltr'>considerant,</span> <span class='ocrx_word' id='word_1_68' title='bbox 366 777 392 824; x_wconf 88' lang='lat' dir='ltr'>et</span> <span class='ocrx_word' id='word_1_69' title='bbox 414 767 558 824; x_wconf 87' lang='lat' dir='ltr'>deterioris</span> <span class='ocrx_word' id='word_1_70' title='bbox 573 784 638 822; x_wconf 90' lang='lat' dir='ltr'>usus</span> <span class='ocrx_word' id='word_1_71' title='bbox 659 768 898 823; x_wconf 76' lang='lat' dir='ltr'>conversationem</span> <span class='ocrx_word' id='word_1_72' title='bbox 953 773 997 824; x_wconf 88' lang='lat' dir='ltr'>tas</span> <span class='ocrx_word' id='word_1_73' title='bbox 1009 770 1094 824; x_wconf 86' lang='lat' dir='ltr'>dicit:</span> <span class='ocrx_word' id='word_1_74' title='bbox 1113 793 1125 817; x_wconf 74' lang='lat' dir='ltr'>u</span> <span class='ocrx_word' id='word_1_75' title='bbox 1146 770 1225 825; x_wconf 88' lang='lat' dir='ltr'>Nunc</span> <span class='ocrx_word' id='word_1_76' title='bbox 1245 771 1375 840; x_wconf 88' lang='lat' dir='ltr'>princeps</span> <span class='ocrx_word' id='word_1_77' title='bbox 1405 772 1484 839; x_wconf 83' lang='lat' dir='ltr'>liujus</span> <span class='ocrx_word' id='word_1_78' title='bbox 1509 771 1604 826; x_wconf 92' lang='lat' dir='ltr'>mundi</span> <span class='ocrx_word' id='word_1_79' title='bbox 1621 770 1752 839; x_wconf 88' lang='lat' dir='ltr'>ejicietur</span> 
     </span>
     <span class='ocr_line' id='line_1_7' title="bbox 96 856 1752 929; baseline 0.001 -16"><span class='ocrx_word' id='word_1_80' title='bbox 96 867 217 917; x_wconf 84' lang='lat' dir='ltr'>mutant.</span> <span class='ocrx_word' id='word_1_81' title='bbox 230 856 296 926; x_wconf 84' lang='lat' dir='ltr'>Quae</span> <span class='ocrx_word' id='word_1_82' title='bbox 319 859 392 913; x_wconf 91' lang='lat' dir='ltr'>enim</span> <span class='ocrx_word' id='word_1_83' title='bbox 408 865 472 912; x_wconf 89' lang='lat' dir='ltr'>sunt</span> <span class='ocrx_word' id='word_1_84' title='bbox 487 856 540 912; x_wconf 90' lang='lat' dir='ltr'>dno</span> <span class='ocrx_word' id='word_1_85' title='bbox 556 857 639 911; x_wconf 89' lang='lat' dir='ltr'>ubera</span> <span class='ocrx_word' id='word_1_86' title='bbox 659 873 780 927; x_wconf 80' lang='lat' dir='ltr'>sponsae,</span> <span class='ocrx_word' id='word_1_87' title='bbox 796 857 839 912; x_wconf 91' lang='lat' dir='ltr'>cui</span> <span class='ocrx_word' id='word_1_88' title='bbox 854 856 898 911; x_wconf 93' lang='lat' dir='ltr'>lo·</span> <span class='ocrx_word' id='word_1_89' title='bbox 953 856 1131 929; x_wconf 76' lang='lat' dir='ltr'>sorastdoart.</span> <span class='ocrx_word' id='word_1_90' title='bbox 1143 866 1202 928; x_wconf 79' lang='lat' dir='ltr'>ru).</span> <span class='ocrx_word' id='word_1_91' title='bbox 1219 880 1229 907; x_wconf 70' lang='lat' dir='ltr'>a</span> <span class='ocrx_word' id='word_1_92' title='bbox 1247 860 1280 913; x_wconf 85' lang='lat' dir='ltr'>Et</span> <span class='ocrx_word' id='word_1_93' title='bbox 1295 860 1356 928; x_wconf 81' lang='lat' dir='ltr'>quia</span> <span class='ocrx_word' id='word_1_94' title='bbox 1372 865 1529 929; x_wconf 80' lang='lat' dir='ltr'>peccatores</span> <span class='ocrx_word' id='word_1_95' title='bbox 1553 860 1587 915; x_wconf 91' lang='lat' dir='ltr'>ad</span> <span class='ocrx_word' id='word_1_96' title='bbox 1613 860 1693 914; x_wconf 88' lang='lat' dir='ltr'>tidem</span> <span class='ocrx_word' id='word_1_97' title='bbox 1705 873 1752 914; x_wconf 85' lang='lat' dir='ltr'>ro·</span> 
     </span>
     <span class='ocr_line' id='line_1_8' title="bbox 97 945 1753 1020; baseline 0.001 -19"><span class='ocrx_word' id='word_1_98' title='bbox 97 947 188 1020; x_wconf 89' lang='lat' dir='ltr'>quitur</span> <span class='ocrx_word' id='word_1_99' title='bbox 203 962 329 1017; x_wconf 88' lang='lat' dir='ltr'>sponsus,</span> <span class='ocrx_word' id='word_1_100' title='bbox 347 945 397 1000; x_wconf 91' lang='lat' dir='ltr'>nisi</span> <span class='ocrx_word' id='word_1_101' title='bbox 412 962 444 1000; x_wconf 84' lang='lat' dir='ltr'>ex</span> <span class='ocrx_word' id='word_1_102' title='bbox 464 946 557 1000; x_wconf 79' lang='lat' dir='ltr'>ludera</span> <span class='ocrx_word' id='word_1_103' title='bbox 571 953 598 1000; x_wconf 91' lang='lat' dir='ltr'>et</span> <span class='ocrx_word' id='word_1_104' title='bbox 612 945 762 1017; x_wconf 88' lang='lat' dir='ltr'>gentilitate</span> <span class='ocrx_word' id='word_1_105' title='bbox 786 945 899 1000; x_wconf 83' lang='lat' dir='ltr'>veniens</span> <span class='ocrx_word' id='word_1_106' title='bbox 954 947 1091 1011; x_wconf 88' lang='lat' dir='ltr'>catisunt,</span> <span class='ocrx_word' id='word_1_107' title='bbox 1122 963 1234 1016; x_wconf 86' lang='lat' dir='ltr'>quorum</span> <span class='ocrx_word' id='word_1_108' title='bbox 1251 948 1387 1018; x_wconf 87' lang='lat' dir='ltr'>quondam</span> <span class='ocrx_word' id='word_1_109' title='bbox 1416 949 1500 1004; x_wconf 90' lang='lat' dir='ltr'>corda</span> <span class='ocrx_word' id='word_1_110' title='bbox 1515 949 1624 1004; x_wconf 90' lang='lat' dir='ltr'>leonum</span> <span class='ocrx_word' id='word_1_111' title='bbox 1653 947 1753 1005; x_wconf 80' lang='lat' dir='ltr'>cubilia</span> 
     </span>
     <span class='ocr_line' id='line_1_9' title="bbox 97 1033 1751 1107; baseline 0.002 -17"><span class='ocrx_word' id='word_1_112' title='bbox 97 1045 213 1107; x_wconf 87' lang='lat' dir='ltr'>uterque</span> <span class='ocrx_word' id='word_1_113' title='bbox 238 1033 362 1106; x_wconf 89' lang='lat' dir='ltr'>populus,</span> <span class='ocrx_word' id='word_1_114' title='bbox 379 1035 425 1106; x_wconf 90' lang='lat' dir='ltr'>qui</span> <span class='ocrx_word' id='word_1_115' title='bbox 454 1034 481 1088; x_wconf 96' lang='lat' dir='ltr'>in</span> <span class='ocrx_word' id='word_1_116' title='bbox 511 1042 605 1089; x_wconf 87' lang='lat' dir='ltr'>sancta</span> <span class='ocrx_word' id='word_1_117' title='bbox 633 1033 761 1089; x_wconf 80' lang='lat' dir='ltr'>Ecclesiae</span> <span class='ocrx_word' id='word_1_118' title='bbox 784 1048 899 1103; x_wconf 91' lang='lat' dir='ltr'>corpore</span> <span class='ocrx_word' id='word_1_119' title='bbox 955 1038 1072 1101; x_wconf 91' lang='lat' dir='ltr'>luerunt,</span> <span class='ocrx_word' id='word_1_120' title='bbox 1088 1036 1153 1090; x_wconf 92' lang='lat' dir='ltr'>dum</span> <span class='ocrx_word' id='word_1_121' title='bbox 1171 1036 1266 1091; x_wconf 85' lang='lat' dir='ltr'>ricisse</span> <span class='ocrx_word' id='word_1_122' title='bbox 1282 1046 1397 1092; x_wconf 90' lang='lat' dir='ltr'>mortem</span> <span class='ocrx_word' id='word_1_123' title='bbox 1413 1037 1544 1092; x_wconf 83' lang='lat' dir='ltr'>Dominus</span> <span class='ocrx_word' id='word_1_124' title='bbox 1572 1053 1751 1093; x_wconf 87' lang='lat' dir='ltr'>eorumcon-</span> 
     </span>
     <span class='ocr_line' id='line_1_10' title="bbox 96 1122 1751 1196; baseline 0.002 -16"><span class='ocrx_word' id='word_1_125' title='bbox 96 1142 147 1196; x_wconf 87' lang='lat' dir='ltr'>per</span> <span class='ocrx_word' id='word_1_126' title='bbox 158 1125 336 1179; x_wconf 88' lang='lat' dir='ltr'>intentionem</span> <span class='ocrx_word' id='word_1_127' title='bbox 348 1122 497 1194; x_wconf 68' lang='lat' dir='ltr'>sapientiae,</span> <span class='ocrx_word' id='word_1_128' title='bbox 510 1123 710 1178; x_wconf 85' lang='lat' dir='ltr'>arcauoconlis</span> <span class='ocrx_word' id='word_1_129' title='bbox 720 1130 761 1177; x_wconf 88' lang='lat' dir='ltr'>est</span> <span class='ocrx_word' id='word_1_130' title='bbox 772 1122 900 1176; x_wconf 83' lang='lat' dir='ltr'>iulixus‘l</span> <span class='ocrx_word' id='word_1_131' title='bbox 954 1125 1072 1180; x_wconf 86' lang='lat' dir='ltr'>lessioue</span> <span class='ocrx_word' id='word_1_132' title='bbox 1091 1125 1221 1193; x_wconf 89' lang='lat' dir='ltr'>creditur,</span> <span class='ocrx_word' id='word_1_133' title='bbox 1238 1127 1316 1195; x_wconf 84' lang='lat' dir='ltr'>qnasi</span> <span class='ocrx_word' id='word_1_134' title='bbox 1333 1127 1366 1181; x_wconf 89' lang='lat' dir='ltr'>de</span> <span class='ocrx_word' id='word_1_135' title='bbox 1380 1127 1490 1182; x_wconf 93' lang='lat' dir='ltr'>leonum</span> <span class='ocrx_word' id='word_1_136' title='bbox 1519 1128 1653 1183; x_wconf 87' lang='lat' dir='ltr'>cubilibus</span> <span class='ocrx_word' id='word_1_137' title='bbox 1669 1142 1751 1184; x_wconf 89' lang='lat' dir='ltr'>coro·</span> 
     </span>
     <span class='ocr_line' id='line_1_11' title="bbox 99 1210 1748 1284; baseline 0.004 -17"><span class='ocrx_word' id='word_1_138' title='bbox 99 1210 897 1283; x_wconf 79' lang='lat' dir='ltr'>Exquopopulobiqoielectisuut,idcircocaprerelrin·</span> <span class='ocrx_word' id='word_1_139' title='bbox 955 1222 1042 1268; x_wconf 90' lang='lat' dir='ltr'>natur.</span> <span class='ocrx_word' id='word_1_140' title='bbox 1072 1215 1265 1268; x_wconf 83' lang='lat' dir='ltr'>ltenruneratio</span> <span class='ocrx_word' id='word_1_141' title='bbox 1292 1215 1392 1284; x_wconf 87' lang='lat' dir='ltr'>quippe</span> <span class='ocrx_word' id='word_1_142' title='bbox 1426 1217 1545 1271; x_wconf 84' lang='lat' dir='ltr'>rictoriae</span> <span class='ocrx_word' id='word_1_143' title='bbox 1568 1233 1668 1272; x_wconf 91' lang='lat' dir='ltr'>corona</span> <span class='ocrx_word' id='word_1_144' title='bbox 1694 1225 1748 1274; x_wconf 90' lang='lat' dir='ltr'>est.</span> 
     </span>
     <span class='ocr_line' id='line_1_12' title="bbox 98 1300 1754 1376; baseline 0.003 -19"><span class='ocrx_word' id='word_1_145' title='bbox 98 1302 172 1358; x_wconf 92' lang='lat' dir='ltr'>nulis</span> <span class='ocrx_word' id='word_1_146' title='bbox 200 1309 403 1372; x_wconf 84' lang='lat' dir='ltr'>comparantur,</span> <span class='ocrx_word' id='word_1_147' title='bbox 428 1301 490 1372; x_wconf 86' lang='lat' dir='ltr'>quia</span> <span class='ocrx_word' id='word_1_148' title='bbox 512 1317 560 1371; x_wconf 87' lang='lat' dir='ltr'>per</span> <span class='ocrx_word' id='word_1_149' title='bbox 587 1301 765 1355; x_wconf 87' lang='lat' dir='ltr'>bumilitatem</span> <span class='ocrx_word' id='word_1_150' title='bbox 790 1300 900 1373; x_wconf 89' lang='lat' dir='ltr'>quidem</span> <span class='ocrx_word' id='word_1_151' title='bbox 954 1302 1121 1373; x_wconf 83' lang='lat' dir='ltr'>Totiesergo</span> <span class='ocrx_word' id='word_1_152' title='bbox 1136 1303 1400 1359; x_wconf 88' lang='lat' dir='ltr'>eicoronamtideles</span> <span class='ocrx_word' id='word_1_153' title='bbox 1414 1303 1539 1371; x_wconf 90' lang='lat' dir='ltr'>otlerunt,</span> <span class='ocrx_word' id='word_1_154' title='bbox 1556 1308 1662 1376; x_wconf 87' lang='lat' dir='ltr'>quoties</span> <span class='ocrx_word' id='word_1_155' title='bbox 1681 1309 1754 1364; x_wconf 89' lang='lat' dir='ltr'>bunc</span> 
     </span>
     <span class='ocr_line' id='line_1_13' title="bbox 100 1388 1627 1462; baseline 0.001 -15"><span class='ocrx_word' id='word_1_156' title='bbox 100 1407 203 1462; x_wconf 85' lang='lat' dir='ltr'>porros</span> <span class='ocrx_word' id='word_1_157' title='bbox 218 1406 248 1445; x_wconf 84' lang='lat' dir='ltr'>se</span> <span class='ocrx_word' id='word_1_158' title='bbox 263 1397 288 1444; x_wconf 87' lang='lat' dir='ltr'>et</span> <span class='ocrx_word' id='word_1_159' title='bbox 304 1398 463 1461; x_wconf 85' lang='lat' dir='ltr'>peccatores</span> <span class='ocrx_word' id='word_1_160' title='bbox 479 1388 641 1460; x_wconf 84' lang='lat' dir='ltr'>intelligunt,</span> <span class='ocrx_word' id='word_1_161' title='bbox 662 1390 707 1443; x_wconf 91' lang='lat' dir='ltr'>sed</span> <span class='ocrx_word' id='word_1_162' title='bbox 719 1390 759 1443; x_wconf 91' lang='lat' dir='ltr'>eis</span> <span class='ocrx_word' id='word_1_163' title='bbox 770 1405 819 1458; x_wconf 89' lang='lat' dir='ltr'>per</span> <span class='ocrx_word' id='word_1_164' title='bbox 834 1390 901 1443; x_wconf 89' lang='lat' dir='ltr'>elta·</span> <span class='ocrx_word' id='word_1_165' title='bbox 955 1392 1053 1445; x_wconf 83' lang='lat' dir='ltr'>ricisse</span> <span class='ocrx_word' id='word_1_166' title='bbox 1069 1401 1184 1445; x_wconf 89' lang='lat' dir='ltr'>mortem</span> <span class='ocrx_word' id='word_1_167' title='bbox 1196 1407 1232 1446; x_wconf 79' lang='lat' dir='ltr'>en</span> <span class='ocrx_word' id='word_1_168' title='bbox 1244 1394 1442 1448; x_wconf 86' lang='lat' dir='ltr'>resurrectione</span> <span class='ocrx_word' id='word_1_169' title='bbox 1457 1393 1627 1450; x_wconf 88' lang='lat' dir='ltr'>coulitentur.</span> 
     </span>
    </p>

    <p class='ocr_par' dir='ltr' id='par_1_5' title="bbox 96 1477 1762 2791">
     <span class='ocr_line' id='line_1_14' title="bbox 99 1477 1752 1555; baseline 0.003 -21"><span class='ocrx_word' id='word_1_170' title='bbox 99 1481 210 1535; x_wconf 90' lang='lat' dir='ltr'>ritatem</span> <span class='ocrx_word' id='word_1_171' title='bbox 237 1478 419 1544; x_wconf 83' lang='lat' dir='ltr'>currentibus,</span> <span class='ocrx_word' id='word_1_172' title='bbox 445 1478 467 1532; x_wconf 87' lang='lat' dir='ltr'>si</span> <span class='ocrx_word' id='word_1_173' title='bbox 492 1493 546 1547; x_wconf 83' lang='lat' dir='ltr'>qua</span> <span class='ocrx_word' id='word_1_174' title='bbox 570 1478 711 1532; x_wconf 88' lang='lat' dir='ltr'>obstacula</span> <span class='ocrx_word' id='word_1_175' title='bbox 729 1478 763 1531; x_wconf 92' lang='lat' dir='ltr'>de</span> <span class='ocrx_word' id='word_1_176' title='bbox 783 1477 901 1547; x_wconf 89' lang='lat' dir='ltr'>impedi·</span> <span class='ocrx_word' id='word_1_177' title='bbox 993 1481 1075 1533; x_wconf 82' lang='lat' dir='ltr'>l&#39;arrs.</span> <span class='ocrx_word' id='word_1_178' title='bbox 1108 1483 1149 1536; x_wconf 92' lang='lat' dir='ltr'>tt.</span> <span class='ocrx_word' id='word_1_179' title='bbox 1180 1509 1214 1519; x_wconf 93' lang='lat'>—</span> <span class='ocrx_word' id='word_1_180' title='bbox 1238 1482 1289 1535; x_wconf 75' lang='lat' dir='ltr'>rtet</span> <span class='ocrx_word' id='word_1_181' title='bbox 1318 1485 1345 1536; x_wconf 84' lang='lat' dir='ltr'>et</span> <span class='ocrx_word' id='word_1_182' title='bbox 1363 1483 1584 1553; x_wconf 81' lang='lat' dir='ltr'>lacaublinpuo</span> <span class='ocrx_word' id='word_1_183' title='bbox 1606 1488 1667 1539; x_wconf 82' lang='lat' dir='ltr'>tart.</span> <span class='ocrx_word' id='word_1_184' title='bbox 1695 1484 1752 1555; x_wconf 80' lang='lat'><strong>(98)</strong></span> 
     </span>
     <span class='ocr_line' id='line_1_15' title="bbox 98 1566 1755 1642; baseline 0.004 -19"><span class='ocrx_word' id='word_1_185' title='bbox 98 1576 193 1624; x_wconf 90' lang='lat' dir='ltr'>mento</span> <span class='ocrx_word' id='word_1_186' title='bbox 217 1567 426 1637; x_wconf 78' lang='lat' dir='ltr'>temporalitatis</span> <span class='ocrx_word' id='word_1_187' title='bbox 459 1566 578 1631; x_wconf 88' lang='lat' dir='ltr'>ebriant,</span> <span class='ocrx_word' id='word_1_188' title='bbox 616 1574 766 1631; x_wconf 88' lang='lat' dir='ltr'>transeunt,</span> <span class='ocrx_word' id='word_1_189' title='bbox 792 1573 819 1620; x_wconf 90' lang='lat' dir='ltr'>et</span> <span class='ocrx_word' id='word_1_190' title='bbox 843 1566 902 1620; x_wconf 79' lang='lat' dir='ltr'>latis</span> <span class='ocrx_word' id='word_1_191' title='bbox 957 1567 1080 1637; x_wconf 82' lang='lat' dir='ltr'>Plerique</span> <span class='ocrx_word' id='word_1_192' title='bbox 1106 1567 1242 1636; x_wconf 84' lang='lat' dir='ltr'>justorum</span> <span class='ocrx_word' id='word_1_193' title='bbox 1267 1586 1329 1623; x_wconf 89' lang='lat' dir='ltr'>eum</span> <span class='ocrx_word' id='word_1_194' title='bbox 1357 1571 1487 1639; x_wconf 83' lang='lat' dir='ltr'>quosdam</span> <span class='ocrx_word' id='word_1_195' title='bbox 1517 1588 1600 1640; x_wconf 81' lang='lat' dir='ltr'>agere</span> <span class='ocrx_word' id='word_1_196' title='bbox 1627 1589 1755 1642; x_wconf 88' lang='lat' dir='ltr'>perversa</span> 
     </span>
     <span class='ocr_line' id='line_1_16' title="bbox 97 1654 1753 1730; baseline 0.002 -17"><span class='ocrx_word' id='word_1_197' title='bbox 97 1655 338 1728; x_wconf 82' lang='lat' dir='ltr'>contemplationis</span> <span class='ocrx_word' id='word_1_198' title='bbox 363 1654 477 1710; x_wconf 90' lang='lat' dir='ltr'>saltibus</span> <span class='ocrx_word' id='word_1_199' title='bbox 507 1656 542 1709; x_wconf 84' lang='lat' dir='ltr'>ad</span> <span class='ocrx_word' id='word_1_200' title='bbox 573 1654 901 1725; x_wconf 85' lang='lat' dir='ltr'>supernaeonseeudunt.</span> <span class='ocrx_word' id='word_1_201' title='bbox 956 1657 1135 1727; x_wconf 84' lang='lat' dir='ltr'>conspiciunt,</span> <span class='ocrx_word' id='word_1_202' title='bbox 1157 1658 1201 1726; x_wconf 86' lang='lat' dir='ltr'>qrri</span> <span class='ocrx_word' id='word_1_203' title='bbox 1217 1657 1290 1712; x_wconf 89' lang='lat' dir='ltr'>duris</span> <span class='ocrx_word' id='word_1_204' title='bbox 1307 1664 1371 1713; x_wconf 86' lang='lat' dir='ltr'>sunt</span> <span class='ocrx_word' id='word_1_205' title='bbox 1385 1660 1612 1730; x_wconf 89' lang='lat' dir='ltr'>increpationibus</span> <span class='ocrx_word' id='word_1_206' title='bbox 1629 1661 1753 1729; x_wconf 82' lang='lat' dir='ltr'>leniendi,</span> 
     </span>
     <span class='ocr_line' id='line_1_17' title="bbox 98 1744 1757 1829; baseline 0.004 -29"><span class='ocrx_word' id='word_1_207' title='bbox 98 1744 153 1814; x_wconf 82' lang='lat' dir='ltr'>Qui</span> <span class='ocrx_word' id='word_1_208' title='bbox 168 1754 197 1800; x_wconf 92' lang='lat' dir='ltr'>nt</span> <span class='ocrx_word' id='word_1_209' title='bbox 213 1747 372 1817; x_wconf 81' lang='lat' dir='ltr'>lraecagant,</span> <span class='ocrx_word' id='word_1_210' title='bbox 380 1744 761 1813; x_wconf 82' lang='lat' dir='ltr'>praecedentiumsanctorum</span> <span class='ocrx_word' id='word_1_211' title='bbox 776 1745 901 1813; x_wconf 87' lang='lat' dir='ltr'>exempla</span> <span class='ocrx_word' id='word_1_212' title='bbox 915 1771 941 1829; x_wconf 79' lang='lat' dir='ltr'><strong>B</strong></span> <span class='ocrx_word' id='word_1_213' title='bbox 958 1745 982 1799; x_wconf 92' lang='lat' dir='ltr'>in</span> <span class='ocrx_word' id='word_1_214' title='bbox 1000 1745 1092 1816; x_wconf 86' lang='lat' dir='ltr'>lingua</span> <span class='ocrx_word' id='word_1_215' title='bbox 1107 1746 1281 1815; x_wconf 79' lang='lat' dir='ltr'>asperitatem</span> <span class='ocrx_word' id='word_1_216' title='bbox 1294 1755 1402 1801; x_wconf 86' lang='lat' dir='ltr'>sumunt</span> <span class='ocrx_word' id='word_1_217' title='bbox 1418 1766 1424 1803; x_wconf 79' lang='lat'>2</span> <span class='ocrx_word' id='word_1_218' title='bbox 1441 1749 1488 1802; x_wconf 91' lang='lat' dir='ltr'>sed</span> <span class='ocrx_word' id='word_1_219' title='bbox 1498 1749 1549 1802; x_wconf 92' lang='lat' dir='ltr'>sub</span> <span class='ocrx_word' id='word_1_220' title='bbox 1560 1750 1757 1821; x_wconf 84' lang='lat' dir='ltr'>linguamentis</span> 
     </span>
     <span class='ocr_line' id='line_1_18' title="bbox 96 1830 1757 1906; baseline 0.003 -16"><span class='ocrx_word' id='word_1_221' title='bbox 96 1833 278 1906; x_wconf 90' lang='lat' dir='ltr'>conspiciunt,</span> <span class='ocrx_word' id='word_1_222' title='bbox 294 1833 365 1889; x_wconf 91' lang='lat' dir='ltr'>unde</span> <span class='ocrx_word' id='word_1_223' title='bbox 379 1841 404 1888; x_wconf 87' lang='lat' dir='ltr'>et</span> <span class='ocrx_word' id='word_1_224' title='bbox 419 1834 447 1885; x_wconf 92' lang='lat' dir='ltr'>in</span> <span class='ocrx_word' id='word_1_225' title='bbox 462 1831 525 1886; x_wconf 94' lang='lat' dir='ltr'>liliis</span> <span class='ocrx_word' id='word_1_226' title='bbox 540 1833 615 1902; x_wconf 88' lang='lat' dir='ltr'>pasci</span> <span class='ocrx_word' id='word_1_227' title='bbox 644 1831 806 1887; x_wconf 81' lang='lat' dir='ltr'>reseruntur.</span> <span class='ocrx_word' id='word_1_228' title='bbox 830 1830 902 1899; x_wconf 85' lang='lat' dir='ltr'>Quid</span> <span class='ocrx_word' id='word_1_229' title='bbox 957 1849 1014 1888; x_wconf 80' lang='lat' dir='ltr'>sum</span> <span class='ocrx_word' id='word_1_230' title='bbox 1026 1833 1222 1905; x_wconf 88' lang='lat' dir='ltr'>benignitatem</span> <span class='ocrx_word' id='word_1_231' title='bbox 1237 1844 1394 1906; x_wconf 78' lang='lat' dir='ltr'>contegunt.</span> <span class='ocrx_word' id='word_1_232' title='bbox 1411 1836 1462 1904; x_wconf 81' lang='lat' dir='ltr'>Qui</span> <span class='ocrx_word' id='word_1_233' title='bbox 1478 1837 1549 1892; x_wconf 89' lang='lat' dir='ltr'>enim</span> <span class='ocrx_word' id='word_1_234' title='bbox 1579 1841 1679 1893; x_wconf 88' lang='lat' dir='ltr'>mentis</span> <span class='ocrx_word' id='word_1_235' title='bbox 1697 1856 1757 1895; x_wconf 86' lang='lat' dir='ltr'>suae</span> 
     </span>
     <span class='ocr_line' id='line_1_19' title="bbox 98 1920 1758 1997; baseline 0.002 -19"><span class='ocrx_word' id='word_1_236' title='bbox 98 1923 174 1979; x_wconf 85' lang='lat' dir='ltr'>enim</span> <span class='ocrx_word' id='word_1_237' title='bbox 184 1939 233 1995; x_wconf 89' lang='lat' dir='ltr'>per</span> <span class='ocrx_word' id='word_1_238' title='bbox 247 1922 313 1988; x_wconf 90' lang='lat' dir='ltr'>lilia,</span> <span class='ocrx_word' id='word_1_239' title='bbox 329 1922 380 1976; x_wconf 91' lang='lat' dir='ltr'>nisi</span> <span class='ocrx_word' id='word_1_240' title='bbox 395 1923 499 1977; x_wconf 91' lang='lat' dir='ltr'>illorum</span> <span class='ocrx_word' id='word_1_241' title='bbox 523 1923 578 1976; x_wconf 85' lang='lat' dir='ltr'>rita</span> <span class='ocrx_word' id='word_1_242' title='bbox 598 1922 762 1988; x_wconf 85' lang='lat' dir='ltr'>declaratur,</span> <span class='ocrx_word' id='word_1_243' title='bbox 793 1920 902 1991; x_wconf 82' lang='lat' dir='ltr'>qtrire-</span> <span class='ocrx_word' id='word_1_244' title='bbox 956 1922 1126 1977; x_wconf 89' lang='lat' dir='ltr'>dulcedinem</span> <span class='ocrx_word' id='word_1_245' title='bbox 1152 1924 1259 1992; x_wconf 88' lang='lat' dir='ltr'>aperire</span> <span class='ocrx_word' id='word_1_246' title='bbox 1282 1925 1397 1979; x_wconf 92' lang='lat' dir='ltr'>iulirmis</span> <span class='ocrx_word' id='word_1_247' title='bbox 1422 1927 1524 1991; x_wconf 90' lang='lat' dir='ltr'>nolunt,</span> <span class='ocrx_word' id='word_1_248' title='bbox 1552 1929 1599 1982; x_wconf 87' lang='lat' dir='ltr'>sed</span> <span class='ocrx_word' id='word_1_249' title='bbox 1615 1927 1758 1997; x_wconf 84' lang='lat' dir='ltr'>loquentes</span> 
     </span>
     <span class='ocr_line' id='line_1_20' title="bbox 97 2010 1758 2083; baseline 0.002 -16"><span class='ocrx_word' id='word_1_250' title='bbox 97 2012 203 2069; x_wconf 86' lang='lat' dir='ltr'>raciter</span> <span class='ocrx_word' id='word_1_251' title='bbox 221 2011 313 2066; x_wconf 88' lang='lat' dir='ltr'>dicunt</span> <span class='ocrx_word' id='word_1_252' title='bbox 330 2030 336 2066; x_wconf 94' lang='lat'>:</span> <span class='ocrx_word' id='word_1_253' title='bbox 353 2011 453 2066; x_wconf 86' lang='lat' dir='ltr'>Christi</span> <span class='ocrx_word' id='word_1_254' title='bbox 476 2010 565 2066; x_wconf 89' lang='lat' dir='ltr'>bonus</span> <span class='ocrx_word' id='word_1_255' title='bbox 594 2010 662 2065; x_wconf 89' lang='lat' dir='ltr'>odor</span> <span class='ocrx_word' id='word_1_256' title='bbox 678 2026 771 2064; x_wconf 90' lang='lat' dir='ltr'>sumus</span> <span class='ocrx_word' id='word_1_257' title='bbox 786 2010 843 2063; x_wconf 87' lang='lat' dir='ltr'>Deo</span> <span class='ocrx_word' id='word_1_258' title='bbox 857 2010 871 2063; x_wconf 86' lang='lat' dir='ltr'>‘l</span> <span class='ocrx_word' id='word_1_259' title='bbox 888 2032 900 2059; x_wconf 78' lang='lat' dir='ltr'>r</span> <span class='ocrx_word' id='word_1_260' title='bbox 957 2011 1074 2083; x_wconf 93' lang='lat' dir='ltr'>quadam</span> <span class='ocrx_word' id='word_1_261' title='bbox 1089 2027 1136 2066; x_wconf 75' lang='lat' dir='ltr'>eos</span> <span class='ocrx_word' id='word_1_262' title='bbox 1159 2013 1301 2082; x_wconf 89' lang='lat' dir='ltr'>asperitate</span> <span class='ocrx_word' id='word_1_263' title='bbox 1327 2013 1434 2082; x_wconf 82' lang='lat' dir='ltr'>feriunt,</span> <span class='ocrx_word' id='word_1_264' title='bbox 1446 2022 1473 2068; x_wconf 90' lang='lat' dir='ltr'>et</span> <span class='ocrx_word' id='word_1_265' title='bbox 1485 2022 1574 2068; x_wconf 88' lang='lat' dir='ltr'>tanton</span> <span class='ocrx_word' id='word_1_266' title='bbox 1590 2015 1659 2070; x_wconf 90' lang='lat' dir='ltr'>inter</span> <span class='ocrx_word' id='word_1_267' title='bbox 1673 2016 1758 2071; x_wconf 84' lang='lat' dir='ltr'>rerba</span> 
     </span>
     <span class='ocr_line' id='line_1_21' title="bbox 96 2098 1756 2172; baseline 0.002 -17"><span class='ocrx_word' id='word_1_268' title='bbox 96 2100 138 2172; x_wconf 85' lang='lat' dir='ltr'>(ll</span> <span class='ocrx_word' id='word_1_269' title='bbox 148 2102 208 2157; x_wconf 88' lang='lat' dir='ltr'>Cor.</span> <span class='ocrx_word' id='word_1_270' title='bbox 224 2100 366 2171; x_wconf 69' lang='lat' dir='ltr'>inlaterat</span> <span class='ocrx_word' id='word_1_271' title='bbox 382 2115 450 2170; x_wconf 87' lang='lat' dir='ltr'>ergo</span> <span class='ocrx_word' id='word_1_272' title='bbox 472 2106 500 2153; x_wconf 93' lang='lat' dir='ltr'>ut</span> <span class='ocrx_word' id='word_1_273' title='bbox 528 2098 635 2169; x_wconf 80' lang='lat' dir='ltr'>assequi</span> <span class='ocrx_word' id='word_1_274' title='bbox 661 2114 769 2153; x_wconf 89' lang='lat' dir='ltr'>summa</span> <span class='ocrx_word' id='word_1_275' title='bbox 796 2114 902 2168; x_wconf 84' lang='lat' dir='ltr'>praera-</span> <span class='ocrx_word' id='word_1_276' title='bbox 956 2114 1049 2170; x_wconf 86' lang='lat' dir='ltr'>aspera</span> <span class='ocrx_word' id='word_1_277' title='bbox 1064 2100 1138 2170; x_wconf 88' lang='lat' dir='ltr'>quasi</span> <span class='ocrx_word' id='word_1_278' title='bbox 1161 2100 1276 2155; x_wconf 87' lang='lat' dir='ltr'>latentes</span> <span class='ocrx_word' id='word_1_279' title='bbox 1296 2102 1428 2172; x_wconf 87' lang='lat' dir='ltr'>quasdam</span> <span class='ocrx_word' id='word_1_280' title='bbox 1447 2103 1606 2159; x_wconf 84' lang='lat' dir='ltr'>dulcedines</span> <span class='ocrx_word' id='word_1_281' title='bbox 1620 2104 1756 2159; x_wconf 91' lang='lat' dir='ltr'>intermit-</span> 
     </span>
     <span class='ocr_line' id='line_1_22' title="bbox 98 2187 1759 2264; baseline 0.001 -19"><span class='ocrx_word' id='word_1_282' title='bbox 98 2187 500 2258; x_wconf 88' lang='lat' dir='ltr'>leant,conspectaodorilera</span> <span class='ocrx_word' id='word_1_283' title='bbox 520 2187 822 2257; x_wconf 89' lang='lat' dir='ltr'>etcandidajustorum</span> <span class='ocrx_word' id='word_1_284' title='bbox 850 2187 903 2243; x_wconf 86' lang='lat' dir='ltr'>rita</span> <span class='ocrx_word' id='word_1_285' title='bbox 958 2189 1069 2253; x_wconf 90' lang='lat' dir='ltr'>tunt,lri</span> <span class='ocrx_word' id='word_1_286' title='bbox 1091 2188 1433 2261; x_wconf 78' lang='lat' dir='ltr'>videlicutnoninlingua,</span> <span class='ocrx_word' id='word_1_287' title='bbox 1463 2191 1574 2245; x_wconf 90' lang='lat' dir='ltr'>sedsub</span> <span class='ocrx_word' id='word_1_288' title='bbox 1593 2192 1687 2264; x_wconf 86' lang='lat' dir='ltr'>lingua</span> <span class='ocrx_word' id='word_1_289' title='bbox 1712 2194 1759 2248; x_wconf 89' lang='lat' dir='ltr'>lta·</span> 
     </span>
     <span class='ocr_line' id='line_1_23' title="bbox 102 2274 1757 2351; baseline 0.001 -18"><span class='ocrx_word' id='word_1_290' title='bbox 102 2278 324 2335; x_wconf 66' lang='lat' dir='ltr'>§adamandam</span> <span class='ocrx_word' id='word_1_291' title='bbox 342 2276 450 2347; x_wconf 86' lang='lat' dir='ltr'>quidem</span> <span class='ocrx_word' id='word_1_292' title='bbox 467 2275 558 2330; x_wconf 89' lang='lat' dir='ltr'>ridere</span> <span class='ocrx_word' id='word_1_293' title='bbox 573 2277 658 2330; x_wconf 88' lang='lat' dir='ltr'>Deum</span> <span class='ocrx_word' id='word_1_294' title='bbox 673 2275 774 2341; x_wconf 89' lang='lat' dir='ltr'>sitiunt,</span> <span class='ocrx_word' id='word_1_295' title='bbox 797 2274 904 2345; x_wconf 87' lang='lat' dir='ltr'>jamda</span> <span class='ocrx_word' id='word_1_296' title='bbox 958 2275 1218 2344; x_wconf 85' lang='lat' dir='ltr'>bentdulcedinern,</span> <span class='ocrx_word' id='word_1_297' title='bbox 1249 2278 1313 2346; x_wconf 88' lang='lat' dir='ltr'>quia</span> <span class='ocrx_word' id='word_1_298' title='bbox 1335 2278 1406 2333; x_wconf 92' lang='lat' dir='ltr'>inter</span> <span class='ocrx_word' id='word_1_299' title='bbox 1428 2279 1496 2333; x_wconf 76' lang='lat' dir='ltr'>(lura</span> <span class='ocrx_word' id='word_1_300' title='bbox 1524 2295 1583 2351; x_wconf 82' lang='lat' dir='ltr'>qum</span> <span class='ocrx_word' id='word_1_301' title='bbox 1612 2281 1757 2350; x_wconf 82' lang='lat' dir='ltr'>proferunt</span> 
     </span>
     <span class='ocr_line' id='line_1_24' title="bbox 100 2364 1759 2437; baseline 0.001 -16"><span class='ocrx_word' id='word_1_302' title='bbox 100 2367 162 2433; x_wconf 79' lang='lat' dir='ltr'>eius</span> <span class='ocrx_word' id='word_1_303' title='bbox 177 2365 406 2434; x_wconf 86' lang='lat' dir='ltr'>contemplatione</span> <span class='ocrx_word' id='word_1_304' title='bbox 422 2365 515 2419; x_wconf 88' lang='lat' dir='ltr'>satiari</span> <span class='ocrx_word' id='word_1_305' title='bbox 530 2364 676 2420; x_wconf 83' lang='lat' dir='ltr'>charitatis</span> <span class='ocrx_word' id='word_1_306' title='bbox 704 2364 903 2419; x_wconf 67' lang='lat' dir='ltr'>aestibusinar·</span> <span class='ocrx_word' id='word_1_307' title='bbox 959 2366 1336 2436; x_wconf 82' lang='lat' dir='ltr'>emittuutquadamblautla</span> <span class='ocrx_word' id='word_1_308' title='bbox 1361 2367 1502 2433; x_wconf 88' lang='lat' dir='ltr'>etduleia,</span> <span class='ocrx_word' id='word_1_309' title='bbox 1535 2369 1631 2437; x_wconf 85' lang='lat' dir='ltr'>quibus</span> <span class='ocrx_word' id='word_1_310' title='bbox 1656 2370 1759 2424; x_wconf 86' lang='lat' dir='ltr'>coutri-</span> 
     </span>
     <span class='ocr_line' id='line_1_25' title="bbox 100 2453 1762 2527; baseline 0.002 -17"><span class='ocrx_word' id='word_1_311' title='bbox 100 2453 316 2523; x_wconf 85' lang='lat' dir='ltr'>descunt;setl,</span> <span class='ocrx_word' id='word_1_312' title='bbox 334 2453 904 2524; x_wconf 87' lang='lat' dir='ltr'>quiainbaoritapositinecdurnralent,</span> <span class='ocrx_word' id='word_1_313' title='bbox 959 2456 1019 2509; x_wconf 89' lang='lat' dir='ltr'>stati</span> <span class='ocrx_word' id='word_1_314' title='bbox 1032 2471 1108 2509; x_wconf 91' lang='lat' dir='ltr'>mens</span> <span class='ocrx_word' id='word_1_315' title='bbox 1124 2455 1208 2523; x_wconf 77' lang='lat' dir='ltr'>possit</span> <span class='ocrx_word' id='word_1_316' title='bbox 1225 2471 1256 2509; x_wconf 88' lang='lat' dir='ltr'>err</span> <span class='ocrx_word' id='word_1_317' title='bbox 1272 2455 1442 2527; x_wconf 87' lang='lat' dir='ltr'>benignitate</span> <span class='ocrx_word' id='word_1_318' title='bbox 1473 2457 1604 2511; x_wconf 75' lang='lat' dir='ltr'>refoveri.</span> <span class='ocrx_word' id='word_1_319' title='bbox 1634 2454 1762 2514; x_wconf 83' lang='lat' dir='ltr'>Pervarai&#39;</span> 
     </span>
     <span class='ocr_line' id='line_1_26' title="bbox 99 2541 1759 2617; baseline 0.002 -19"><span class='ocrx_word' id='word_1_320' title='bbox 99 2542 311 2614; x_wconf 76' lang='lat' dir='ltr'>praecedentium</span> <span class='ocrx_word' id='word_1_321' title='bbox 326 2542 436 2596; x_wconf 91' lang='lat' dir='ltr'>interim</span> <span class='ocrx_word' id='word_1_322' title='bbox 452 2542 560 2596; x_wconf 84' lang='lat' dir='ltr'>Petrum</span> <span class='ocrx_word' id='word_1_323' title='bbox 588 2541 720 2609; x_wconf 83' lang='lat' dir='ltr'>exemplis</span> <span class='ocrx_word' id='word_1_324' title='bbox 747 2550 903 2607; x_wconf 88' lang='lat' dir='ltr'>pascuntur.</span> <span class='ocrx_word' id='word_1_325' title='bbox 959 2558 1049 2597; x_wconf 88' lang='lat' dir='ltr'>autem</span> <span class='ocrx_word' id='word_1_326' title='bbox 1065 2553 1091 2598; x_wconf 88' lang='lat' dir='ltr'>et</span> <span class='ocrx_word' id='word_1_327' title='bbox 1106 2544 1252 2614; x_wconf 80' lang='lat' dir='ltr'>hypocritae</span> <span class='ocrx_word' id='word_1_328' title='bbox 1270 2546 1371 2598; x_wconf 91' lang='lat' dir='ltr'>malum</span> <span class='ocrx_word' id='word_1_329' title='bbox 1388 2560 1441 2599; x_wconf 91' lang='lat' dir='ltr'>non</span> <span class='ocrx_word' id='word_1_330' title='bbox 1454 2545 1479 2598; x_wconf 93' lang='lat' dir='ltr'>in</span> <span class='ocrx_word' id='word_1_331' title='bbox 1495 2545 1600 2617; x_wconf 89' lang='lat' dir='ltr'>lingua,</span> <span class='ocrx_word' id='word_1_332' title='bbox 1630 2546 1680 2601; x_wconf 90' lang='lat' dir='ltr'>sed</span> <span class='ocrx_word' id='word_1_333' title='bbox 1708 2547 1759 2602; x_wconf 89' lang='lat' dir='ltr'>sub</span> 
     </span>
     <span class='ocr_line' id='line_1_27' title="bbox 98 2629 1757 2705; baseline 0.001 -17"><span class='ocrx_word' id='word_1_334' title='bbox 98 2632 180 2688; x_wconf 86' lang='lat' dir='ltr'>Unde</span> <span class='ocrx_word' id='word_1_335' title='bbox 196 2640 222 2687; x_wconf 88' lang='lat' dir='ltr'>et</span> <span class='ocrx_word' id='word_1_336' title='bbox 234 2640 296 2702; x_wconf 90' lang='lat' dir='ltr'>apte</span> <span class='ocrx_word' id='word_1_337' title='bbox 312 2632 366 2685; x_wconf 82' lang='lat' dir='ltr'>illic</span> <span class='ocrx_word' id='word_1_338' title='bbox 382 2639 485 2700; x_wconf 84' lang='lat' dir='ltr'>tenipus</span> <span class='ocrx_word' id='word_1_339' title='bbox 499 2629 533 2685; x_wconf 88' lang='lat' dir='ltr'>de</span> <span class='ocrx_word' id='word_1_340' title='bbox 547 2632 667 2700; x_wconf 92' lang='lat' dir='ltr'>ipsorum</span> <span class='ocrx_word' id='word_1_341' title='bbox 694 2629 812 2683; x_wconf 90' lang='lat' dir='ltr'>liliorum</span> <span class='ocrx_word' id='word_1_342' title='bbox 829 2636 904 2698; x_wconf 89' lang='lat' dir='ltr'>pastu</span> <span class='ocrx_word' id='word_1_343' title='bbox 960 2631 1052 2703; x_wconf 87' lang='lat' dir='ltr'>lingua</span> <span class='ocrx_word' id='word_1_344' title='bbox 1076 2631 1186 2694; x_wconf 84' lang='lat' dir='ltr'>liabent,</span> <span class='ocrx_word' id='word_1_345' title='bbox 1204 2632 1266 2702; x_wconf 81' lang='lat' dir='ltr'>quia</span> <span class='ocrx_word' id='word_1_346' title='bbox 1281 2633 1452 2687; x_wconf 90' lang='lat' dir='ltr'>sermonibus</span> <span class='ocrx_word' id='word_1_347' title='bbox 1466 2633 1558 2689; x_wconf 90' lang='lat' dir='ltr'>dulcia</span> <span class='ocrx_word' id='word_1_348' title='bbox 1573 2633 1757 2705; x_wconf 78' lang='lat' dir='ltr'>praetendunt,</span> 
     </span>
     <span class='ocr_line' id='line_1_28' title="bbox 99 2716 1520 2791; baseline 0.002 -16"><span class='ocrx_word' id='word_1_349' title='bbox 99 2719 239 2786; x_wconf 89' lang='lat' dir='ltr'>delinitur,</span> <span class='ocrx_word' id='word_1_350' title='bbox 265 2721 329 2775; x_wconf 90' lang='lat' dir='ltr'>dum</span> <span class='ocrx_word' id='word_1_351' title='bbox 346 2720 442 2774; x_wconf 77' lang='lat' dir='ltr'>‹lit-itur</span> <span class='ocrx_word' id='word_1_352' title='bbox 458 2739 464 2773; x_wconf 89' lang='grc'>;</span> <span class='ocrx_word' id='word_1_353' title='bbox 480 2741 491 2765; x_wconf 76' lang='lat' dir='ltr'>a</span> <span class='ocrx_word' id='word_1_354' title='bbox 510 2720 605 2773; x_wconf 88' lang='lat' dir='ltr'>Donec</span> <span class='ocrx_word' id='word_1_355' title='bbox 619 2719 720 2788; x_wconf 89' lang='lat' dir='ltr'>aspiret</span> <span class='ocrx_word' id='word_1_356' title='bbox 739 2717 807 2785; x_wconf 76' lang='lat' dir='ltr'>dios,</span> <span class='ocrx_word' id='word_1_357' title='bbox 824 2716 905 2771; x_wconf 90' lang='lat' dir='ltr'>etin·</span> <span class='ocrx_word' id='word_1_358' title='bbox 960 2727 986 2774; x_wconf 91' lang='lat' dir='ltr'>et</span> <span class='ocrx_word' id='word_1_359' title='bbox 1004 2721 1212 2791; x_wconf 82' lang='lat' dir='ltr'>cogitationibus</span> <span class='ocrx_word' id='word_1_360' title='bbox 1223 2736 1350 2790; x_wconf 86' lang='lat' dir='ltr'>perversa</span> <span class='ocrx_word' id='word_1_361' title='bbox 1365 2722 1520 2778; x_wconf 89' lang='lat' dir='ltr'>moliuntur.</span> 
     </span>
    </p>

    <p class='ocr_par' dir='ltr' id='par_1_6' title="bbox 99 2806 1756 3061">
     <span class='ocr_line' id='line_1_29' title="bbox 99 2806 1756 2882; baseline 0.002 -17"><span class='ocrx_word' id='word_1_362' title='bbox 99 2810 240 2867; x_wconf 79' lang='lat' dir='ltr'>cline-ntur</span> <span class='ocrx_word' id='word_1_363' title='bbox 254 2810 373 2863; x_wconf 75' lang='lat' dir='ltr'>umbrae.</span> <span class='ocrx_word' id='word_1_364' title='bbox 400 2832 410 2855; x_wconf 75' lang='lat' dir='ltr'>n</span> <span class='ocrx_word' id='word_1_365' title='bbox 428 2807 536 2862; x_wconf 88' lang='lat' dir='ltr'>Tandiu</span> <span class='ocrx_word' id='word_1_366' title='bbox 555 2808 654 2877; x_wconf 91' lang='lat' dir='ltr'>quippe</span> <span class='ocrx_word' id='word_1_367' title='bbox 673 2807 747 2862; x_wconf 79' lang='lat' dir='ltr'>relisi</span> <span class='ocrx_word' id='word_1_368' title='bbox 766 2806 904 2875; x_wconf 85' lang='lat' dir='ltr'>justorum</span> <span class='ocrx_word' id='word_1_369' title='bbox 996 2809 1081 2863; x_wconf 82' lang='lat' dir='ltr'>Vnus.</span> <span class='ocrx_word' id='word_1_370' title='bbox 1104 2812 1149 2862; x_wconf 82' lang='lat' dir='ltr'>tn.</span> <span class='ocrx_word' id='word_1_371' title='bbox 1175 2839 1210 2849; x_wconf 92' lang='lat'>-</span> <span class='ocrx_word' id='word_1_372' title='bbox 1234 2811 1331 2879; x_wconf 78' lang='lat' dir='ltr'>Serpa,</span> <span class='ocrx_word' id='word_1_373' title='bbox 1357 2812 1462 2882; x_wconf 80' lang='lat' dir='ltr'>aquilo,</span> <span class='ocrx_word' id='word_1_374' title='bbox 1491 2816 1519 2866; x_wconf 87' lang='lat' dir='ltr'>et</span> <span class='ocrx_word' id='word_1_375' title='bbox 1546 2813 1622 2879; x_wconf 81' lang='lat' dir='ltr'>verri,</span> <span class='ocrx_word' id='word_1_376' title='bbox 1647 2817 1756 2878; x_wconf 78' lang='lat' dir='ltr'>auster,</span> 
     </span>
     <span class='ocr_line' id='line_1_30' title="bbox 99 2894 1756 2973; baseline 0.001 -19"><span class='ocrx_word' id='word_1_377' title='bbox 99 2898 236 2968; x_wconf 83' lang='lat' dir='ltr'>exemplis</span> <span class='ocrx_word' id='word_1_378' title='bbox 256 2898 422 2969; x_wconf 87' lang='lat' dir='ltr'>indigemus,</span> <span class='ocrx_word' id='word_1_379' title='bbox 451 2897 538 2952; x_wconf 90' lang='lat' dir='ltr'>donec</span> <span class='ocrx_word' id='word_1_380' title='bbox 563 2896 705 2966; x_wconf 76' lang='lat' dir='ltr'>praesentis</span> <span class='ocrx_word' id='word_1_381' title='bbox 732 2894 905 2949; x_wconf 84' lang='lat' dir='ltr'>mortalitatis</span> <span class='ocrx_word' id='word_1_382' title='bbox 957 2898 1049 2968; x_wconf 75' lang='lat' dir='ltr'>perfla</span> <span class='ocrx_word' id='word_1_383' title='bbox 1064 2896 1179 2953; x_wconf 86' lang='lat' dir='ltr'>ltortuut</span> <span class='ocrx_word' id='word_1_384' title='bbox 1194 2914 1297 2963; x_wconf 80' lang='lat' dir='ltr'>mercna,</span> <span class='ocrx_word' id='word_1_385' title='bbox 1310 2903 1338 2953; x_wconf 86' lang='lat' dir='ltr'>ct</span> <span class='ocrx_word' id='word_1_386' title='bbox 1352 2900 1443 2967; x_wconf 73' lang='lat' dir='ltr'>fluant</span> <span class='ocrx_word' id='word_1_387' title='bbox 1456 2904 1586 2955; x_wconf 86' lang='lat' dir='ltr'>oroutoto</span> <span class='ocrx_word' id='word_1_388' title='bbox 1598 2900 1688 2957; x_wconf 82' lang='lat' dir='ltr'>illius.</span> <span class='ocrx_word' id='word_1_389' title='bbox 1700 2902 1756 2973; x_wconf 83' lang='grc'>(99)</span> 
     </span>
     <span class='ocr_line' id='line_1_31' title="bbox 99 2982 1756 3061; baseline 0.001 -18"><span class='ocrx_word' id='word_1_390' title='bbox 99 2987 216 3043; x_wconf 90' lang='lat' dir='ltr'>umbras</span> <span class='ocrx_word' id='word_1_391' title='bbox 230 2996 331 3042; x_wconf 73' lang='lat' dir='ltr'>aeterno</span> <span class='ocrx_word' id='word_1_392' title='bbox 346 2987 388 3040; x_wconf 90' lang='lat' dir='ltr'>die</span> <span class='ocrx_word' id='word_1_393' title='bbox 405 2985 544 3056; x_wconf 84' lang='lat' dir='ltr'>aspirante</span> <span class='ocrx_word' id='word_1_394' title='bbox 558 2994 735 3039; x_wconf 87' lang='lat' dir='ltr'>transeamus.</span> <span class='ocrx_word' id='word_1_395' title='bbox 748 2985 816 3038; x_wconf 92' lang='lat' dir='ltr'>Cum</span> <span class='ocrx_word' id='word_1_396' title='bbox 831 2982 904 3037; x_wconf 90' lang='lat' dir='ltr'>enim</span> <span class='ocrx_word' id='word_1_397' title='bbox 960 2986 1011 3039; x_wconf 90' lang='lat' dir='ltr'>Pro</span> <span class='ocrx_word' id='word_1_398' title='bbox 1026 3001 1058 3039; x_wconf 92' lang='lat' dir='ltr'>eo</span> <span class='ocrx_word' id='word_1_399' title='bbox 1082 2985 1153 3054; x_wconf 83' lang='lat' dir='ltr'>quod</span> <span class='ocrx_word' id='word_1_400' title='bbox 1182 2994 1278 3039; x_wconf 77' lang='lat' dir='ltr'>retatus</span> <span class='ocrx_word' id='word_1_401' title='bbox 1292 2987 1383 3057; x_wconf 69' lang='lat' dir='ltr'>utpuilo</span> <span class='ocrx_word' id='word_1_402' title='bbox 1404 2989 1568 3061; x_wconf 84' lang='lat' dir='ltr'>constringit</span> <span class='ocrx_word' id='word_1_403' title='bbox 1582 2990 1608 3042; x_wconf 89' lang='lat' dir='ltr'>in</span> <span class='ocrx_word' id='word_1_404' title='bbox 1641 2989 1756 3060; x_wconf 82' lang='lat' dir='ltr'>frigore,</span> 
     </span>
    </p>
   </div>
   <div class='ocr_carea' id='block_1_5' title="bbox 98 3071 1845 3148">
    <p class='ocr_par' dir='ltr' id='par_1_7' title="bbox 98 3071 1845 3148">
     <span class='ocr_line' id='line_1_32' title="bbox 98 3071 1845 3148; baseline -0.001 -16"><span class='ocrx_word' id='word_1_405' title='bbox 98 3075 187 3146; x_wconf 87' lang='lat' dir='ltr'>hujus</span> <span class='ocrx_word' id='word_1_406' title='bbox 201 3075 411 3146; x_wconf 83' lang='lat' dir='ltr'>temporalitatis</span> <span class='ocrx_word' id='word_1_407' title='bbox 436 3075 684 3129; x_wconf 87' lang='lat' dir='ltr'>umbratransacta</span> <span class='ocrx_word' id='word_1_408' title='bbox 712 3071 903 3127; x_wconf 90' lang='lat' dir='ltr'>lracmortali·</span> <span class='ocrx_word' id='word_1_409' title='bbox 960 3090 1015 3130; x_wconf 93' lang='lat' dir='ltr'>non</span> <span class='ocrx_word' id='word_1_410' title='bbox 1038 3074 1188 3146; x_wconf 87' lang='lat' dir='ltr'>incongrue</span> <span class='ocrx_word' id='word_1_411' title='bbox 1216 3084 1306 3144; x_wconf 89' lang='lat' dir='ltr'>torpor</span> <span class='ocrx_word' id='word_1_412' title='bbox 1325 3076 1439 3147; x_wconf 86' lang='lat' dir='ltr'>maligni</span> <span class='ocrx_word' id='word_1_413' title='bbox 1463 3077 1572 3146; x_wconf 84' lang='lat' dir='ltr'>spiritus</span> <span class='ocrx_word' id='word_1_414' title='bbox 1601 3077 1760 3148; x_wconf 87' lang='lat' dir='ltr'>designatur</span> <span class='ocrx_word' id='word_1_415' title='bbox 1828 3072 1845 3105; x_wconf 79' lang='grc'>·’</span> 
     </span>
    </p>
   </div>
   <div class='ocr_carea' id='block_1_6' title="bbox 97 3131 1760 4740">
    <p class='ocr_par' dir='ltr' id='par_1_8' title="bbox 97 3131 1760 4649">
     <span class='ocr_line' id='line_1_33' title="bbox 98 3131 1758 3235; baseline -0.001 -14"><span class='ocrx_word' id='word_1_416' title='bbox 98 3173 157 3221; x_wconf 85' lang='lat' dir='ltr'>tata</span> <span class='ocrx_word' id='word_1_417' title='bbox 172 3165 253 3220; x_wconf 85' lang='lat' dir='ltr'>luerit</span> <span class='ocrx_word' id='word_1_418' title='bbox 267 3164 405 3229; x_wconf 89' lang='lat' dir='ltr'>inclinata,</span> <span class='ocrx_word' id='word_1_419' title='bbox 423 3180 475 3235; x_wconf 92' lang='lat' dir='ltr'>qua</span> <span class='ocrx_word' id='word_1_420' title='bbox 489 3163 575 3233; x_wconf 86' lang='lat' dir='ltr'>ipsius</span> <span class='ocrx_word' id='word_1_421' title='bbox 590 3163 643 3217; x_wconf 89' lang='lat' dir='ltr'>diei</span> <span class='ocrx_word' id='word_1_422' title='bbox 659 3163 794 3216; x_wconf 89' lang='lat' dir='ltr'>internum</span> <span class='ocrx_word' id='word_1_423' title='bbox 813 3161 904 3216; x_wconf 90' lang='lat' dir='ltr'>lumen</span> <span class='ocrx_word' id='word_1_424' title='bbox 920 3131 944 3194; x_wconf 73' lang='lat' dir='ltr'>G</span> <span class='ocrx_word' id='word_1_425' title='bbox 959 3162 1095 3233; x_wconf 84' lang='lat' dir='ltr'>aquilonis</span> <span class='ocrx_word' id='word_1_426' title='bbox 1118 3163 1238 3228; x_wconf 91' lang='lat' dir='ltr'>nomine,</span> <span class='ocrx_word' id='word_1_427' title='bbox 1256 3163 1327 3217; x_wconf 87' lang='lat' dir='ltr'>isaia</span> <span class='ocrx_word' id='word_1_428' title='bbox 1347 3180 1455 3234; x_wconf 80' lang='lat' dir='ltr'>quoque</span> <span class='ocrx_word' id='word_1_429' title='bbox 1471 3167 1606 3235; x_wconf 84' lang='lat' dir='ltr'>propbeta</span> <span class='ocrx_word' id='word_1_430' title='bbox 1635 3173 1758 3233; x_wconf 86' lang='lat' dir='ltr'>testante,</span> 
     </span>
     <span class='ocr_line' id='line_1_34' title="bbox 98 3249 1760 3324; baseline -0.002 -14"><span class='ocrx_word' id='word_1_431' title='bbox 98 3253 252 3322; x_wconf 85' lang='lat' dir='ltr'>cernimus,</span> <span class='ocrx_word' id='word_1_432' title='bbox 264 3268 435 3324; x_wconf 86' lang='lat' dir='ltr'>nequaquam</span> <span class='ocrx_word' id='word_1_433' title='bbox 448 3252 505 3322; x_wconf 87' lang='lat' dir='ltr'>jam</span> <span class='ocrx_word' id='word_1_434' title='bbox 522 3252 677 3321; x_wconf 89' lang='lat' dir='ltr'>appetimus</span> <span class='ocrx_word' id='word_1_435' title='bbox 692 3259 720 3305; x_wconf 91' lang='lat' dir='ltr'>ut</span> <span class='ocrx_word' id='word_1_436' title='bbox 734 3251 769 3306; x_wconf 92' lang='lat' dir='ltr'>ad</span> <span class='ocrx_word' id='word_1_437' title='bbox 783 3265 904 3305; x_wconf 89' lang='lat' dir='ltr'>amorem</span> <span class='ocrx_word' id='word_1_438' title='bbox 960 3252 1002 3322; x_wconf 88' lang='lat' dir='ltr'>qui</span> <span class='ocrx_word' id='word_1_439' title='bbox 1019 3267 1187 3306; x_wconf 83' lang='lat' dir='ltr'>secessurum</span> <span class='ocrx_word' id='word_1_440' title='bbox 1202 3251 1228 3304; x_wconf 92' lang='lat' dir='ltr'>iu</span> <span class='ocrx_word' id='word_1_441' title='bbox 1254 3249 1383 3305; x_wconf 90' lang='lat' dir='ltr'>lateribus</span> <span class='ocrx_word' id='word_1_442' title='bbox 1402 3252 1686 3320; x_wconf 85' lang='lat' dir='ltr'>aquilonisdiabolutn</span> <span class='ocrx_word' id='word_1_443' title='bbox 1717 3254 1760 3307; x_wconf 90' lang='lat' dir='ltr'>di·</span> 
     </span>
     <span class='ocr_line' id='line_1_35' title="bbox 99 3339 1758 3414; baseline -0.001 -16"><span class='ocrx_word' id='word_1_444' title='bbox 99 3341 162 3412; x_wconf 88' lang='lat' dir='ltr'>ejns</span> <span class='ocrx_word' id='word_1_445' title='bbox 186 3358 235 3414; x_wconf 87' lang='lat' dir='ltr'>per</span> <span class='ocrx_word' id='word_1_446' title='bbox 261 3340 377 3396; x_wconf 89' lang='lat' dir='ltr'>aliorum</span> <span class='ocrx_word' id='word_1_447' title='bbox 391 3341 514 3411; x_wconf 88' lang='lat' dir='ltr'>exempla</span> <span class='ocrx_word' id='word_1_448' title='bbox 526 3340 686 3411; x_wconf 80' lang='lat' dir='ltr'>flagremus.</span> <span class='ocrx_word' id='word_1_449' title='bbox 708 3341 785 3393; x_wconf 88' lang='lat' dir='ltr'>Nunc</span> <span class='ocrx_word' id='word_1_450' title='bbox 804 3347 904 3405; x_wconf 90' lang='lat' dir='ltr'>autern,</span> <span class='ocrx_word' id='word_1_451' title='bbox 960 3340 1036 3394; x_wconf 81' lang='lat' dir='ltr'>risse</span> <span class='ocrx_word' id='word_1_452' title='bbox 1050 3339 1200 3395; x_wconf 88' lang='lat' dir='ltr'>denuntiat.</span> <span class='ocrx_word' id='word_1_453' title='bbox 1218 3339 1247 3392; x_wconf 91' lang='lat' dir='ltr'>lu</span> <span class='ocrx_word' id='word_1_454' title='bbox 1263 3339 1393 3393; x_wconf 89' lang='lat' dir='ltr'>lateribus</span> <span class='ocrx_word' id='word_1_455' title='bbox 1422 3340 1493 3393; x_wconf 90' lang='lat' dir='ltr'>enim</span> <span class='ocrx_word' id='word_1_456' title='bbox 1510 3340 1644 3409; x_wconf 84' lang='lat' dir='ltr'>aqtrllonis</span> <span class='ocrx_word' id='word_1_457' title='bbox 1670 3341 1758 3409; x_wconf 85' lang='lat' dir='ltr'>sedet,</span> 
     </span>
     <span class='ocr_line' id='line_1_36' title="bbox 99 3426 1757 3504; baseline -0.002 -17"><span class='ocrx_word' id='word_1_458' title='bbox 99 3432 166 3504; x_wconf 86' lang='lat' dir='ltr'>quia</span> <span class='ocrx_word' id='word_1_459' title='bbox 193 3430 311 3486; x_wconf 88' lang='lat' dir='ltr'>necdum</span> <span class='ocrx_word' id='word_1_460' title='bbox 340 3447 401 3484; x_wconf 89' lang='lat' dir='ltr'>enm</span> <span class='ocrx_word' id='word_1_461' title='bbox 429 3430 526 3484; x_wconf 90' lang='lat' dir='ltr'>intueri</span> <span class='ocrx_word' id='word_1_462' title='bbox 552 3445 705 3500; x_wconf 88' lang='lat' dir='ltr'>possumus,</span> <span class='ocrx_word' id='word_1_463' title='bbox 731 3441 905 3496; x_wconf 87' lang='lat' dir='ltr'>summopere</span> <span class='ocrx_word' id='word_1_464' title='bbox 959 3428 1022 3500; x_wconf 91' lang='lat' dir='ltr'>quia</span> <span class='ocrx_word' id='word_1_465' title='bbox 1038 3428 1152 3499; x_wconf 78' lang='lat' dir='ltr'>frigidas</span> <span class='ocrx_word' id='word_1_466' title='bbox 1166 3436 1271 3481; x_wconf 90' lang='lat' dir='ltr'>mentes</span> <span class='ocrx_word' id='word_1_467' title='bbox 1286 3426 1562 3497; x_wconf 85' lang='lat' dir='ltr'>borninumpossidet.</span> <span class='ocrx_word' id='word_1_468' title='bbox 1577 3430 1757 3484; x_wconf 86' lang='lat' dir='ltr'>Peraustrum</span> 
     </span>
     <span class='ocr_line' id='line_1_37' title="bbox 99 3515 1758 3588; baseline 0 -15"><span class='ocrx_word' id='word_1_469' title='bbox 99 3526 270 3575; x_wconf 83' lang='lat' dir='ltr'>necesseest</span> <span class='ocrx_word' id='word_1_470' title='bbox 285 3527 420 3573; x_wconf 90' lang='lat' dir='ltr'>uteorum</span> <span class='ocrx_word' id='word_1_471' title='bbox 437 3519 483 3588; x_wconf 82' lang='lat' dir='ltr'>qui</span> <span class='ocrx_word' id='word_1_472' title='bbox 498 3518 575 3572; x_wconf 93' lang='lat' dir='ltr'>illum</span> <span class='ocrx_word' id='word_1_473' title='bbox 596 3517 718 3587; x_wconf 87' lang='lat' dir='ltr'>perlecta</span> <span class='ocrx_word' id='word_1_474' title='bbox 744 3516 828 3571; x_wconf 88' lang='lat' dir='ltr'>secuti</span> <span class='ocrx_word' id='word_1_475' title='bbox 843 3522 906 3569; x_wconf 85' lang='lat' dir='ltr'>sunt</span> <span class='ocrx_word' id='word_1_476' title='bbox 958 3533 1022 3571; x_wconf 82' lang='lat' dir='ltr'>vero</span> <span class='ocrx_word' id='word_1_477' title='bbox 1038 3517 1082 3587; x_wconf 86' lang='lat' dir='ltr'>qui</span> <span class='ocrx_word' id='word_1_478' title='bbox 1096 3515 1222 3570; x_wconf 91' lang='lat' dir='ltr'>nimirum</span> <span class='ocrx_word' id='word_1_479' title='bbox 1238 3515 1342 3570; x_wconf 88' lang='lat' dir='ltr'>calidus</span> <span class='ocrx_word' id='word_1_480' title='bbox 1365 3524 1461 3569; x_wconf 83' lang='lat' dir='ltr'>reulus</span> <span class='ocrx_word' id='word_1_481' title='bbox 1475 3526 1525 3584; x_wconf 89' lang='lat' dir='ltr'>est,</span> <span class='ocrx_word' id='word_1_482' title='bbox 1555 3531 1608 3571; x_wconf 93' lang='lat' dir='ltr'>non</span> <span class='ocrx_word' id='word_1_483' title='bbox 1624 3517 1758 3574; x_wconf 88' lang='lat' dir='ltr'>immerito</span> 
     </span>
     <span class='ocr_line' id='line_1_38' title="bbox 98 3603 1755 3679; baseline -0.002 -14"><span class='ocrx_word' id='word_1_484' title='bbox 98 3609 263 3679; x_wconf 82' lang='lat' dir='ltr'>conspectis</span> <span class='ocrx_word' id='word_1_485' title='bbox 291 3608 446 3663; x_wconf 83' lang='lat' dir='ltr'>actionibus</span> <span class='ocrx_word' id='word_1_486' title='bbox 474 3608 627 3662; x_wconf 85' lang='lat' dir='ltr'>incitemur.</span> <span class='ocrx_word' id='word_1_487' title='bbox 654 3606 809 3660; x_wconf 87' lang='lat' dir='ltr'>intueamur</span> <span class='ocrx_word' id='word_1_488' title='bbox 837 3619 904 3675; x_wconf 89' lang='lat' dir='ltr'>ergo</span> <span class='ocrx_word' id='word_1_489' title='bbox 958 3604 1177 3675; x_wconf 87' lang='lat' dir='ltr'>lerrorSpiritus</span> <span class='ocrx_word' id='word_1_490' title='bbox 1192 3604 1276 3658; x_wconf 88' lang='lat' dir='ltr'>sancti</span> <span class='ocrx_word' id='word_1_491' title='bbox 1291 3603 1472 3674; x_wconf 82' lang='lat' dir='ltr'>designatur:</span> <span class='ocrx_word' id='word_1_492' title='bbox 1493 3606 1675 3674; x_wconf 74' lang='lat' dir='ltr'>unoquisque</span> <span class='ocrx_word' id='word_1_493' title='bbox 1690 3607 1755 3661; x_wconf 88' lang='lat' dir='ltr'>dum</span> 
     </span>
     <span class='ocr_line' id='line_1_39' title="bbox 100 3685 1757 3768; baseline -0.001 -18"><span class='ocrx_word' id='word_1_494' title='bbox 100 3712 184 3768; x_wconf 90' lang='lat' dir='ltr'>quarn</span> <span class='ocrx_word' id='word_1_495' title='bbox 201 3697 315 3767; x_wconf 87' lang='lat' dir='ltr'>pulchra</span> <span class='ocrx_word' id='word_1_496' title='bbox 330 3703 371 3751; x_wconf 91' lang='lat' dir='ltr'>est</span> <span class='ocrx_word' id='word_1_497' title='bbox 387 3685 495 3768; x_wconf 82' lang='lat' dir='ltr'>agilitas</span> <span class='ocrx_word' id='word_1_498' title='bbox 517 3696 697 3767; x_wconf 86' lang='lat' dir='ltr'>sequentium,</span> <span class='ocrx_word' id='word_1_499' title='bbox 723 3694 906 3751; x_wconf 86' lang='lat' dir='ltr'>atrideamus</span> <span class='ocrx_word' id='word_1_500' title='bbox 957 3695 1086 3763; x_wconf 87' lang='lat' dir='ltr'>tangitur,</span> <span class='ocrx_word' id='word_1_501' title='bbox 1115 3694 1150 3747; x_wconf 89' lang='lat' dir='ltr'>ab</span> <span class='ocrx_word' id='word_1_502' title='bbox 1177 3692 1327 3763; x_wconf 84' lang='lat' dir='ltr'>iniquitatis</span> <span class='ocrx_word' id='word_1_503' title='bbox 1349 3698 1531 3763; x_wconf 81' lang='lat' dir='ltr'>suoetorpore</span> <span class='ocrx_word' id='word_1_504' title='bbox 1560 3693 1708 3756; x_wconf 89' lang='lat' dir='ltr'>liberatur;</span> <span class='ocrx_word' id='word_1_505' title='bbox 1726 3697 1757 3749; x_wconf 84' lang='lat' dir='ltr'>ol</span> 
     </span>
     <span class='ocr_line' id='line_1_40' title="bbox 98 3780 1757 3857; baseline -0.002 -17"><span class='ocrx_word' id='word_1_506' title='bbox 98 3802 184 3857; x_wconf 89' lang='lat' dir='ltr'>quam</span> <span class='ocrx_word' id='word_1_507' title='bbox 199 3786 288 3856; x_wconf 88' lang='lat' dir='ltr'>turpis</span> <span class='ocrx_word' id='word_1_508' title='bbox 304 3786 339 3839; x_wconf 92' lang='lat' dir='ltr'>sit</span> <span class='ocrx_word' id='word_1_509' title='bbox 355 3786 476 3856; x_wconf 87' lang='lat' dir='ltr'>tepitudo</span> <span class='ocrx_word' id='word_1_510' title='bbox 491 3787 639 3856; x_wconf 86' lang='lat' dir='ltr'>pigrorum.</span> <span class='ocrx_word' id='word_1_511' title='bbox 662 3784 758 3838; x_wconf 88' lang='lat' dir='ltr'>Statim</span> <span class='ocrx_word' id='word_1_512' title='bbox 787 3798 904 3851; x_wconf 87' lang='lat' dir='ltr'>namque</span> <span class='ocrx_word' id='word_1_513' title='bbox 958 3797 1012 3853; x_wconf 92' lang='lat' dir='ltr'>quo</span> <span class='ocrx_word' id='word_1_514' title='bbox 1028 3782 1090 3835; x_wconf 90' lang='lat' dir='ltr'>dum</span> <span class='ocrx_word' id='word_1_515' title='bbox 1107 3781 1226 3850; x_wconf 89' lang='lat' dir='ltr'>repletus</span> <span class='ocrx_word' id='word_1_516' title='bbox 1242 3781 1357 3852; x_wconf 84' lang='lat' dir='ltr'>quisque</span> <span class='ocrx_word' id='word_1_517' title='bbox 1373 3780 1463 3845; x_wconf 87' lang='lat' dir='ltr'>suerit,</span> <span class='ocrx_word' id='word_1_518' title='bbox 1484 3781 1517 3834; x_wconf 88' lang='lat' dir='ltr'>ad</span> <span class='ocrx_word' id='word_1_519' title='bbox 1532 3797 1652 3837; x_wconf 90' lang='lat' dir='ltr'>amorem</span> <span class='ocrx_word' id='word_1_520' title='bbox 1663 3782 1757 3853; x_wconf 82' lang='lat' dir='ltr'>patriae</span> 
     </span>
     <span class='ocr_line' id='line_1_41' title="bbox 97 3868 1757 3946; baseline -0.002 -18"><span class='ocrx_word' id='word_1_521' title='bbox 97 3883 126 3928; x_wconf 94' lang='lat' dir='ltr'>nt</span> <span class='ocrx_word' id='word_1_522' title='bbox 145 3874 366 3945; x_wconf 86' lang='lat' dir='ltr'>bencagentium</span> <span class='ocrx_word' id='word_1_523' title='bbox 391 3881 470 3946; x_wconf 86' lang='lat' dir='ltr'>gesta</span> <span class='ocrx_word' id='word_1_524' title='bbox 497 3873 693 3942; x_wconf 86' lang='lat' dir='ltr'>conspicimus,</span> <span class='ocrx_word' id='word_1_525' title='bbox 725 3872 906 3941; x_wconf 84' lang='lat' dir='ltr'>nosmetipsos</span> <span class='ocrx_word' id='word_1_526' title='bbox 957 3869 1101 3940; x_wconf 89' lang='lat' dir='ltr'>spiritualis</span> <span class='ocrx_word' id='word_1_527' title='bbox 1116 3870 1241 3939; x_wconf 86' lang='lat' dir='ltr'>ignescit.</span> <span class='ocrx_word' id='word_1_528' title='bbox 1262 3868 1560 3940; x_wconf 80' lang='lat' dir='ltr'>Aquiloitaquesponsi</span> <span class='ocrx_word' id='word_1_529' title='bbox 1572 3885 1639 3925; x_wconf 88' lang='lat' dir='ltr'>roco</span> <span class='ocrx_word' id='word_1_530' title='bbox 1646 3871 1757 3938; x_wconf 90' lang='lat' dir='ltr'>jubetur</span> 
     </span>
     <span class='ocr_line' id='line_1_42' title="bbox 98 3957 1755 4030; baseline -0.003 -12"><span class='ocrx_word' id='word_1_531' title='bbox 98 3962 264 4018; x_wconf 82' lang='lat' dir='ltr'>contusione</span> <span class='ocrx_word' id='word_1_532' title='bbox 280 3964 377 4016; x_wconf 89' lang='lat' dir='ltr'>intima</span> <span class='ocrx_word' id='word_1_533' title='bbox 395 3963 543 4018; x_wconf 81' lang='lat' dir='ltr'>ulciscente</span> <span class='ocrx_word' id='word_1_534' title='bbox 556 3961 719 4030; x_wconf 87' lang='lat' dir='ltr'>judicamus.</span> <span class='ocrx_word' id='word_1_535' title='bbox 750 3961 904 4014; x_wconf 82' lang='lat' dir='ltr'>Monvere·</span> <span class='ocrx_word' id='word_1_536' title='bbox 957 3966 1102 4029; x_wconf 86' lang='lat' dir='ltr'>utsurgat,</span> <span class='ocrx_word' id='word_1_537' title='bbox 1132 3968 1162 4013; x_wconf 90' lang='lat' dir='ltr'>ut</span> <span class='ocrx_word' id='word_1_538' title='bbox 1181 3958 1312 4012; x_wconf 90' lang='lat' dir='ltr'>nimirum</span> <span class='ocrx_word' id='word_1_539' title='bbox 1329 3957 1353 4010; x_wconf 92' lang='lat' dir='ltr'>is</span> <span class='ocrx_word' id='word_1_540' title='bbox 1372 3957 1418 4029; x_wconf 90' lang='lat' dir='ltr'>qui</span> <span class='ocrx_word' id='word_1_541' title='bbox 1432 3957 1587 4013; x_wconf 89' lang='lat' dir='ltr'>mortalium</span> <span class='ocrx_word' id='word_1_542' title='bbox 1613 3960 1695 4014; x_wconf 86' lang='lat' dir='ltr'>corda</span> <span class='ocrx_word' id='word_1_543' title='bbox 1727 3958 1755 4013; x_wconf 90' lang='lat' dir='ltr'>in</span> 
     </span>
     <span class='ocr_line' id='line_1_43' title="bbox 99 4046 1754 4119; baseline -0.004 -11"><span class='ocrx_word' id='word_1_544' title='bbox 99 4051 201 4108; x_wconf 93' lang='lat' dir='ltr'>cundia</span> <span class='ocrx_word' id='word_1_545' title='bbox 214 4059 333 4106; x_wconf 89' lang='lat' dir='ltr'>mentem</span> <span class='ocrx_word' id='word_1_546' title='bbox 361 4052 490 4115; x_wconf 86' lang='lat' dir='ltr'>concutit,</span> <span class='ocrx_word' id='word_1_547' title='bbox 512 4066 574 4105; x_wconf 87' lang='lat' dir='ltr'>mox</span> <span class='ocrx_word' id='word_1_548' title='bbox 587 4051 660 4119; x_wconf 87' lang='lat' dir='ltr'>juste</span> <span class='ocrx_word' id='word_1_549' title='bbox 684 4050 800 4104; x_wconf 86' lang='lat' dir='ltr'>saeviens</span> <span class='ocrx_word' id='word_1_550' title='bbox 815 4058 905 4102; x_wconf 89' lang='lat' dir='ltr'>reatus</span> <span class='ocrx_word' id='word_1_551' title='bbox 957 4055 1068 4117; x_wconf 89' lang='lat' dir='ltr'>torpore</span> <span class='ocrx_word' id='word_1_552' title='bbox 1084 4047 1232 4118; x_wconf 83' lang='lat' dir='ltr'>restringit,</span> <span class='ocrx_word' id='word_1_553' title='bbox 1249 4046 1422 4100; x_wconf 89' lang='lat' dir='ltr'>adversarius</span> <span class='ocrx_word' id='word_1_554' title='bbox 1442 4046 1552 4116; x_wconf 90' lang='lat' dir='ltr'>spiritus</span> <span class='ocrx_word' id='word_1_555' title='bbox 1568 4046 1662 4119; x_wconf 82' lang='lat' dir='ltr'>fugiat.</span> <span class='ocrx_word' id='word_1_556' title='bbox 1689 4050 1754 4101; x_wconf 86' lang='lat' dir='ltr'>Cum</span> 
     </span>
     <span class='ocr_line' id='line_1_44' title="bbox 99 4134 1756 4207; baseline -0.002 -13"><span class='ocrx_word' id='word_1_557' title='bbox 99 4139 214 4204; x_wconf 84' lang='lat' dir='ltr'>addicit,</span> <span class='ocrx_word' id='word_1_558' title='bbox 246 4148 273 4194; x_wconf 89' lang='lat' dir='ltr'>et</span> <span class='ocrx_word' id='word_1_559' title='bbox 291 4139 466 4194; x_wconf 79' lang='lat' dir='ltr'>vehementer</span> <span class='ocrx_word' id='word_1_560' title='bbox 496 4140 548 4194; x_wconf 90' lang='lat' dir='ltr'>hoc</span> <span class='ocrx_word' id='word_1_561' title='bbox 576 4140 657 4194; x_wconf 87' lang='lat' dir='ltr'>etiam</span> <span class='ocrx_word' id='word_1_562' title='bbox 687 4137 809 4207; x_wconf 88' lang='lat' dir='ltr'>displicet</span> <span class='ocrx_word' id='word_1_563' title='bbox 831 4135 905 4207; x_wconf 79' lang='lat' dir='ltr'>quod</span> <span class='ocrx_word' id='word_1_564' title='bbox 957 4136 1167 4205; x_wconf 89' lang='lat' dir='ltr'>autemjubente</span> <span class='ocrx_word' id='word_1_565' title='bbox 1184 4134 1492 4207; x_wconf 84' lang='lat' dir='ltr'>Deolrigidusspiritus</span> <span class='ocrx_word' id='word_1_566' title='bbox 1514 4135 1627 4199; x_wconf 87' lang='lat' dir='ltr'>recedit,</span> <span class='ocrx_word' id='word_1_567' title='bbox 1651 4137 1756 4191; x_wconf 88' lang='lat' dir='ltr'>calidus</span> 
     </span>
     <span class='ocr_line' id='line_1_45' title="bbox 100 4222 1754 4298; baseline -0.002 -15"><span class='ocrx_word' id='word_1_568' title='bbox 100 4227 192 4283; x_wconf 85' lang='lat' dir='ltr'>adbuc</span> <span class='ocrx_word' id='word_1_569' title='bbox 206 4226 324 4282; x_wconf 79' lang='lat' dir='ltr'>fortasse</span> <span class='ocrx_word' id='word_1_570' title='bbox 340 4227 456 4297; x_wconf 90' lang='lat' dir='ltr'>turpiter</span> <span class='ocrx_word' id='word_1_571' title='bbox 469 4226 543 4281; x_wconf 89' lang='lat' dir='ltr'>libet.</span> <span class='ocrx_word' id='word_1_572' title='bbox 556 4226 607 4295; x_wconf 80' lang='lat' dir='ltr'>Qui</span> <span class='ocrx_word' id='word_1_573' title='bbox 621 4226 713 4298; x_wconf 91' lang='lat' dir='ltr'>itaque</span> <span class='ocrx_word' id='word_1_574' title='bbox 735 4224 846 4295; x_wconf 91' lang='lat' dir='ltr'>perduci</span> <span class='ocrx_word' id='word_1_575' title='bbox 869 4222 905 4278; x_wconf 86' lang='lat' dir='ltr'>ad</span> <span class='ocrx_word' id='word_1_576' title='bbox 957 4224 1065 4294; x_wconf 89' lang='lat' dir='ltr'>spiritus</span> <span class='ocrx_word' id='word_1_577' title='bbox 1088 4231 1205 4278; x_wconf 89' lang='lat' dir='ltr'>mentem</span> <span class='ocrx_word' id='word_1_578' title='bbox 1221 4222 1340 4278; x_wconf 89' lang='lat' dir='ltr'>lidelium</span> <span class='ocrx_word' id='word_1_579' title='bbox 1355 4231 1477 4293; x_wconf 86' lang='lat' dir='ltr'>occupat,</span> <span class='ocrx_word' id='word_1_580' title='bbox 1493 4223 1538 4295; x_wconf 85' lang='lat' dir='ltr'>qui</span> <span class='ocrx_word' id='word_1_581' title='bbox 1558 4225 1664 4279; x_wconf 90' lang='lat' dir='ltr'>bortum</span> <span class='ocrx_word' id='word_1_582' title='bbox 1694 4224 1754 4293; x_wconf 86' lang='lat' dir='ltr'>Dei,</span> 
     </span>
     <span class='ocr_line' id='line_1_46' title="bbox 100 4312 1752 4386; baseline -0.002 -16"><span class='ocrx_word' id='word_1_583' title='bbox 100 4331 211 4372; x_wconf 86' lang='lat' dir='ltr'>summa</span> <span class='ocrx_word' id='word_1_584' title='bbox 225 4315 391 4382; x_wconf 86' lang='lat' dir='ltr'>desiderant,</span> <span class='ocrx_word' id='word_1_585' title='bbox 408 4332 514 4386; x_wconf 90' lang='lat' dir='ltr'>semper</span> <span class='ocrx_word' id='word_1_586' title='bbox 528 4331 640 4371; x_wconf 87' lang='lat' dir='ltr'>neccsse</span> <span class='ocrx_word' id='word_1_587' title='bbox 665 4323 706 4369; x_wconf 89' lang='lat' dir='ltr'>est</span> <span class='ocrx_word' id='word_1_588' title='bbox 721 4322 748 4370; x_wconf 90' lang='lat' dir='ltr'>ut</span> <span class='ocrx_word' id='word_1_589' title='bbox 761 4313 904 4368; x_wconf 89' lang='lat' dir='ltr'>meliorum</span> <span class='ocrx_word' id='word_1_590' title='bbox 957 4312 984 4366; x_wconf 79' lang='lat' dir='ltr'>iel</span> <span class='ocrx_word' id='word_1_591' title='bbox 998 4318 1040 4367; x_wconf 89' lang='lat' dir='ltr'>est</span> <span class='ocrx_word' id='word_1_592' title='bbox 1053 4320 1173 4368; x_wconf 90' lang='lat' dir='ltr'>sanctam</span> <span class='ocrx_word' id='word_1_593' title='bbox 1188 4312 1338 4366; x_wconf 85' lang='lat' dir='ltr'>Ecclesiam</span> <span class='ocrx_word' id='word_1_594' title='bbox 1357 4321 1385 4366; x_wconf 91' lang='lat' dir='ltr'>ut</span> <span class='ocrx_word' id='word_1_595' title='bbox 1400 4322 1521 4367; x_wconf 87' lang='lat' dir='ltr'>aromata</span> <span class='ocrx_word' id='word_1_596' title='bbox 1544 4313 1568 4381; x_wconf 88' lang='lat' dir='ltr'>ej</span> <span class='ocrx_word' id='word_1_597' title='bbox 1575 4330 1603 4366; x_wconf 86' lang='lat' dir='ltr'>us</span> <span class='ocrx_word' id='word_1_598' title='bbox 1617 4312 1752 4382; x_wconf 86' lang='lat' dir='ltr'>ditlluant,</span> 
     </span>
     <span class='ocr_line' id='line_1_47' title="bbox 101 4400 1754 4476; baseline -0.002 -16"><span class='ocrx_word' id='word_1_599' title='bbox 101 4404 277 4476; x_wconf 78' lang='lat' dir='ltr'>provectibus</span> <span class='ocrx_word' id='word_1_600' title='bbox 288 4403 438 4467; x_wconf 89' lang='lat' dir='ltr'>intendant,</span> <span class='ocrx_word' id='word_1_601' title='bbox 464 4411 598 4475; x_wconf 87' lang='lat' dir='ltr'>quatenus</span> <span class='ocrx_word' id='word_1_602' title='bbox 623 4411 697 4457; x_wconf 89' lang='lat' dir='ltr'>tanto</span> <span class='ocrx_word' id='word_1_603' title='bbox 717 4402 862 4457; x_wconf 89' lang='lat' dir='ltr'>districtius</span> <span class='ocrx_word' id='word_1_604' title='bbox 877 4401 903 4454; x_wconf 93' lang='lat' dir='ltr'>in</span> <span class='ocrx_word' id='word_1_605' title='bbox 957 4400 1061 4471; x_wconf 87' lang='lat' dir='ltr'>perilot,</span> <span class='ocrx_word' id='word_1_606' title='bbox 1078 4401 1141 4470; x_wconf 89' lang='lat' dir='ltr'>quia</span> <span class='ocrx_word' id='word_1_607' title='bbox 1156 4400 1282 4455; x_wconf 90' lang='lat' dir='ltr'>nimirum</span> <span class='ocrx_word' id='word_1_608' title='bbox 1298 4401 1362 4455; x_wconf 92' lang='lat' dir='ltr'>dum</span> <span class='ocrx_word' id='word_1_609' title='bbox 1378 4409 1501 4455; x_wconf 87' lang='lat' dir='ltr'>sanctam</span> <span class='ocrx_word' id='word_1_610' title='bbox 1531 4401 1679 4455; x_wconf 79' lang='lat' dir='ltr'>Ecclesiam</span> <span class='ocrx_word' id='word_1_611' title='bbox 1708 4401 1754 4456; x_wconf 81' lang='lat' dir='ltr'>do</span> 
     </span>
     <span class='ocr_line' id='line_1_48' title="bbox 101 4478 1752 4564; baseline -0.001 -16"><span class='ocrx_word' id='word_1_612' title='bbox 101 4508 133 4548; x_wconf 88' lang='lat' dir='ltr'>se</span> <span class='ocrx_word' id='word_1_613' title='bbox 152 4492 248 4564; x_wconf 82' lang='lat' dir='ltr'>culpas</span> <span class='ocrx_word' id='word_1_614' title='bbox 262 4492 393 4561; x_wconf 87' lang='lat' dir='ltr'>judicent,</span> <span class='ocrx_word' id='word_1_615' title='bbox 410 4499 511 4564; x_wconf 88' lang='lat' dir='ltr'>quanto</span> <span class='ocrx_word' id='word_1_616' title='bbox 522 4492 550 4547; x_wconf 91' lang='lat' dir='ltr'>in</span> <span class='ocrx_word' id='word_1_617' title='bbox 568 4491 621 4547; x_wconf 87' lang='lat' dir='ltr'>illis</span> <span class='ocrx_word' id='word_1_618' title='bbox 637 4491 717 4546; x_wconf 89' lang='lat' dir='ltr'>altius</span> <span class='ocrx_word' id='word_1_619' title='bbox 732 4490 805 4562; x_wconf 89' lang='lat' dir='ltr'>qnod</span> <span class='ocrx_word' id='word_1_620' title='bbox 815 4478 943 4546; x_wconf 83' lang='lat' dir='ltr'>admi-D</span> <span class='ocrx_word' id='word_1_621' title='bbox 959 4504 1054 4545; x_wconf 91' lang='lat' dir='ltr'>uorum</span> <span class='ocrx_word' id='word_1_622' title='bbox 1068 4489 1329 4545; x_wconf 88' lang='lat' dir='ltr'>suorumrirtutibus</span> <span class='ocrx_word' id='word_1_623' title='bbox 1343 4489 1459 4559; x_wconf 88' lang='lat' dir='ltr'>Spiritus</span> <span class='ocrx_word' id='word_1_624' title='bbox 1473 4489 1592 4545; x_wconf 83' lang='lat' dir='ltr'>raritatis</span> <span class='ocrx_word' id='word_1_625' title='bbox 1620 4488 1752 4559; x_wconf 82' lang='lat' dir='ltr'>implera-</span> 
     </span>
     <span class='ocr_line' id='line_1_49' title="bbox 102 4577 1751 4649; baseline -0.004 -12"><span class='ocrx_word' id='word_1_626' title='bbox 102 4587 200 4637; x_wconf 88' lang='lat' dir='ltr'>rentur</span> <span class='ocrx_word' id='word_1_627' title='bbox 215 4579 319 4636; x_wconf 86' lang='lat' dir='ltr'>rident.</span> <span class='ocrx_word' id='word_1_628' title='bbox 960 4579 1003 4645; x_wconf 90' lang='lat' dir='ltr'>rit,</span> <span class='ocrx_word' id='word_1_629' title='bbox 1017 4579 1052 4632; x_wconf 89' lang='lat' dir='ltr'>ab</span> <span class='ocrx_word' id='word_1_630' title='bbox 1066 4595 1098 4633; x_wconf 92' lang='lat' dir='ltr'>ea</span> <span class='ocrx_word' id='word_1_631' title='bbox 1112 4579 1191 4649; x_wconf 88' lang='lat' dir='ltr'>longe</span> <span class='ocrx_word' id='word_1_632' title='bbox 1203 4578 1309 4649; x_wconf 89' lang='lat' dir='ltr'>lateque</span> <span class='ocrx_word' id='word_1_633' title='bbox 1327 4578 1429 4633; x_wconf 92' lang='lat' dir='ltr'>odores</span> <span class='ocrx_word' id='word_1_634' title='bbox 1443 4578 1509 4632; x_wconf 91' lang='lat' dir='ltr'>boni</span> <span class='ocrx_word' id='word_1_635' title='bbox 1519 4577 1610 4647; x_wconf 89' lang='lat' dir='ltr'>operis</span> <span class='ocrx_word' id='word_1_636' title='bbox 1634 4579 1751 4649; x_wconf 86' lang='lat' dir='ltr'>spargit,</span> 
     </span>
    </p>

    <p class='ocr_par' dir='ltr' id='par_1_9' title="bbox 141 4665 1750 4740">
     <span class='ocr_line' id='line_1_50' title="bbox 141 4665 1750 4740; baseline -0.003 -15"><span class='ocrx_word' id='word_1_637' title='bbox 141 4670 267 4725; x_wconf 69' lang='lat' dir='ltr'>Vana&amp;</span> <span class='ocrx_word' id='word_1_638' title='bbox 286 4668 467 4726; x_wconf 75' lang='lat' dir='ltr'>coronaberis</span> <span class='ocrx_word' id='word_1_639' title='bbox 483 4669 517 4725; x_wconf 82' lang='lat' dir='ltr'>dc</span> <span class='ocrx_word' id='word_1_640' title='bbox 530 4669 622 4740; x_wconf 82' lang='lat' dir='ltr'>capite</span> <span class='ocrx_word' id='word_1_641' title='bbox 643 4668 765 4734; x_wconf 78' lang='lat' dir='ltr'>Amana,</span> <span class='ocrx_word' id='word_1_642' title='bbox 787 4667 820 4723; x_wconf 81' lang='lat' dir='ltr'>da</span> <span class='ocrx_word' id='word_1_643' title='bbox 842 4683 904 4723; x_wconf 85' lang='lat' dir='ltr'>uer·</span> <span class='ocrx_word' id='word_1_644' title='bbox 960 4675 987 4720; x_wconf 94' lang='lat' dir='ltr'>ut</span> <span class='ocrx_word' id='word_1_645' title='bbox 1013 4667 1157 4735; x_wconf 87' lang='lat' dir='ltr'>opiniones</span> <span class='ocrx_word' id='word_1_646' title='bbox 1181 4665 1308 4721; x_wconf 89' lang='lat' dir='ltr'>virtutum</span> <span class='ocrx_word' id='word_1_647' title='bbox 1322 4665 1381 4734; x_wconf 88' lang='lat' dir='ltr'>ejus</span> <span class='ocrx_word' id='word_1_648' title='bbox 1403 4666 1437 4719; x_wconf 92' lang='lat' dir='ltr'>ad</span> <span class='ocrx_word' id='word_1_649' title='bbox 1465 4665 1611 4719; x_wconf 78' lang='lat' dir='ltr'>multarum</span> <span class='ocrx_word' id='word_1_650' title='bbox 1627 4665 1750 4721; x_wconf 87' lang='lat' dir='ltr'>notitiam</span> 
     </span>
    </p>
   </div>
   <div class='ocr_carea' id='block_1_7' title="bbox 103 4756 906 5361">
    <p class='ocr_par' dir='ltr' id='par_1_10' title="bbox 103 4756 906 5361">
     <span class='ocr_line' id='line_1_51' title="bbox 104 4756 904 4825; baseline -0.005 -10"><span class='ocrx_word' id='word_1_651' title='bbox 104 4761 163 4815; x_wconf 77' lang='lat' dir='ltr'>tice</span> <span class='ocrx_word' id='word_1_652' title='bbox 177 4758 264 4815; x_wconf 76' lang='lat' dir='ltr'>Senis</span> <span class='ocrx_word' id='word_1_653' title='bbox 274 4757 628 4825; x_wconf 83' lang='lat' dir='ltr'>ctllcrruou,dccrtbilibur</span> <span class='ocrx_word' id='word_1_654' title='bbox 644 4757 766 4815; x_wconf 81' lang='lat' dir='ltr'>leonum.</span> <span class='ocrx_word' id='word_1_655' title='bbox 778 4758 832 4825; x_wconf 75' lang='lat'>(97)</span> <span class='ocrx_word' id='word_1_656' title='bbox 850 4756 904 4811; x_wconf 84' lang='lat' dir='ltr'>l&#39;e·</span> 
     </span>
     <span class='ocr_line' id='line_1_52' title="bbox 103 4845 905 4918; baseline -0.006 -16"><span class='ocrx_word' id='word_1_657' title='bbox 103 4847 190 4903; x_wconf 88' lang='lat' dir='ltr'>aienti</span> <span class='ocrx_word' id='word_1_658' title='bbox 217 4861 319 4918; x_wconf 87' lang='lat' dir='ltr'>sponso</span> <span class='ocrx_word' id='word_1_659' title='bbox 352 4846 450 4902; x_wconf 85' lang='lat' dir='ltr'>dicitur</span> <span class='ocrx_word' id='word_1_660' title='bbox 472 4846 544 4918; x_wconf 89' lang='lat' dir='ltr'>quod</span> <span class='ocrx_word' id='word_1_661' title='bbox 573 4845 607 4900; x_wconf 91' lang='lat' dir='ltr'>de</span> <span class='ocrx_word' id='word_1_662' title='bbox 637 4845 770 4900; x_wconf 91' lang='lat' dir='ltr'>eubilibus</span> <span class='ocrx_word' id='word_1_663' title='bbox 797 4846 905 4900; x_wconf 90' lang='lat' dir='ltr'>leonum</span> 
     </span>
     <span class='ocr_line' id='line_1_53' title="bbox 103 4933 905 5004; baseline -0.005 -13"><span class='ocrx_word' id='word_1_664' title='bbox 103 4935 292 4991; x_wconf 88' lang='lat' dir='ltr'>coronabitur.</span> <span class='ocrx_word' id='word_1_665' title='bbox 307 4934 377 5004; x_wconf 86' lang='lat' dir='ltr'>Quid</span> <span class='ocrx_word' id='word_1_666' title='bbox 384 4943 474 4990; x_wconf 86' lang='lat' dir='ltr'>autern</span> <span class='ocrx_word' id='word_1_667' title='bbox 486 4934 557 4989; x_wconf 89' lang='lat' dir='ltr'>aliud</span> <span class='ocrx_word' id='word_1_668' title='bbox 568 4934 676 4988; x_wconf 88' lang='lat' dir='ltr'>leonum</span> <span class='ocrx_word' id='word_1_669' title='bbox 699 4933 809 4989; x_wconf 89' lang='lat' dir='ltr'>nomine</span> <span class='ocrx_word' id='word_1_670' title='bbox 824 4948 905 5004; x_wconf 91' lang='lat' dir='ltr'>quam</span> 
     </span>
     <span class='ocr_line' id='line_1_54' title="bbox 104 5023 905 5094; baseline -0.006 -14"><span class='ocrx_word' id='word_1_671' title='bbox 104 5023 242 5080; x_wconf 77' lang='lat' dir='ltr'>daemonia</span> <span class='ocrx_word' id='word_1_672' title='bbox 252 5025 451 5094; x_wconf 89' lang='lat' dir='ltr'>intelliguntur,</span> <span class='ocrx_word' id='word_1_673' title='bbox 468 5039 529 5094; x_wconf 88' lang='lat' dir='ltr'>qaae</span> <span class='ocrx_word' id='word_1_674' title='bbox 539 5023 579 5078; x_wconf 82' lang='lat' dir='ltr'>ira</span> <span class='ocrx_word' id='word_1_675' title='bbox 592 5030 685 5078; x_wconf 88' lang='lat' dir='ltr'>contra</span> <span class='ocrx_word' id='word_1_676' title='bbox 712 5037 763 5076; x_wconf 91' lang='lat' dir='ltr'>nos</span> <span class='ocrx_word' id='word_1_677' title='bbox 787 5023 905 5077; x_wconf 89' lang='lat' dir='ltr'>atrocis·</span> 
     </span>
     <span class='ocr_line' id='line_1_55' title="bbox 104 5110 906 5168; baseline -0.001 -2"><span class='ocrx_word' id='word_1_678' title='bbox 104 5113 184 5167; x_wconf 88' lang='lat' dir='ltr'>simae</span> <span class='ocrx_word' id='word_1_679' title='bbox 199 5112 364 5168; x_wconf 87' lang='lat' dir='ltr'>crudelitatis</span> <span class='ocrx_word' id='word_1_680' title='bbox 378 5113 544 5168; x_wconf 61' lang='lat' dir='ltr'>insaeviunt?</span> <span class='ocrx_word' id='word_1_681' title='bbox 555 5110 661 5166; x_wconf 83' lang='lat' dir='ltr'>Cubilia</span> <span class='ocrx_word' id='word_1_682' title='bbox 672 5126 739 5166; x_wconf 83' lang='lat' dir='ltr'>roro</span> <span class='ocrx_word' id='word_1_683' title='bbox 754 5110 906 5165; x_wconf 73' lang='lat' dir='ltr'>daemonio·</span> 
     </span>
     <span class='ocr_line' id='line_1_56' title="bbox 104 5199 905 5272; baseline -0.005 -16"><span class='ocrx_word' id='word_1_684' title='bbox 104 5216 166 5256; x_wconf 88' lang='lat' dir='ltr'>rum</span> <span class='ocrx_word' id='word_1_685' title='bbox 180 5201 265 5256; x_wconf 90' lang='lat' dir='ltr'>corda</span> <span class='ocrx_word' id='word_1_686' title='bbox 280 5201 386 5256; x_wconf 82' lang='lat' dir='ltr'>luerunt</span> <span class='ocrx_word' id='word_1_687' title='bbox 400 5201 566 5272; x_wconf 88' lang='lat' dir='ltr'>iniquorum,</span> <span class='ocrx_word' id='word_1_688' title='bbox 582 5216 655 5272; x_wconf 87' lang='lat' dir='ltr'>qnae,</span> <span class='ocrx_word' id='word_1_689' title='bbox 675 5199 739 5270; x_wconf 87' lang='lat' dir='ltr'>quia</span> <span class='ocrx_word' id='word_1_690' title='bbox 754 5199 787 5253; x_wconf 91' lang='lat' dir='ltr'>ad</span> <span class='ocrx_word' id='word_1_691' title='bbox 814 5199 905 5268; x_wconf 88' lang='lat' dir='ltr'>pravi-</span> 
     </span>
     <span class='ocr_line' id='line_1_57' title="bbox 105 5287 906 5361; baseline -0.005 -16"><span class='ocrx_word' id='word_1_692' title='bbox 105 5296 188 5345; x_wconf 85' lang='lat' dir='ltr'>tatem</span> <span class='ocrx_word' id='word_1_693' title='bbox 207 5288 343 5360; x_wconf 90' lang='lat' dir='ltr'>propriam</span> <span class='ocrx_word' id='word_1_694' title='bbox 358 5296 506 5354; x_wconf 83' lang='lat' dir='ltr'>traxerunt,</span> <span class='ocrx_word' id='word_1_695' title='bbox 524 5289 600 5361; x_wconf 88' lang='lat' dir='ltr'>quasi</span> <span class='ocrx_word' id='word_1_696' title='bbox 628 5287 655 5342; x_wconf 93' lang='lat' dir='ltr'>in</span> <span class='ocrx_word' id='word_1_697' title='bbox 684 5303 777 5343; x_wconf 89' lang='lat' dir='ltr'>eorum</span> <span class='ocrx_word' id='word_1_698' title='bbox 799 5287 906 5342; x_wconf 87' lang='lat' dir='ltr'>babita-</span> 
     </span>
    </p>
   </div>
   <div class='ocr_carea' id='block_1_8' title="bbox 142 5464 743 5682">
    <p class='ocr_par' dir='ltr' id='par_1_11' title="bbox 142 5464 743 5682">
     <span class='ocr_line' id='line_1_58' title="bbox 142 5464 602 5539; baseline -0.002 -18"><span class='ocrx_word' id='word_1_699' title='bbox 142 5466 200 5539; x_wconf 81' lang='grc'>(96)</span> <span class='ocrx_word' id='word_1_700' title='bbox 215 5464 274 5522; x_wconf 82' lang='lat' dir='ltr'>nib.</span> <span class='ocrx_word' id='word_1_701' title='bbox 291 5481 357 5522; x_wconf 88' lang='lat' dir='ltr'>xttrv</span> <span class='ocrx_word' id='word_1_702' title='bbox 372 5466 476 5532; x_wconf 77' lang='lat' dir='ltr'>litoral,</span> <span class='ocrx_word' id='word_1_703' title='bbox 493 5483 557 5538; x_wconf 89' lang='lat' dir='ltr'>cap.</span> <span class='ocrx_word' id='word_1_704' title='bbox 576 5467 602 5520; x_wconf 84' lang='lat' dir='ltr'>(i.</span> 
     </span>
     <span class='ocr_line' id='line_1_59' title="bbox 144 5535 611 5608; baseline -0.006 -15"><span class='ocrx_word' id='word_1_705' title='bbox 144 5540 201 5607; x_wconf 81' lang='lat' dir='ltr'>(st)</span> <span class='ocrx_word' id='word_1_706' title='bbox 216 5536 275 5592; x_wconf 86' lang='lat' dir='ltr'>Lib.</span> <span class='ocrx_word' id='word_1_707' title='bbox 291 5550 348 5592; x_wconf 85' lang='lat' dir='ltr'>xrtr</span> <span class='ocrx_word' id='word_1_708' title='bbox 362 5535 470 5606; x_wconf 77' lang='lat' dir='ltr'>ilorci,</span> <span class='ocrx_word' id='word_1_709' title='bbox 486 5552 546 5608; x_wconf 87' lang='lat' dir='ltr'>cap.</span> <span class='ocrx_word' id='word_1_710' title='bbox 567 5538 611 5593; x_wconf 76' lang='lat'>20.</span> 
     </span>
     <span class='ocr_line' id='line_1_60' title="bbox 144 5604 743 5682; baseline -0.003 -17"><span class='ocrx_word' id='word_1_711' title='bbox 144 5608 203 5682; x_wconf 79' lang='grc'>(98)</span> <span class='ocrx_word' id='word_1_712' title='bbox 216 5606 276 5665; x_wconf 65' lang='grc' dir='ltr'>[ιδ.</span> <span class='ocrx_word' id='word_1_713' title='bbox 290 5620 327 5664; x_wconf 78' lang='lat' dir='ltr'>rr</span> <span class='ocrx_word' id='word_1_714' title='bbox 342 5606 453 5678; x_wconf 65' lang='lat' dir='ltr'>ilerd„</span> <span class='ocrx_word' id='word_1_715' title='bbox 468 5620 529 5680; x_wconf 81' lang='lat' dir='ltr'>cap.</span> <span class='ocrx_word' id='word_1_716' title='bbox 545 5606 573 5676; x_wconf 78' lang='lat'>5,</span> <span class='ocrx_word' id='word_1_717' title='bbox 584 5604 633 5663; x_wconf 82' lang='lat' dir='ltr'>aab</span> <span class='ocrx_word' id='word_1_718' title='bbox 647 5606 743 5664; x_wconf 76' lang='lat' dir='ltr'>tinem</span> 
     </span>
    </p>
   </div>
   <div class='ocr_carea' id='block_1_9' title="bbox 959 4753 1756 5344">
    <p class='ocr_par' dir='ltr' id='par_1_12' title="bbox 959 4753 1756 5344">
     <span class='ocr_line' id='line_1_61' title="bbox 959 4753 1751 4825; baseline 0 -15"><span class='ocrx_word' id='word_1_719' title='bbox 959 4753 1305 4810; x_wconf 86' lang='lat' dir='ltr'>reiutaromatadillluant.</span> <span class='ocrx_word' id='word_1_720' title='bbox 1320 4754 1474 4809; x_wconf 85' lang='lat' dir='ltr'>Recedente</span> <span class='ocrx_word' id='word_1_721' title='bbox 1489 4754 1589 4809; x_wconf 88' lang='lat' dir='ltr'>etenim</span> <span class='ocrx_word' id='word_1_722' title='bbox 1613 4754 1751 4825; x_wconf 82' lang='lat' dir='ltr'>aquilone,</span> 
     </span>
     <span class='ocr_line' id='line_1_62' title="bbox 960 4841 1754 4915; baseline 0.001 -17"><span class='ocrx_word' id='word_1_723' title='bbox 960 4844 986 4898; x_wconf 92' lang='lat' dir='ltr'>id</span> <span class='ocrx_word' id='word_1_724' title='bbox 1001 4852 1041 4898; x_wconf 87' lang='lat' dir='ltr'>est</span> <span class='ocrx_word' id='word_1_725' title='bbox 1055 4842 1174 4914; x_wconf 82' lang='lat' dir='ltr'>maligno</span> <span class='ocrx_word' id='word_1_726' title='bbox 1183 4842 1285 4912; x_wconf 91' lang='lat' dir='ltr'>spiritu,</span> <span class='ocrx_word' id='word_1_727' title='bbox 1300 4841 1414 4911; x_wconf 88' lang='lat' dir='ltr'>Spiritus</span> <span class='ocrx_word' id='word_1_728' title='bbox 1422 4847 1534 4898; x_wconf 86' lang='lat' dir='ltr'>sanctus</span> <span class='ocrx_word' id='word_1_729' title='bbox 1545 4850 1663 4897; x_wconf 90' lang='lat' dir='ltr'>mentem</span> <span class='ocrx_word' id='word_1_730' title='bbox 1673 4845 1754 4915; x_wconf 86' lang='lat' dir='ltr'>quasi</span> 
     </span>
     <span class='ocr_line' id='line_1_63' title="bbox 960 4930 1754 5001; baseline 0.001 -14"><span class='ocrx_word' id='word_1_731' title='bbox 960 4939 1051 4987; x_wconf 86' lang='lat' dir='ltr'>auster</span> <span class='ocrx_word' id='word_1_732' title='bbox 1065 4932 1152 5001; x_wconf 90' lang='lat' dir='ltr'>replet</span> <span class='ocrx_word' id='word_1_733' title='bbox 1165 4945 1172 4998; x_wconf 76' lang='lat'><em>3</em></span> <span class='ocrx_word' id='word_1_734' title='bbox 1189 4930 1235 5001; x_wconf 89' lang='lat' dir='ltr'>qui</span> <span class='ocrx_word' id='word_1_735' title='bbox 1250 4931 1315 4984; x_wconf 92' lang='lat' dir='ltr'>dum</span> <span class='ocrx_word' id='word_1_736' title='bbox 1330 4930 1512 4986; x_wconf 81' lang='lat' dir='ltr'>calefaciendo</span> <span class='ocrx_word' id='word_1_737' title='bbox 1520 4931 1634 4997; x_wconf 87' lang='lat' dir='ltr'>tlarerit,</span> <span class='ocrx_word' id='word_1_738' title='bbox 1659 4933 1754 4988; x_wconf 85' lang='lat' dir='ltr'>atatim</span> 
     </span>
     <span class='ocr_line' id='line_1_64' title="bbox 960 5019 1755 5076; baseline 0.001 -1"><span class='ocrx_word' id='word_1_739' title='bbox 960 5021 994 5075; x_wconf 91' lang='lat' dir='ltr'>de</span> <span class='ocrx_word' id='word_1_740' title='bbox 1008 5020 1127 5075; x_wconf 90' lang='lat' dir='ltr'>lidelium</span> <span class='ocrx_word' id='word_1_741' title='bbox 1155 5020 1285 5074; x_wconf 87' lang='lat' dir='ltr'>cordibus</span> <span class='ocrx_word' id='word_1_742' title='bbox 1301 5030 1425 5074; x_wconf 89' lang='lat' dir='ltr'>aromata</span> <span class='ocrx_word' id='word_1_743' title='bbox 1441 5019 1567 5073; x_wconf 75' lang='lat' dir='ltr'>virtutum</span> <span class='ocrx_word' id='word_1_744' title='bbox 1591 5022 1687 5075; x_wconf 85' lang='lat' dir='ltr'>lluunl.</span> <span class='ocrx_word' id='word_1_745' title='bbox 1720 5022 1755 5076; x_wconf 82' lang='lat' dir='ltr'>nt</span> 
     </span>
     <span class='ocr_line' id='line_1_65' title="bbox 960 5108 1756 5179; baseline 0 -14"><span class='ocrx_word' id='word_1_746' title='bbox 960 5125 995 5165; x_wconf 88' lang='lat' dir='ltr'>ex</span> <span class='ocrx_word' id='word_1_747' title='bbox 1006 5109 1046 5165; x_wconf 89' lang='lat' dir='ltr'>eis</span> <span class='ocrx_word' id='word_1_748' title='bbox 1061 5124 1124 5165; x_wconf 85' lang='lat' dir='ltr'>mor</span> <span class='ocrx_word' id='word_1_749' title='bbox 1139 5108 1230 5179; x_wconf 90' lang='lat' dir='ltr'>opinio</span> <span class='ocrx_word' id='word_1_750' title='bbox 1242 5110 1372 5163; x_wconf 87' lang='lat' dir='ltr'>virtutum</span> <span class='ocrx_word' id='word_1_751' title='bbox 1387 5108 1548 5179; x_wconf 76' lang='lat' dir='ltr'>aspergitur,</span> <span class='ocrx_word' id='word_1_752' title='bbox 1576 5118 1604 5164; x_wconf 89' lang='lat' dir='ltr'>ut</span> <span class='ocrx_word' id='word_1_753' title='bbox 1617 5109 1677 5177; x_wconf 89' lang='lat' dir='ltr'>jure</span> <span class='ocrx_word' id='word_1_754' title='bbox 1696 5110 1756 5178; x_wconf 86' lang='lat' dir='ltr'>jam</span> 
     </span>
     <span class='ocr_line' id='line_1_66' title="bbox 961 5198 1752 5269; baseline 0.003 -16"><span class='ocrx_word' id='word_1_755' title='bbox 961 5208 1115 5254; x_wconf 87' lang='lat' dir='ltr'>sanctorum</span> <span class='ocrx_word' id='word_1_756' title='bbox 1147 5198 1237 5269; x_wconf 84' lang='lat' dir='ltr'>lingua</span> <span class='ocrx_word' id='word_1_757' title='bbox 1267 5199 1344 5269; x_wconf 84' lang='lat' dir='ltr'>quasi</span> <span class='ocrx_word' id='word_1_758' title='bbox 1373 5200 1465 5252; x_wconf 77' lang='lat' dir='ltr'>lrortus</span> <span class='ocrx_word' id='word_1_759' title='bbox 1493 5198 1624 5268; x_wconf 86' lang='lat' dir='ltr'>perllatus</span> <span class='ocrx_word' id='word_1_760' title='bbox 1650 5199 1752 5256; x_wconf 87' lang='lat' dir='ltr'>dicat:</span> 
     </span>
     <span class='ocr_line' id='line_1_67' title="bbox 963 5288 1505 5344; baseline -0.002 0"><span class='ocrx_word' id='word_1_761' title='bbox 963 5312 974 5336; x_wconf 68' lang='lat' dir='ltr'>a</span> <span class='ocrx_word' id='word_1_762' title='bbox 996 5289 1093 5344; x_wconf 86' lang='lat' dir='ltr'>Cbristi</span> <span class='ocrx_word' id='word_1_763' title='bbox 1110 5288 1196 5343; x_wconf 92' lang='lat' dir='ltr'>bonus</span> <span class='ocrx_word' id='word_1_764' title='bbox 1210 5288 1280 5343; x_wconf 91' lang='lat' dir='ltr'>odor</span> <span class='ocrx_word' id='word_1_765' title='bbox 1294 5304 1388 5342; x_wconf 82' lang='lat' dir='ltr'>sumus</span> <span class='ocrx_word' id='word_1_766' title='bbox 1401 5289 1471 5343; x_wconf 81' lang='lat' dir='ltr'>lleo.</span> <span class='ocrx_word' id='word_1_767' title='bbox 1495 5311 1505 5336; x_wconf 78' lang='lat' dir='ltr'>n</span> 
     </span>
    </p>
   </div>
   <div class='ocr_carea' id='block_1_10' title="bbox 962 5465 1758 5610">
    <p class='ocr_par' dir='ltr' id='par_1_13' title="bbox 962 5465 1758 5610">
     <span class='ocr_line' id='line_1_68' title="bbox 999 5465 1758 5537; baseline -0.001 -12"><span class='ocrx_word' id='word_1_768' title='bbox 999 5470 1053 5537; x_wconf 82' lang='lat' dir='ltr'>us)</span> <span class='ocrx_word' id='word_1_769' title='bbox 1068 5465 1167 5522; x_wconf 87' lang='lat' dir='ltr'>Homil.</span> <span class='ocrx_word' id='word_1_770' title='bbox 1179 5481 1199 5521; x_wconf 91' lang='lat'>11</span> <span class='ocrx_word' id='word_1_771' title='bbox 1210 5467 1238 5521; x_wconf 92' lang='lat' dir='ltr'>in</span> <span class='ocrx_word' id='word_1_772' title='bbox 1253 5466 1363 5535; x_wconf 70' lang='lat' dir='ltr'>Erech,</span> <span class='ocrx_word' id='word_1_773' title='bbox 1373 5466 1560 5531; x_wconf 88' lang='lat' dir='ltr'>submedium,</span> <span class='ocrx_word' id='word_1_774' title='bbox 1577 5474 1604 5521; x_wconf 89' lang='lat' dir='ltr'>et</span> <span class='ocrx_word' id='word_1_775' title='bbox 1614 5467 1661 5522; x_wconf 90' lang='lat' dir='ltr'>lib.</span> <span class='ocrx_word' id='word_1_776' title='bbox 1680 5482 1758 5524; x_wconf 85' lang='lat' dir='ltr'>trxrtr</span> 
     </span>
     <span class='ocr_line' id='line_1_69' title="bbox 962 5538 1701 5610; baseline 0.004 -17"><span class='ocrx_word' id='word_1_777' title='bbox 962 5539 1074 5605; x_wconf 74' lang='lat' dir='ltr'>ilorci..</span> <span class='ocrx_word' id='word_1_778' title='bbox 1089 5554 1149 5609; x_wconf 88' lang='lat' dir='ltr'>cap.</span> <span class='ocrx_word' id='word_1_779' title='bbox 1161 5539 1194 5592; x_wconf 79' lang='grc'>93</span> <span class='ocrx_word' id='word_1_780' title='bbox 1211 5551 1218 5607; x_wconf 87' lang='grc'><strong>;</strong></span> <span class='ocrx_word' id='word_1_781' title='bbox 1234 5548 1261 5593; x_wconf 89' lang='lat' dir='ltr'>et</span> <span class='ocrx_word' id='word_1_782' title='bbox 1270 5538 1317 5594; x_wconf 92' lang='lat' dir='ltr'>lib.</span> <span class='ocrx_word' id='word_1_783' title='bbox 1334 5554 1373 5610; x_wconf 85' lang='lat' dir='ltr'>rx,</span> <span class='ocrx_word' id='word_1_784' title='bbox 1388 5554 1449 5610; x_wconf 84' lang='lat' dir='ltr'>cap.</span> <span class='ocrx_word' id='word_1_785' title='bbox 1463 5541 1489 5608; x_wconf 84' lang='lat' dir='ltr'>a,</span> <span class='ocrx_word' id='word_1_786' title='bbox 1506 5538 1557 5595; x_wconf 88' lang='lat' dir='ltr'>sub</span> <span class='ocrx_word' id='word_1_787' title='bbox 1571 5539 1701 5596; x_wconf 85' lang='lat' dir='ltr'>medium.</span> 
     </span>
    </p>
   </div>
   <div class='ocr_carea' id='block_1_11' title="bbox 0 0 1876 6000">
    <p class='ocr_par' dir='ltr' id='par_1_14' title="bbox 0 0 1876 6000">
     <span class='ocr_line' id='line_1_70' title="bbox 0 0 1876 6000; baseline 0 0"><span class='ocrx_word' id='word_1_788' title='bbox 0 0 1876 6000; x_wconf 95' lang='lat' dir='ltr'> </span> 
     </span>
    </p>
   </div>
  </div>
 </body>
</html>
