3728 6000
101 183 174 242 102³
794 179 940 239 EUGENH
960 180 998 238 lli
1017 179 1130 238 PAPAE.

137 310 210 367 cum
224 307 372 365 universis
385 307 544 366 catholicae
553 304 690 364 ccclesias
703 305 772 362 liliis
778 305 929 364 debitores
946 308 971 361 Δ
986 306 1077 379 polyti
1096 307 1135 364 dc
1149 306 1275 364 Vivonio
1290 321 1360 363 cum
1379 306 1522 373 ecclesiis,
1538 304 1665 364 decimis
1680 310 1710 362 et

99 412 137 454 ax
156 397 291 469 injuncto
306 397 394 454 nohis
411 397 499 454 allec
514 395 702 469 apostolatus
715 394 815 453 elficio
826 395 931 454 exista-
984 396 1044 453 bus
1055 395 1095 453 ad
1109 395 1208 469 ipsam
1219 394 1437 469 pertinentibus
1452 413 1459 463 ;
1475 394 1635 453 ecclesiam
1654 395 1710 452 San

98 503 178 554 mus,
191 486 248 543 illis
257 493 358 544 tamen
373 487 426 561 qui
440 487 480 544 ad
496 486 599 543 sedam
607 485 803 560 apostolicam
818 486 930 559 specia-
985 484 1097 543 binide
1112 484 1210 542 Vincis
1223 502 1231 552 ;
1245 484 1404 543 ecclesiam
1426 487 1541 544 Sancte
1561 484 1660 543 llarire
1682 482 1710 540 di

97 575 155 633 lius
169 578 314 648 pertinere
327 583 503 642 noscuntur,
520 575 707 650 propensiori
723 591 779 632 nos
791 574 931 634 convenit
985 590 1055 632 cum
1065 574 1249 648 pertinentiis
1262 589 1378 631 earum.
1395 577 1427 631 ln
1441 573 1616 647 episcopatu
1625 571 1710 629 Picta

98 665 249 724 charitatis
281 665 380 722 studio
409 665 578 724 imminere.
605 665 742 731 Proinde,
776 663 875 722 dilecti
898 664 930 722 in
984 663 1126 720 ecclesias
1146 664 1184 719 de
1199 663 1508 730 Quidmicheriiscum
1522 661 1707 737 pertinentiis

100 753 216 812 Christo
242 754 304 821 filii,
333 755 439 811 vestris
453 754 541 826 justis
560 753 815 828 postulationibus
828 752 930 811 debita
984 751 1298 825 salvaepiscoporum,
1315 751 1344 808 in
1364 767 1495 825 quorum
1513 749 1664 825 parochiis
1684 764 1710 822 pi

98 842 282 914 benignitate
291 843 866 916 gratumimpartientesassensum,tum
875 858 929 915 pro
984 840 1116 899 ecclesias
1131 841 1191 898 sitae
1204 847 1283 908 sunt,
1300 840 1445 899 canonica
1456 840 1582 912 iustitia.
1608 839 1641 895 ln
1658 853 1710 912 par

98 932 179 990 beati
200 933 304 991 christi
320 932 503 989 contessoris
526 931 642 989 Martini
655 932 814 989 devotione
836 947 872 989 ac
886 947 930 989 re·
983 928 1063 987 libus
1073 945 1143 988 vero
1157 929 1288 988 ecclesiis
1300 944 1378 1004 quas
1389 930 1505 996 tenetis,
1518 928 1710 1003 presbyteros

97 1022 241 1089 varentia,
268 1027 329 1080 tum
359 1037 414 1096 pro
442 1037 518 1079 rere
543 1021 694 1094 religionis
718 1022 927 1096 prerogativa,
984 1015 1706 1092 tis,quibua,siidoneiluerintepiscopiparochiae

98 1111 256 1187 praelatum
272 1111 488 1168 monasterium
503 1111 543 1168 ab
554 1110 661 1168 eodem
676 1110 930 1182 gloriosoccntes·
982 1107 1183 1175 committam,
1197 1106 1581 1180 autejusmodisacerdotes
1595 1104 1710 1180 deplet

98 1214 164 1257 sore
179 1198 285 1257 christi
298 1200 424 1257 Martiae
436 1199 627 1266 edificatum,
642 1198 682 1256 ad
694 1200 848 1273 exemplar
854 1216 928 1274 pras-
982 1196 1052 1255 dem
1062 1213 1133 1254 cum
1146 1197 1288 1271 episcopo
1300 1197 1459 1264 rationem,
1485 1196 1566 1254 robis
1580 1198 1688 1252 autem
1703 1209 1710 1267 1

98 1288 292 1347 decessorum
315 1294 486 1347 nostrorum
501 1293 612 1347 sanctes
637 1289 789 1347 memoriae
805 1290 925 1358 Urbani,
982 1286 1040 1344 bus
1049 1286 1405 1360 temporalibusdebitam
1414 1284 1633 1358 subiectionem
1643 1282 1710 1341 exhi

98 1377 252 1437 Paschalis
266 1382 295 1435 et
319 1376 420 1436 calixti
435 1379 557 1436 secundi
576 1381 780 1437 Romanorum
811 1380 927 1453 pontifi·
981 1374 1116 1433 Oheunte
1131 1391 1200 1433 vero
1214 1379 1241 1432 ta
1251 1391 1332 1433 nunc
1343 1372 1673 1448 eiusdemlociabbate,
1688 1388 1710 1431 e

98 1483 168 1525 cum
182 1468 213 1524 in
232 1465 407 1540 apostolicas
422 1467 502 1524 sedis
522 1467 646 1525 tutelam
669 1472 697 1525 et
712 1468 927 1541 promotionem
981 1479 1050 1521 rum
1062 1463 1496 1538 quorumlibeteucueseorum‚
1512 1461 1612 1519 nullus
1627 1461 1669 1518 ibi
1683 1477 1710 1535 ql

98 1555 288 1628 suscepimus
301 1555 469 1627 specialiter
479 1554 713 1625 confovendum,
723 1562 886 1615 statuentes
896 1566 929 1616 ut
983 1552 1184 1627 subreptionis
1194 1553 1303 1610 astulia
1318 1569 1370 1610 seu
1387 1552 1525 1611 violentie
1535 1554 1710 1625 praeponati

96 1659 295 1719 quascunque
308 1645 523 1717 possessiones,
540 1661 729 1718 quecunque
740 1646 821 1704 bona
848 1647 929 1706 idem
946 1665 966 1719 g
983 1658 1074 1715 quem
1084 1642 1191 1701 iratres
1204 1644 1358 1699 communi
1373 1657 1533 1708 consensu,
1548 1640 1594 1697 vel
1605 1639 1711 1696 lralrm

98 1733 270 1792 coenobium
282 1733 544 1806 inpresentiarum
557 1735 636 1806 juste
652 1738 681 1789 et
701 1735 845 1792 canonice
861 1751 929 1808 poe-
984 1730 1230 1789 consililsanioris
1243 1731 1281 1788 de
1296 1731 1419 1802 collegio
1429 1737 1522 1787 vestro
1536 1727 1710 1786 doaecihiic

98 1822 422 1893 sidet,autlnluturum
433 1822 627 1881 concessione
637 1825 824 1896 pontificum,
839 1823 928 1896 largi·
984 1820 1122 1877 inventus
1141 1822 1206 1887 erit,
1221 1820 1389 1877 secundum
1402 1820 1452 1876 Dei
1474 1820 1612 1876 timorem
1627 1823 1660 1874 et
1671 1818 1710 1874 bc

99 1912 180 1970 tione
193 1913 352 1983 regumvel
364 1912 703 1985 principum,oblalione
719 1913 863 1981 fidelium,
877 1930 929 1971 seu
984 1908 1095 1966 nedicti
1122 1909 1267 1980 Regulam
1293 1908 1476 1982 providerint
1496 1907 1682 1978 eligendum.
1702 1908 1711 1962 l

97 1999 266 2072 alilsjustis
285 2001 393 2067 modis,
424 2004 484 2059 lieo
499 2001 637 2074 propitio,
657 2001 765 2076 poterit
792 2001 927 2075 adipisci,
985 1998 1024 2054 ad
1039 2001 1205 2055 Romanum
1222 1998 1394 2071 pontificem
1417 1998 1625 2071 veladquem
1640 1995 1710 2053 mab

97 2089 185 2147 ilrma
199 2090 284 2148 vobis
299 2091 460 2165 vestrisque
470 2091 694 2148 successoribus
704 2097 732 2149 et
744 2091 930 2165 illibataper·
984 2087 1329 2160 catholicumeplscopum
1337 2086 1498 2144 secundum
1504 2085 1710 2143 constitutione

99 2186 250 2238 maneant.
262 2180 294 2237 In
313 2180 426 2253 quibus
445 2181 509 2238 bec
525 2181 652 2253 propriis
671 2179 815 2238 duximus
833 2181 929 2254 expri-
984 2175 1054 2233 dicti
1062 2175 1177 2234 domini
1185 2176 1277 2233 nostri
1285 2175 1435 2233 Paschalis
1445 2190 1710 2249 pnpaeconsecram

97 2268 210 2326 menda
236 2268 388 2326 vocabulis
404 2270 456 2324 :ln
470 2284 549 2341 pago
564 2270 749 2333 carnotensi,
769 2268 928 2327 ecclesiam
984 2267 1069 2324 cedat
1081 2286 1088 2334 ;
1099 2266 1329 2339 quiapostclicoe
1342 2265 1420 2323 sedis
1433 2264 1524 2322 lullus
1533 2264 1710 2323 auctoritate

42 2358 47 2370 '
97 2357 196 2414 Sancti
211 2356 325 2414 llarlini
349 2357 385 2413 de
408 2355 488 2413 Valle
502 2371 572 2412 cum
587 2357 729 2423 ecclesiis,
745 2357 880 2424 decimis,
900 2362 928 2414 st
984 2356 1151 2429 postulatur
1162 2355 1326 2426 indulgeat.
1339 2354 1484 2422 chrisma,
1497 2354 1599 2413 oleum
1610 2360 1710 2411 sanclr

97 2442 240 2501 omnibus
258 2443 405 2518 adipeam
419 2444 643 2517 pertinentibus.
658 2448 690 2503 ln
705 2461 783 2518 pago
796 2445 927 2503 Suessio-
983 2444 1152 2502 dinationes
1164 2445 1380 2502 monachorum
1392 2443 1446 2517 qui
1461 2444 1501 2501 ad
1515 2458 1619 2501 sacros
1635 2443 1710 2501 lueri

97 2533 184 2593 nansi
197 2532 353 2590 ecclesiam
368 2532 485 2590 Sancta
498 2533 595 2592 llarioe
618 2534 656 2591 de
667 2534 843 2593 castellione
856 2551 926 2593 cum
982 2533 1068 2590 dines
1085 2532 1283 2605 promovendi
1308 2531 1445 2589 locorum
1472 2537 1639 2589 vestrorum
1655 2531 1710 2590 lral

98 2622 361 2696 pertinentiissuis,
371 2626 399 2679 et
409 2622 926 2699 ecclesiamSanctorummartyrum
982 2621 1133 2696 episcopis
1150 2622 1181 2679 in
1196 2638 1328 2695 quorum
1339 2621 1517 2679 dioecesibus
1532 2625 1601 2678 sunt
1616 2636 1711 2695 accep

97 2710 196 2770 Rufini
208 2716 237 2768 et
246 2710 355 2767 Valerii
374 2727 440 2768 cum
454 2712 595 2769 omnihus
610 2713 650 2769 ad
665 2713 763 2786 ipsam
779 2714 926 2786 pertinen·
981 2712 1105 2784 quidem
1120 2711 1248 2783 gratiam
1275 2715 1364 2784 atque
1379 2710 1625 2768 communionem
1640 2725 1710 2784 apos

97 2800 190 2860 tibus.
206 2803 239 2858 ln
256 2800 432 2874 episcopatu
453 2800 622 2859 Tricassino
639 2801 793 2861 ecclesiam
809 2804 925 2863 Sancte
984 2800 1063 2858 sedis
1089 2801 1259 2866 habuerint,
1273 2805 1301 2857 et
1321 2799 1346 2855 si
1361 2815 1429 2856 eam
1443 2799 1570 2871 gratiam
1585 2799 1653 2857 sine
1671 2815 1710 2873 pn

97 2888 244 2946 Mariasde
267 2892 450 2947 llamerenco
478 2905 548 2947 cum
571 2890 714 2957 ecclesiis,
742 2892 868 2950 decimis
898 2899 927 2953 et
981 2891 1131 2949 noluerint
1142 2888 1282 2947 exhibere
1302 2905 1394 2963 aquo
1415 2887 1710 2947 maluerintcalholic

96 2977 240 3035 omnibus
255 2976 406 3050 adipeam
417 2979 634 3053 pertinentibus
645 2980 924 3050 ;ecclesiam8ancti
945 3020 966 3076 G
981 2995 1074 3054 scopo
1086 2978 1318 3037 consecrationis
1334 2983 1523 3036 sacramenta
1538 2976 1710 3051 suscipiant.

97 3066 291 3140 stephanide
311 3067 431 3124 Arcensi
447 3084 515 3124 oum
532 3067 717 3141 pertiuentiis
739 3073 819 3139 suis;
834 3071 925 3128 eccle·
982 3065 1561 3141 missaspublicasperarchiepiscopum
1572 3069 1624 3124 aut
1636 3067 1710 3140 episi

96 3154 175 3213 siam
187 3155 288 3213 Sancti
310 3155 385 3212 Petri
406 3155 444 3214 de
470 3157 636 3215 llessermis
657 3172 726 3214 cum
742 3158 925 3230 pertinentiis
981 3155 1145 3231 quemlibet
1157 3154 1187 3212 in
1203 3155 1326 3229 prelato
1341 3153 1710 3220 monasteriocelebrari,a

96 3242 159 3302 suis
175 3243 350 3313 ;enclesiam
364 3246 478 3302 Sanctae
490 3247 645 3314 Susanme,
656 3246 813 3305 ecclesiam
824 3247 926 3306 Sancti
980 3245 1092 3305 conam
1106 3245 1170 3303 fieri
1180 3245 1357 3303 omnimodo
1366 3243 1610 3318 prohibemus,ne
1620 3244 1710 3302 inser

98 3332 223 3390 Naboris
237 3348 306 3390 cum
337 3349 441 3391 casum
463 3334 658 3407 pertinentiis.
687 3337 720 3391 ln
749 3336 926 3410 episcopatu
983 3334 1211 3393 lleiracessibus
1232 3334 1429 3408 popularibus
1442 3333 1561 3391 occasio
1572 3332 1709 3406 prebeat

96 3421 315 3480 constantiensi
329 3420 488 3480 ecclesiam
517 3424 612 3481 sancti
630 3424 772 3483 Germani
790 3425 827 3484 de
842 3425 927 3486 lleal-
981 3423 1186 3483 conventibus.
1197 3423 1710 3496 interdicimusetiamasqmsejmd

97 3510 168 3568 villa
178 3529 188 3584 ;
203 3511 360 3569 ecclesiam
378 3512 480 3569 Sancti
508 3513 581 3570 Petri
595 3513 633 3572 de
657 3515 811 3586 buevilla3
835 3517 926 3575 eccle·
982 3513 1707 3588 monachosinaliquamecclesiamadstationem,

97 3598 174 3657 siam
188 3601 285 3658 sancti
300 3601 374 3658 Patri
388 3600 425 3656 de
450 3600 601 3667 llererilla,
627 3606 655 3659 et
669 3608 781 3675 partem
801 3603 927 3663 decime
981 3601 1710 3676 sequiascelebrandas‚preetersuametabhatisv<

95 3688 316 3763 quamhabetis
327 3689 357 3745 in
368 3690 511 3761 parochia
522 3688 748 3749 decuastevilla
764 3711 770 3758 ;
787 3692 925 3751 ecelesias
981 3691 1710 3766 tem,compellatlldjicieulesetcupientesnequi

97 3777 269 3850 quoquede
293 3777 392 3834 insula
417 3777 588 3846 creneliaci‚
613 3780 640 3838 S.
655 3781 729 3837 Petri
744 3782 923 3849 Portuensis,
979 3781 1710 3855 deincepsarchiepiscopusaulepiscopusllealil

98 3867 213 3923 Sanctae
230 3866 326 3923 uaria
338 3867 495 3933 Torcrilles,
514 3868 611 3926 Sancti
639 3870 792 3943 Sansonis,
808 3873 925 3930 Sancte
979 3871 1073 3942 llajus
1087 3869 1310 3936 Monasterium,
1324 3876 1376 3928 aut
1397 3871 1494 3938 ipsius
1508 3870 1628 3941 Maioris
1645 3873 1711 3928 lon

97 3953 255 4022 Trinitatis,
269 3954 442 4020 sendraas,
456 3957 554 4015 Sancti
565 3959 678 4017 llartini
694 3959 731 4016 da
747 3960 925 4018 laberlussa
980 3960 1146 4016 monachos
1160 3977 1214 4032 pro
1225 3960 1285 4017 ulla
1297 3976 1391 4018 causa
1407 3960 1464 4016 ullo
1478 3961 1507 4015 iu
1522 3959 1589 4015 loco
1605 3975 1710 4017 excom

97 4058 167 4100 cum
181 4058 286 4100 earum
313 4044 505 4116 pertinentiis.
521 4047 555 4103 la
578 4048 755 4122 episcopatu
767 4049 924 4106 Exonienai
979 4064 1046 4106 cara
1062 4055 1234 4123 praesumat.
1252 4049 1309 4107 Sed
1323 4050 1422 4105 omnis
1433 4065 1537 4106 eorum
1548 4064 1710 4121 causagra⁴

96 4131 304 4204 llarpelordet
337 4134 522 4193 notaWella.
550 4137 583 4192 ln
607 4138 783 4210 episcopatu
814 4138 925 4196 bincol-
979 4138 1149 4212 apostolice
1162 4137 1241 4196 sedis
1249 4138 1362 4210 judicic
1378 4139 1517 4211 pendeat.
1529 4138 1588 4195 Nec
1604 4138 1710 4197 cellarr

97 4220 193 4279 aiensi
200 4222 926 4298 vuingla;inepiscopatussurdegalensiecclesiam
980 4233 1107 4285 strarum
1124 4227 1249 4284 ubilibet
1262 4228 1430 4299 positarum
1441 4227 1544 4284 tratres
1560 4243 1614 4300 pro
1629 4227 1710 4302 quali

97 4309 127 4367 S.
146 4309 277 4383 Dionysii
292 4328 361 4369 cum
386 4313 568 4384 pertinentiis
597 4313 671 4370 suis.
692 4316 723 4370 ln
752 4315 926 4390 episcopatu
981 4316 1710 4374 terdictionevelercommunicationedivinorum«

96 4399 252 4457 Vasatensi
266 4401 544 4458 ecclesiamSanctae
556 4403 651 4461 leriae
666 4402 845 4475 llagdalenae
855 4422 925 4464 oum
944 4375 965 4429 ὓ
981 4422 1048 4463 rum
1073 4407 1304 4478 suspensionem
1322 4406 1481 4478 patiantur.
1510 4405 1566 4462 Sed
1593 4410 1658 4462 tam
1675 4422 1710 4463 mi

98 4489 363 4561 pertinentiissuis.
375 4490 407 4546 ln
421 4489 925 4563 episcopatuParisisnsiecclesiam
981 4510 1075 4568 quam
1090 4500 1118 4551 et
1129 4493 1234 4552 famuli
1244 4510 1360 4561 eorum,
1376 4495 1459 4568 etqui
1469 4495 1710 4569 semonesticep

97 4574 198 4633 Sancti
216 4577 328 4635 Nicolai
342 4577 380 4634 de
399 4578 549 4635 cunsiaco
563 4594 633 4637 cum
648 4580 829 4654 pertinentiis
853 4584 924 4640 suis.
981 4582 1710 4655 sionidevoveruntclausisecclesiarumjanuis,n

100 4665 133 4721 ln
153 4665 328 4739 episcopatu
355 4666 489 4723 aterensi
515 4667 672 4725 ecclesiam
700 4669 729 4726 S.
754 4671 868 4729 llartini
888 4673 925 4728 de
982 4672 1082 4729 missis
1103 4672 1292 4737 dioecesanis,
1309 4671 1418 4730 divinae
1440 4672 1589 4730 servitutis
1616 4672 1710 4731 oldclr

100 4754 225 4811 castello
240 4754 384 4811 Goscelini
404 4771 474 4813 cum
488 4756 632 4814 omnibus
651 4758 835 4831 pertinentiis
849 4761 923 4828 suis,
980 4761 1077 4829 brent,
1093 4766 1122 4817 et
1144 4761 1302 4832 sepulture
1323 4760 1425 4818 debita
1447 4766 1603 4834 peragant.
1619 4761 1666 4818 hd
1682 4762 1710 4819 hs

99 4843 391 4916 eteaqueshahetis
415 4845 711 4905 inscelesiesaactee
725 4850 822 4907 llaries
848 4849 925 4923 ejus·
976 4849 1096 4924 jicimus
1124 4856 1155 4906 ut
1169 4850 1250 4906 idem
1278 4849 1361 4906 ilenti
1390 4849 1504 4906 llartini
1532 4852 1710 4908 monasterii

97 4930 285 5001 demcaatri;
306 4932 644 4994 ecclesiamdefliniaco
659 4936 867 4997 dal’odrobolt
869 4979 923 4998 .....
979 4940 1116 4996 omnium
1130 4939 1300 4996 mortalium
1326 4938 1510 5010 subiectione
1524 4937 1665 5004 liberum,
1688 4941 1710 4997 ll

99 5036 169 5078 cum
184 5022 326 5080 omnibus
345 5024 384 5081 ad
401 5040 470 5083 eam
492 5026 730 5097 pertinentibus;
752 5028 921 5088 ecclesiam,
978 5033 1137 5093 annuente,
1152 5033 1328 5101 permaneat
1348 5043 1355 5094 ;
1383 5027 1499 5100 solique
1519 5028 1665 5084 Romania
1680 5029 1710 5085 lie

98 5108 198 5168 Sancti
229 5112 356 5170 Petrlda
379 5113 537 5186 imphintic
552 5131 621 5172 num
648 5115 830 5188 pertinentiis
849 5120 921 5187 suis,
977 5115 1710 5190 subditumdetantalibertateatquecuctoritatega

97 5202 126 5256 et
139 5201 296 5259 ecclesiam
320 5201 358 5258 de
374 5203 536 5261 Talenceac
561 5219 631 5261 cum
646 5205 827 5277 pertinentiis
849 5209 922 5277 suis,
978 5207 1199 5267 contlrmamus
1213 5206 1301 5262 etiam
1324 5205 1409 5263 vobis
1431 5206 1569 5262 universa
1588 5220 1658 5278 qum
1685 5223 1710 5281 p

98 5291 126 5343 et
136 5289 293 5348 ecclesiam
308 5306 400 5366 quam
420 5291 536 5350 habetis
548 5293 579 5350 in
594 5295 695 5351 castro
710 5294 747 5351 de
762 5295 922 5355 Ploasmel·
977 5297 1109 5354 theutica
1125 5293 1382 5368 predecessorum
1411 5298 1583 5351 nostrorum
1606 5296 1710 5354 Romal

100 5374 131 5431 ln
144 5376 319 5452 episcopatu
342 5382 559 5439 cenomanensi
573 5381 728 5440 ecclesiam
742 5385 841 5443 Sancti
856 5386 922 5459 liip-
978 5386 1155 5460 pontificum
1165 5383 1710 5457 privilegiaconfirmaleeuntllullien
