3728 6000
68 219 124 273 353

665 213 711 267 DE
728 210 963 269 sacatttnttto
982 214 1138 271 titanis.

1672 227 1724 285 ³5⁴

68 339 128 408 Dei,
157 347 187 394 ut
214 337 327 394 labores
356 353 483 393 manuum
512 352 622 392 suarum
659 338 811 403 manducet,
841 337 1218 400 utAhuncmodum.Nem
1235 342 1506 412 secundnmlsaiam,
1523 362 1619 405 omnes
1640 351 1722 408 volu-

68 429 166 484 bsatus
181 429 227 497 sit,
243 437 269 483 et
283 428 354 483 bene
370 427 393 482 ei
406 429 454 484 sit.
478 426 577 499 dicque
601 427 628 480 in
651 427 757 482 Christo
782 434 872 482 manet

66 517 156 573 bonus
169 517 286 573 conviva
300 516 401 572 Christi
417 533 465 586 per
477 518 528 586 piae
547 516 702 573 dilectionis
722 515 870 581 allectum

68 607 208 678 habetque
224 605 365 661 Christum
380 605 406 658 in
423 621 452 660 se
468 614 621 660 manentem
633 623 681 676 per
693 615 870 674 sanctaeope·

65 694 336 750 radoniscliectum.
353 693 506 763 Quodnam
532 702 676 763 utrumqne
696 694 798 748 donum
822 693 871 749 Dei

70 784 113 852 sit,
138 793 223 840 totum
248 783 379 838 accressit
400 783 488 854 magis
513 798 545 837 ac
572 784 663 856 magis
686 783 720 837 ad
734 781 870 837 cumulum

65 873 169 928 amoris
179 873 323 943 amplioris
338 872 364 926 in
381 872 466 938 illum,
483 888 564 942 quem
580 873 698 942 perlecta
714 888 806 925 amare
818 872 870 925 hoc

66 969 106 1017 est
122 960 248 1033 perfecte
263 962 372 1016 beatum
389 977 462 1015 esso.
483 961 558 1015 itam
581 967 670 1014 autem
694 961 785 1014 cibum
809 959 871 1030 plus

65 1051 221 1116 manducat,
238 1051 284 1121 qui
301 1049 361 1120 plus
376 1060 467 1110 ahiat:
484 1055 515 1104 ct
530 1049 590 1119 plus
609 1047 727 1104 amando
751 1064 869 1114 rursum,

67 1139 128 1209 plus
143 1150 172 1194 et
187 1140 249 1210 plns
265 1139 417 1203 manducat,
434 1146 461 1191 et
485 1139 545 1208 plus
566 1146 593 1192 et
618 1137 678 1208 plus
703 1144 783 1202 uruat,
809 1137 871 1191 licet

67 1229 149 1295 hujus
162 1227 265 1282 amoris
289 1226 316 1280 in
330 1229 381 1281 hac
401 1228 456 1281 vita
479 1227 586 1280 titinnisi
610 1226 710 1298 pignus
734 1225 870 1296 quoddam

67 1316 248 1386 accipiamus,
267 1316 457 1386 plenitudinem
473 1315 533 1383 ejus
547 1314 573 1368 iu
598 1315 737 1384 qirmminm
759 1315 819 1383 ejus
843 1314 870 1368 in

66 1403 159 1459 tuturo
174 1405 276 1460 saeculo
297 1413 495 1474 exspectantes.
517 1405 594 1466 licea,
612 1404 662 1458 hoc
685 1411 729 1457 est
753 1404 870 1457 mandu-

66 1509 130 1550 care
145 1495 221 1547 illam
231 1510 352 1557 caruerit,
362 1495 396 1546 de
405 1510 459 1562 qna
469 1493 621 1546 dicitlesns
634 1507 640 1545 τ
654 1493 705 1560 Qui
715 1492 870 1547 ianriducnt

65 1600 160 1638 menna
176 1598 305 1648 earnm,
322 1584 353 1636 in
366 1598 408 1636 rae
417 1587 527 1647 manet,
538 1586 565 1636 ct
577 1597 623 1650 ego
634 1581 665 1634 in
674 1597 704 1636 eo
716 1582 807 1650 (loca.
818 1584 867 1639 vil.

382 1671 493 1725 CAPUT
510 1670 552 1723 l'l.

253 1760 288 1815 De
304 1759 417 1830 Duplici
432 1774 546 1830 corpore
562 1758 677 1814 Christi.

98 1849 281 1920 Hieronymus
295 1847 322 1902 in
337 1847 483 1918 Epistulam
500 1847 534 1900 ad
546 1847 695 1917 Ephesios:
714 1868 725 1894 α
744 1845 798 1902 Sed
813 1845 866 1901 du-

62 1938 173 2009 pliciter
199 1936 360 2009 intelligitur
382 1951 447 1991 caco
471 1935 569 1990 Christi
587 1935 628 1990 vel
649 1934 798 2006 spiritualis
822 1933 867 1988 illa

62 2037 147 2098 atque
164 2026 265 2092 divina,
281 2027 316 2079 de
331 2041 384 2095 qua
398 2025 455 2095 ipse
470 2024 536 2079 dicit
553 2042 559 2078 :
581 2024 650 2079 Caro
665 2040 725 2078 mea
746 2040 812 2079 vero
828 2031 868 2078 est

62 2115 164 2182 cibus,
180 2114 223 2170 vcl
238 2130 302 2170 caro
317 2115 363 2168 illa
378 2130 439 2185 quin
450 2111 580 2168 crucifixa
595 2121 635 2167 est
658 2120 684 2166 et
708 2112 829 2181 sepulta.
853 2134 863 2158 ι

64 2203 106 2258 De
128 2219 211 2258 carne
234 2203 306 2258 enim
330 2202 376 2256 illa
400 2202 494 2273 priori,
511 2218 571 2271 quia
593 2199 721 2255 crucifixa
743 2209 792 2264 est,
810 2201 867 2255 haec

63 2293 150 2347 alteia
178 2293 314 2364 procedit.
335 2292 369 2345 Et
397 2291 546 2346 secundnm
578 2291 747 2345 psalmistam
775 2289 866 2344 educit

64 2381 139 2436 Dens
161 2396 259 2452 panem
282 2380 317 2434 de
333 2389 405 2434 turra
429 2378 517 2445 (Psoi.
543 2383 601 2443 cut)
619 2398 624 2432 :
642 2393 704 2433 cum
726 2393 741 2431 a
765 2377 863 2431 terreni

60 2470 186 2540 corporis
204 2484 273 2540 agro
296 2485 377 2538 quent
400 2485 415 2522 a
439 2468 517 2522 nobis
538 2466 692 2536 assumpsit,
710 2469 864 2536 mysterium

60 2559 168 2629 profert
181 2558 299 2613 caelestis
315 2558 392 2627 panis
407 2572 438 2611 ac
454 2555 544 2627 poculi
567 2554 705 2620 salutaris,
723 2570 776 2624 quo
799 2553 864 2609 reli-

60 2646 135 2703 citur
150 2646 284 2702 Ecclesia.
305 2647 339 2700 Et
353 2646 422 2701 sicut
437 2661 535 2715 corpus
558 2644 666 2698 Domini
690 2644 761 2714 qnod
790 2660 864 2698 moc-

61 2742 138 2790 tuum
165 2743 217 2801 cst,
237 2736 265 2789 in
287 2735 435 2806 Dinogetia
459 2750 574 2806 granum
599 2732 729 2786 frumenti
754 2741 865 2787 roratur

925 434 1027 497 ptatum
1040 435 1175 483 amatores
1200 430 1288 502 magis
1303 448 1384 501 quain
1400 434 1458 501 Dei,
1475 436 1673 496 sanctificantur
1694 443 1722 498 in

924 515 1022 569 hostiis
1047 525 1073 571 et
1094 517 1252 582 liminibus;
1272 520 1334 592 quia
1362 525 1489 594 mysteria
1518 528 1643 584 veritatis
1667 548 1721 589 uon

926 604 1015 658 valent
1030 604 1142 661 introire
1159 624 1164 668 ;
1182 615 1209 662 et
1223 609 1368 664 comedunt
1391 612 1466 668 cibos
1490 614 1645 686 impietatis,
1658 619 1723 677 dum

925 707 979 746 non
994 700 1057 748 sunt
1081 697 1166 751 sancti
1187 711 1299 767 corpore
1321 707 1347 754 et
1371 703 1487 771 spiritn;
1504 721 1556 760 nec
1577 708 1724 766 comedunt

925 797 1033 836 carnem
1049 783 1124 858 lesu,
1136 800 1225 856 neque
1240 786 1335 842 bibunt
1350 792 1521 861 sanguinem,
1535 793 1568 850 de
1587 811 1641 867 quo
1663 799 1723 870 ipse

925 869 1067 940 loquitur:
1092 872 1145 940 Qui
1165 875 1322 932 manducat
1339 895 1456 935 carnem
1469 898 1560 939 meam
1579 885 1680 955 (ibid),
1696 894 1723 944 et

924 958 1041 1030 reliqua.
1069 960 1277 1018 sanctificantur
1291 966 1393 1038 quippe
1408 969 1435 1023 iu
1460 970 1607 1041 liminibus,
1624 975 1671 1047 qui
1694 976 1722 1033 iu

925 1056 1098 1104 sacramento
1114 1051 1166 1106 hoc
1179 1053 1266 1105 soluta
1289 1054 1440 1125 attendunt,
1456 1058 1528 1129 quod
1544 1065 1723 1131 corporaliter

924 1136 1078 1206 accipiunt;
1095 1146 1121 1192 et
1137 1147 1164 1192 ut
1186 1149 1309 1195 sanctum
1331 1147 1522 1216 quoquomodo
1546 1162 1720 1222 venerantur,

925 1227 1016 1293 sicque
1032 1227 1175 1281 comeduut
1190 1228 1266 1284 cibos
1281 1232 1403 1299 pietatis;
1421 1234 1471 1289 aed
1486 1236 1612 1306 pietatem
1633 1241 1721 1312 ipsam

926 1313 1085 1382 repellentes
1098 1329 1115 1369 a
1127 1318 1219 1380 corde,
1235 1321 1471 1378 sanctificationem
1487 1326 1583 1396 grathe
1604 1331 1722 1388 celestis

925 1401 994 1455 iutra
1008 1402 1105 1457 domus
1120 1421 1179 1459 sum
1193 1406 1283 1460 limina
1299 1407 1396 1464 nolunt
1417 1413 1547 1482 recipere.
1564 1417 1624 1472 Non
1646 1421 1719 1476 enim

925 1488 1075 1545 obiciuntur
1088 1508 1187 1562 corpus
1202 1492 1311 1564 Christi,
1328 1500 1464 1555 sumendo
1479 1517 1578 1574 corpus
1602 1507 1715 1564 Christi.

925 1579 1160 1648 ldeoquecarnem
1175 1583 1248 1637 illam
1264 1585 1337 1651 iesu,
1355 1588 1388 1642 dc
1413 1605 1465 1658 qua
1487 1607 1570 1663 supra
1592 1595 1718 1665 diximus,

880 1681 977 1740 ssuon
1003 1670 1176 1738 manducant,
1200 1688 1289 1741 neque
1312 1677 1470 1745 sanguinein
1502 1681 1620 1738 bibunt:
1646 1687 1719 1756 quod

920 1764 1009 1810 autem
1025 1759 1189 1813 manducent
1200 1769 1225 1815 et
1241 1760 1348 1830 bibunt,
1364 1764 1397 1819 ad
1410 1765 1542 1834 judicium
1563 1772 1614 1827 sibi
1638 1789 1718 1830 man·

920 1843 1019 1899 ditcant
1034 1852 1062 1901 et
1075 1846 1182 1901 bibunt.
1199 1849 1269 1904 Nam
1284 1850 1353 1905 sicut
1368 1853 1408 1908 sol
1422 1870 1476 1909 nito
1491 1859 1557 1912 radii
1572 1865 1613 1915 sui
1628 1864 1719 1920 calore

921 1932 984 1988 hinc
999 1950 1088 1989 seram
1113 1935 1203 2002 solvit,
1221 1939 1283 1993 inde
1308 1940 1392 1995 lutum
1416 1945 1533 2016 stringit,
1550 1957 1577 2003 et
1600 1967 1652 2006 non
1675 1952 1719 2008 di-

921 2036 1017 2076 versus
1031 2023 1058 2077 in
1073 2039 1102 2078 se
1117 2023 1226 2082 diverse
1241 2037 1368 2098 operatur
1380 2030 1406 2084 in
1422 2034 1514 2100 rebus,
1530 2052 1620 2093 rerum
1641 2048 1719 2096 utens

921 2112 1040 2166 materiis
1055 2112 1122 2167 sicut
1136 2130 1183 2168 eas
1198 2116 1319 2184 invenit;
1337 2118 1376 2174 sic
1398 2120 1496 2177 Christi
1519 2126 1607 2194 gratia
1628 2144 1717 2200 quan-

921 2206 976 2252 tum
994 2202 1021 2254 iu
1045 2202 1103 2270 ipso
1126 2209 1177 2266 est,
1193 2220 1248 2260 tino
1270 2206 1352 2261 modo
1375 2224 1404 2262 se
1424 2209 1451 2263 in
1474 2228 1569 2268 cinnes
1592 2216 1716 2288 infundit,

919 2288 966 2341 sed
983 2289 1106 2344 diversos
1121 2291 1272 2348 invenietne
1287 2295 1393 2350 animos
1405 2298 1511 2355 diverse
1525 2301 1551 2355 in
1566 2303 1604 2358 eis
1618 2320 1717 2376 opera·

920 2385 970 2442 tur,
987 2379 1056 2433 hunc
1071 2378 1097 2432 in
1122 2396 1241 2436 autorem
1265 2384 1305 2436 sui
1329 2384 1544 2444 misericorditer
1562 2393 1717 2466 emolliens,

919 2466 992 2520 illum
1006 2467 1078 2536 justo
1092 2484 1146 2522 non
1163 2469 1319 2526 miserando
1334 2473 1477 2530 indurans.
1509 2478 1581 2533 Nam
1596 2484 1644 2538 citi
1659 2487 1720 2541 unit

919 2556 1082 2631 miseretur,
1099 2561 1127 2611 et
1139 2573 1220 2629 quein
1235 2560 1296 2614 vult
1317 2561 1436 2618 obdurat
1461 2567 1548 2632 (dom.
1564 2569 1611 2639 u).
1623 2573 1718 2643 dugu-

919 2643 1005 2696 stiuus
1028 2663 1034 2698 :
1063 2668 1073 2692 α
1096 2645 1167 2699 Talis
1184 2646 1233 2701 suit
1252 2649 1335 2703 ludas
1357 2649 1384 2704 in
1409 2655 1533 2710 convivio
1557 2656 1716 2727 salvatoris,

919 2732 962 2785 cui
991 2731 1039 2785 luit
1068 2749 1201 2787 venenum
1238 2736 1359 2792 buccella
1392 2739 1543 2808 Dominica,
1572 2760 1653 2816 quatu
1680 2746 1717 2803 do

59 2823 166 2879 cedens
186 2824 214 2877 iu
238 2828 350 2890 terram,
366 2823 404 2878 sic
429 2822 456 2877 in
480 2823 586 2892 psalmo
611 2821 699 2892 adeps
731 2820 864 2875 frumenti
919 2834 1000 2873 rnanu
1025 2821 1084 2889 ejus
1102 2823 1243 2893 suscepit:
1266 2840 1348 2896 quam
1372 2842 1433 2882 cum
1455 2832 1567 2901 accepit,
1590 2833 1716 2892 iuimicus

60 2921 176 2968 vocatur
190 2912 234 2966 illa
250 2912 364 2984 mystica
387 2927 461 2976 caro,
477 2911 511 2965 ad
536 2927 615 2981 quain
640 2910 773 2964 Dominus
798 2912 863 2964 hor-
919 2909 947 2960 in
963 2926 1023 2963 eum
1039 2910 1163 2980 intravit;
1181 2928 1234 2967 nou
1249 2915 1313 2984 quia
1334 2916 1445 2982 malurn,
1462 2920 1509 2973 sed
1531 2922 1594 2992 quia
1614 2923 1716 2980 bonum

60 3001 282 3072 tansdiscipulos
293 3001 400 3055 dicebat
412 3018 417 3053 :
429 3001 488 3056 h’iri
498 3000 862 3056 mandacaveritiscnrnem
919 2998 988 3052 male
1003 2999 1091 3053 malus
1106 3003 1223 3072 accepit.
1246 3025 1257 3050 i
1274 3003 1313 3057 De
1329 3019 1382 3060 uno
1395 3021 1464 3075 pane
1479 3015 1506 3063 et
1518 3009 1602 3065 ludas
1613 3011 1717 3084 accepit

59 3107 168 3155 meain,
184 3095 211 3146 et
223 3090 348 3145 biberitis
360 3105 453 3144 nicam
464 3091 643 3160 rniiqainern,
656 3105 712 3144 noa
727 3089 863 3145 habebitis
918 3095 944 3141 et
960 3088 1068 3154 Petrus;
1086 3088 1134 3143 sed
1151 3097 1238 3144 tamen
1254 3108 1314 3162 qum
1330 3108 1394 3163 pars
1409 3094 1481 3149 lideli
1502 3114 1564 3152 cuin
1586 3100 1716 3158 inlldelii

60 3182 154 3234 ittam
167 3181 198 3234 in
214 3178 289 3234 uobis
304 3183 468 3233 manentem
491 3180 582 3246 (toan.
601 3179 649 3240 vi).
667 3179 701 3232 itt
719 3179 745 3232 in
769 3193 863 3233 sacra·
919 3177 1013 3231 Petrus
1026 3178 1098 3232 enirn
1114 3180 1219 3250 accepit
1239 3182 1272 3234 ad
1297 3180 1379 3235 vitam
1394 3197 1401 3247 ;
1416 3184 1502 3239 ludas
1525 3186 1559 3240 ad
1581 3198 1711 3248 mortem.

60 3271 275 3338 meritiscorpus
290 3266 398 3322 Domini
421 3266 485 3321 lacit
506 3275 606 3320 sanctie
632 3267 760 3322 Ecclesia
784 3266 862 3333 tides,
917 3267 1011 3336 ltaque
1024 3269 1171 3321 secuudum
1187 3269 1326 3324 diversum
1348 3271 1523 3341 intellectum,
1538 3280 1566 3328 et
1578 3276 1717 3334 diversum

62 3358 145 3428 cujus
160 3356 325 3428 generaliter
337 3365 377 3410 est
392 3355 481 3426 ipsum
490 3354 863 3424 sacr·.ficinm,cujuscunque
917 3353 1052 3423 ellectum,
1070 3371 1132 3409 cnm
1154 3374 1223 3411 uuus
1247 3358 1281 3411 sit
1302 3359 1380 3428 panis
1401 3361 1512 3427 Christi,
1536 3364 1603 3419 alter
1623 3373 1715 3423 nmen

58 3447 97 3501 ,p
112 3445 202 3500 meriti
218 3460 267 3515 pei·
282 3460 362 3517 quem
378 3444 407 3497 tit
422 3442 607 3513 :spiritualem
623 3459 688 3497 vero
703 3443 777 3497 illam
801 3459 863 3498 car·
918 3443 1119 3514 quodammodo
1133 3461 1213 3516 quem
1229 3448 1341 3517 sumpsit
1361 3449 1465 3515 Petrus,
1482 3449 1553 3506 alter
1566 3453 1611 3509 ille
1633 3470 1715 3527 quern

57 3551 123 3590 nem
138 3534 315 3606 pergratiam
329 3532 379 3588 Dei
392 3531 453 3588 vitae
467 3531 588 3586 meritum
605 3529 688 3586 efficit
706 3539 733 3586 at
751 3529 864 3587 affectus
918 3532 1035 3602 sumpsit
1045 3531 1143 3595 ludas;
1159 3533 1278 3603 alterque
1295 3544 1383 3604 potest
1395 3539 1465 3592 suini
1479 3539 1536 3595 sine
1550 3541 1646 3599 altero.

56 3623 195 3680 mentium
209 3623 236 3676 in
251 3622 379 3678 cordibus
404 3620 613 3675 ministrantium
639 3620 681 3675 vel
705 3620 863 3690 percipieu-
1214 3624 1330 3680 CAPUT
1347 3625 1418 3680 Vffl·

59 3712 137 3767 pum,
155 3711 233 3767 Unde
248 3711 313 3765 illud
330 3728 337 3764 :
357 3711 388 3767 tit
405 3710 484 3766 nobis
499 3711 551 3778 fiat
570 3725 671 3780 corpus
695 3714 723 3764 et
747 3710 863 3780 conquir
954 3713 990 3765 De
1013 3712 1155 3782 corporali
1169 3713 1389 3770 manducatione
1407 3720 1531 3789 corporis
1552 3720 1676 3781 Domini.

58 3801 133 3858 Filii
156 3799 203 3856 tui
225 3801 291 3871 (49).
305 3799 402 3866 Nobis,
428 3799 526 3869 inquit,
543 3799 597 3854 liat.
615 3799 655 3853 Fit
674 3798 746 3854 enirn
768 3797 863 3868 procul
953 3799 1006 3854 Sed
1024 3801 1081 3868 jani
1107 3801 1141 3854 de
1169 3802 1301 3872 spirituali
1328 3805 1540 3864 manducatione
1567 3812 1716 3882 spiritualis

58 3891 146 3948 dnbio
161 3906 263 3961 corpus
278 3889 384 3943 Domini
399 3889 427 3942 in
444 3904 538 3943 mensa
554 3888 648 3943 altaris
664 3904 785 3957 semper,
802 3904 863 3942 curn
917 3890 1008 3943 carnis
1030 3888 1126 3943 Christi
1149 3891 1225 3954 satis,
1241 3897 1271 3945 ut
1292 3900 1367 3962 puto,
1388 3893 1492 3949 dictum
1514 3905 1555 3953 est
1572 3915 1579 3955 :
1603 3916 1664 3971 quai
1686 3910 1714 3959 ut

59 3980 186 4036 solemne
199 3977 267 4033 illud
281 3977 433 4034 celebratur
448 3977 606 4049 mysterium
626 3977 677 4032 ritu
694 3994 746 4048 quo
764 3977 863 4040 denen
918 3978 1003 4032 multa
1017 3977 1136 4033 breviter
1149 3979 1318 4047 concludam,
1335 3996 1389 4037 uon
1408 3991 1448 4038 est
1466 3984 1538 4041 alind
1560 4004 1640 4059 quam
1660 4008 1716 4064 po·

61 4069 112 4126 ,ed
128 4083 185 4124 uon
199 4082 310 4138 sempor
324 4067 368 4121 eis
383 4064 420 4132 Di,
438 4083 486 4137 per
500 4083 569 4137 quos
584 4064 624 4121 lit.
919 4082 982 4121 nere
996 4067 1078 4122 corda
1093 4067 1120 4122 in
1135 4068 1231 4123 virtute
1255 4070 1323 4139 ejus,
1340 4078 1366 4126 et
1389 4088 1446 4127 rem
1471 4073 1571 4132 ducere
1591 4079 1618 4132 in
1642 4096 1715 4151 opus

371 4174 482 4229 capp-T
500 4174 559 4228 pfl,
920 4162 947 4209 et
961 4153 1105 4223 effectum
1121 4155 1234 4226 jamque
1248 4158 1307 4227 ipse
1321 4158 1360 4214 rei
1381 4162 1448 4216 ordo
1465 4164 1571 4219 videtur
1593 4168 1714 4242 exigere,

64 4267 144 4336 Quod
152 4282 245 4322 anum
254 4281 355 4336 corpus
364 4262 865 4335 Demiairumntnrroeperinealtero.
919 4251 948 4297 ¹¹²
963 4243 1043 4299 eliam
1059 4247 1093 4300 ‘¹0
1108 4246 1241 4316 c0¹9⁰lali
1261 4246 1350 4320 aliqua
1371 4249 1544 4307 disserimus·
1561 4256 1716 4327 C⁰fl³0l³¹l⁸

96 4356 225 4426 cumque
239 4354 290 4410 nae
304 4352 408 4408 ratione
428 4352 573 4422 supiiciter
594 4353 651 4407 iaec
672 4367 737 4406 ciro
761 4352 862 4406 iinui-
876 4380 904 4442 D
920 4341 1010 4431 tutan
1035 4335 1205 4391 manciadae
1225 4344 1265 4390 esi
1285 4352 1383 4408 eorpus
1404 4340 1515 4396 Domini
1535 4347 1715 4415 corporaliter

60 4454 154 4517 gutur,
171 4445 242 4500 sicut
262 4444 348 4498 alters
367 4442 482 4512 intelligi
507 4449 596 4512 potest
620 4441 679 4495 sine
703 4440 800 4507 altera,
823 4441 864 4496 sic
919 4437 1069 4492 l’esffll‘ffl'ssi
1085 4422 1141 4478 file
1155 4424 1247 4496 ‘filimi
1265 4425 1323 4481 W
1342 4427 1463 4499 indigae,
1480 4430 1538 4486 Sile
1560 4432 1595 4486 ad
1620 4434 1712 4505 vitam,

60 4535 144 4589 etiam
164 4532 344 4588 manducatur
365 4533 453 4586 altera
478 4531 537 4585 sine
569 4531 666 4585 altera.
690 4529 765 4586 Unde
795 4529 863 4584 illud
917 4511 1342 4569 Sll'ssfldffl01'10ffl·ffi⁰²l⁰⁰lm
1367 4516 1590 4588 lllflsuffissistlisi
1607 4522 1645 4579 Sit
1667 4522 1714 4578 in·

61 4624 130 4677 item
144 4622 173 4676 j„
188 4637 311 4677 eamne:
330 4644 341 4670 ,
359 4622 392 4676 pq
406 4628 538 4693 quotquot
553 4635 585 4674 e,
608 4622 657 4674 h„
679 4619 772 4673 apag„
795 4635 862 4689 par.
917 4599 1043 4656 evitabile
1057 4609 1137 4673 cogat
1162 4603 1363 4672 necessarium,
1381 4612 1470 4662 nmen
1484 4617 1512 4662 et
1525 4610 1583 4666 baec
1603 4619 1715 4669 nonest

61 4711 224 4782 ticipatione
239 4718 440 4765 sacrosanctum
455 4709 514 4764 Filii
529 4709 566 4763 tui
580 4723 678 4776 corpus
702 4716 730 4762 et
749 4708 862 4778 satagui·
917 4690 1076 4747 ⁰millessdl·
1100 4689 1202 4745 Suffilll
1216 4694 1288 4746 enlm
1306 4692 1352 4748 5¹¹³
1370 4710 1419 4766 l)er
1442 4711 1481 4762 se,
1495 4698 1561 4767 (tuit
1584 4698 1650 4754 nulli
1672 4708 1714 4757 est

61 4816 128 4856 nem
155 4799 364 4872 sumpserimus,
390 4799 465 4854 niani
495 4797 684 4853 benedictione
712 4796 823 4862 coelesti,
839 4803 866 4852 at
916 4781 1085 4851 aliquatenus
1099 4779 1303 4851 “mbigflssdflmi
1320 4790 1383 4838 lunt
1402 4800 1621 4860 unumquemque
1643 4788 1714 4846 fide·

61 4888 152 4961 gmfip
168 4887 333 4960 repleamur,
351 4911 363 4936 a
380 4886 527 4942 Nouenim
543 4902 640 4942 omnes
662 4886 706 4958 qui
728 4901 862 4956 corpora.
916 4870 982 4926 llum
1011 4867 1132 4940 corporis
1158 4870 1352 4942 sanguinisque
1384 4873 1517 4929 Domlnlcl
1551 4878 1713 4951 participem

61 4977 126 5034 liter
139 4976 315 5044 manducant,
330 4976 506 5047 spiritualiter
520 4975 566 5030 illa
588 4974 780 5030 benedictione
802 4990 861 5030 coe·
917 4959 984 5027 fietis
1022 4958 1130 5031 quandO
1157 4957 1184 5011 5¹¹
1218 4959 1381 5029 bllllsssllle
1409 4971 1560 5019 membrum
1591 4969 1713 5039 corporis

62 5067 127 5123 legii
142 5073 170 5122 02
184 5065 273 5137 gratia
287 5065 435 5136 replentur,
453 5066 528 5120 [inde
548 5072 590 5119 ρει
614 5063 680 5118 iilud
696 5081 702 5117 :
717 5087 728 5112 c
743 5064 776 5118 [Ji
790 5062 862 5132 quod
917 5049 1017 5104 Christi
1040 5047 1173 5114 sllicitum
1188 5064 1238 5103 nec
1261 5048 1373 5104 alienari
1395 5050 1428 5104 ab
1449 5051 1522 5106 illius
1544 5056 1624 5124 panis
1642 5057 1713 5112 cali·

62 5154 390 5227 temporalitergeritnus,
401 5153 860 5224 aeternisgaudiisconsequamur.»
917 5137 1165 5208 cisquec⁰¹¹⁸0fl50i
1179 5137 1284 5192 θῑῑῑῐῐὶὃί
1300 5146 1445 5208 ‘Mettum
1467 5143 1592 5198 comedat
1613 5161 1712 5216 panem

60 5248 132 5301 item
148 5261 155 5296 ε
171 5268 183 5292 ι
202 5241 463 5315 thuaevisibilibus
475 5243 612 5314 mysteriis
624 5241 862 5312 sumendapercc·
917 5228 1003 5295 illumi
1026 5231 1054 5282 θῑ
1077 5226 1190 5282 ΰᾶῐῑθθῐῦ
1208 5225 1295 5294 bibat,
1314 5227 1348 5281 de
1370 5228 1421 5284 ¹¹00
1443 5230 1544 5287 Saeculo
1564 5231 1590 5287 in
1612 5236 1712 5292 unitata

60 5335 163 5407 pimus,
179 5331 312 5389 invisibili
325 5348 525 5406 consequamur
539 5330 648 5389 effectu.
670 5330 862 5387 »Etmultain
916 5316 1039 5390 corporis
1066 5315 1164 5372 Christi
1191 5316 1352 5373 constitutus
1377 5317 1515 5377 abscedat.
1543 5319 1712 5386 sacramenti

96 5509 157 5586 (tt)
171 5510 205 5568 lu
217 5523 324 5570 maone
338 5509 441 5567 misicit
