3728 6000
80 246 136 303 ιιι
784 244 930 305 AENleib
956 245 1062 306 atbar.
1686 259 1739 316 398

80 364 233 426 ιιιειιιιε.0
255 383 335 442 ergo,
356 381 438 441 quem
460 381 541 422 namo
565 365 661 437 quaerit
684 382 759 433 vere,
780 374 807 422 et
829 382 883 422 non
899 367 1082 436 Aeurrentis,
1099 367 1146 422 red
1166 367 1206 422 tui
1227 369 1388 426 miserentis.
1414 373 1453 428 Tu
1476 373 1553 443 prior
1567 370 1689 446 inspira,
1709 386 1740 434 ut

80 453 199 521 invenit,
224 450 323 528 qnippe
346 472 408 512 curn
432 448 491 525 ipsa
514 452 615 512 veritas
639 463 663 510 ιε
690 448 828 525 quarendi
857 448 885 510 in
940 455 1104 520 credamus;
1129 462 1155 510 tu
1176 454 1307 524 contorta,
1329 466 1358 513 ut
1381 475 1545 530 speremus;
1570 464 1597 517 tu
1619 480 1740 535 provoca

81 540 255 598 conscientia
276 543 421 617 querentis
445 559 501 597 non
526 552 686 614 suspectum
707 543 766 612 jam
787 542 887 598 habeat
940 551 967 598 et
990 540 1119 613 accende,
1135 554 1164 599 ut
1185 561 1331 610 amemus;
1359 554 1499 621 totumque
1519 548 1553 606 de
1571 552 1650 607 nobis
1666 561 1739 610 tuum

79 646 244 703 responsum
267 622 437 704 aliquatenus
461 631 582 686 inveniar
611 631 733 687 veritatis
759 647 766 701 ;
795 630 886 686 inveni
941 633 987 698 sit,
1002 636 1031 686 ut
1045 632 1115 688 bene
1132 631 1212 689 nobis
1226 631 1255 688 in
1277 631 1303 690 ιε
1318 634 1362 703 sit,
1378 635 1406 690 in
1430 653 1482 707 quo
1498 638 1626 711 vivimus,
1642 658 1740 699 move·

80 734 133 775 noa
147 718 178 775 ul
191 719 365 778 inveniamus
380 730 405 777 te
422 738 427 773 :
447 716 508 775 veni
529 718 556 772 in
575 732 636 786 nos,
653 727 681 774 ut
695 734 791 775 eamus
806 720 834 772 in
848 724 884 785 te,
940 737 1002 775 mur
1015 728 1042 776 ει
1061 737 1167 776 sumus.

78 817 107 864 et
122 804 246 865 vivamus
259 809 286 865 in
301 819 336 881 te,
354 809 399 881 qui
417 825 433 864 a
452 824 517 865 vere
531 823 586 863 non
601 808 781 875 advolantis,
798 823 886 879 nequo

1192 922 1740 959 m...

468 1103 922 1252 AENIGMA
996 1104 1345 1258 altrat.

597 1367 783 1440 (Bibliotheca
799 1366 993 1424 cirterciensis
1013 1373 1033 1423 t.
1048 1367 1094 1435 tv,
1114 1384 1145 1439 p.
1165 1370 1223 1440 bd.)

116 1678 252 1739 Humanae
278 1674 440 1737 infirmitatis
467 1674 595 1747 religiosa
624 1672 759 1732 confessio
781 1678 823 1729 est
847 1670 881 1729 de
897 1670 923 1734 B
938 1673 988 1731 hac
1003 1677 1057 1733 vita
1072 1677 1177 1733 mortali
1192 1694 1206 1733 a
1223 1678 1448 1751 mortali2lrcmine
1463 1686 1550 1752 potest
1564 1682 1651 1739 videri
1666 1683 1738 1740 Deus

79 1771 143 1826 Deo
153 1769 207 1827 hoc
220 1767 310 1827 sotum
323 1780 416 1832 nosse,
434 1760 506 1836 quod
522 1760 595 1819 Deus
611 1770 662 1819 est.
683 1765 815 1818 (laterum
838 1776 887 1817 es·
939 1765 1146 1834 respondemus,
1164 1772 1250 1837 potest
1267 1785 1273 1820 :
1294 1767 1343 1823 sed
1358 1784 1413 1824 non
1425 1771 1564 1840 corporeis
1578 1771 1674 1843 oculis,
1688 1773 1741 1829 sie.

80 1863 200 1915 sentiam
216 1859 276 1930 ejus
290 1858 336 1914 vel
350 1862 485 1921 naturam,
499 1859 526 1908 et
541 1859 646 1908 secreta
660 1851 886 1921 illairnperscru-
940 1860 969 1905 ut
984 1851 1107 1909 videmus
1130 1857 1204 1910 hunc
1227 1855 1313 1910 solem
1330 1870 1337 1924 ;
1354 1857 1396 1910 νει
1421 1858 1518 1912 mentis
1542 1859 1646 1924 obtutu,
1667 1861 1739 1916 sicut

80 1946 176 2003 labilis
192 1946 289 2017 judicii
312 1947 370 2016 ejus
391 1942 500 1999 decreta
529 1941 696 2012 investigare
723 1939 833 2009 quidem
861 1945 889 1994 et
941 1942 1124 2012 unusquisque
1145 1943 1317 2015 semetipsum
1340 1944 1412 2000 videt
1436 1945 1540 2016 aliquid
1570 1955 1738 2018 quaerentem

82 2032 253 2108 perscrutari
268 2035 344 2106 pium
360 2040 422 2088 est:
439 2046 499 2103 quae
514 2036 673 2085 tamencum
690 2032 889 2082 mensterrcntt
941 2030 1379 2103 autseientem3sedfidoi‚quae
1400 2034 1592 2090 canonicarum
1615 2035 1738 2108 Scriptu-
1809 2064 1813 2071 ·

83 2140 142 2180 non
166 2130 299 2196 penebat,
329 2118 515 2177 inscrutabilia
544 2126 571 2173 et
598 2115 801 2188 investigabilia
827 2128 889 2171 esse
942 2121 1365 2176 rarumauctoritatemuniatur.

83 2206 270 2269 confitendum
286 2217 342 2269 est.
362 2207 483 2278 Quorum
498 2207 613 2261 alterum
636 2206 774 2277 religiosa>
788 2202 889 2259 volun-

978 2234 1059 2290 Visua
1073 2244 1115 2291 est
1130 2240 1220 2291 tamen
1240 2254 1257 2290 a
1281 2236 1403 2292 Patribus
1426 2254 1460 2293 eu
1480 2239 1569 2304 specie
1588 2256 1670 2310 quam
1690 2257 1739 2298 vo·

83 2300 148 2356 talis
162 2302 214 2367 esi,
230 2296 346 2355 altemm
367 2294 610 2368 imperscrutabilis
633 2303 746 2349 nam·
762 2292 840 2349 U⁰d⁰
864 2296 891 2348 εἰ
943 2322 1032 2379 luntas
1047 2325 1137 2396 elegit,
1155 2341 1207 2380 non
1223 2333 1313 2380 natura
1329 2326 1456 2381 formavit
1466 2331 1550 2396 (Aue.
1571 2334 1652 2400 epist.
1667 2332 1739 2403 ιιι).

83 2388 243 2458 Apostolus,
264 2387 341 2456 cujus
355 2384 441 2440 tidem
470 2382 551 2439 homo
575 2382 670 2437 saeculi
691 2397 744 2438 non
767 2381 848 2452 capit,
864 2384 892 2436 et
948 2434 958 2459 α
975 2413 1061 2467 Deum
1080 2412 1152 2467 enim
1168 2429 1249 2469 nemo
1264 2414 1330 2469 vidit
1345 2431 1475 2486 unquam?

83 2476 163 2546 cujus
187 2492 284 2532 sensus
308 2474 380 2530 dicta
404 2471 474 2528 alius
496 2476 675 2543 praeterquam
699 2469 786 2541 ipsius
807 2468 891 2525 verba

83 2581 140 2622 non
153 2565 301 2636 explicant,
317 2560 513 2634 perscrutando
534 2568 559 2615 et
573 2556 766 2630 investigando
781 2564 814 2611 ea
829 2562 890 2611 attt-

82 2656 152 2725 pet:
170 2659 198 2709 ει
212 2649 299 2708 dicit:
319 2672 330 2699 r
352 2648 502 2706 Oaltitudo
525 2647 679 2701 divitiamm
703 2645 844 2715 sapientiae
865 2644 892 2698 et

84 2740 210 2799 scientiae
224 2738 275 2796 Dei
292 2759 298 2794 :
316 2755 397 2810 quam
412 2734 700 2807 incomprehensibilia
716 2740 777 2789 sunt
790 2730 892 2802 judicia

84 2830 159 2900 ejus,
183 2830 211 2885 et
232 2824 439 2899 investigabiles
467 2824 518 2880 vica
537 2824 598 2893 ejus
623 2824 710 2894 (born.
736 2823 778 2891 ιι).
801 2844 811 2869 u
840 2814 892 2877 Ubi

85 2936 154 2992 ergo
176 2919 251 2972 tanta
274 2915 407 2972 tortitudo
431 2912 558 2983 trepidat,
573 2913 698 2967 humanae
720 2908 892 2965 verecundiae

85 3002 202 3063 modurn
217 3004 349 3077 religiosa
363 3000 565 3071 omnipotentiae
591 2997 658 3054 indes
679 2995 833 3062 concludat,
845 3012 891 3051 ne·
905 3025 930 3087 C
947 3029 979 3085 lis
994 3031 1092 3086 munda
1107 3037 1135 3086 ot
1149 3040 1242 3087 sunm
1255 3032 1382 3101 impletur

86 3111 142 3166 que
162 3110 193 3150 se
213 3090 355 3148 infirmitas
381 3089 569 3161 intelligentia>
592 3086 691 3141 nosbae
706 3086 740 3140 ad
761 3101 890 3156 perscru-

85 3182 172 3239 tanda
192 3197 224 3237 ea
239 3198 299 3254 quae
308 3176 490 3251 perspiciendi
505 3184 629 3231 naturam
639 3190 693 3229 non
707 3173 823 3237 habent,
839 3189 890 3229 ex-

86 3271 196 3328 tendat.
216 3268 245 3326 Si
260 3268 333 3325 enim
347 3266 523 3323 cernentibus
544 3263 609 3319 solia
630 3262 781 3318 claritatem
804 3261 891 3318 virtus

85 3358 241 3418 contuentis
255 3356 353 3413 virtute
368 3352 480 3410 luminis
499 3350 674 3422 obstupescit,
700 3351 844 3417 intantum,
860 3352 890 3404 ιιι

83 3450 107 3504 si
123 3438 235 3522 quando
251 3460 361 3501 eausam
378 3442 506 3497 radiantis
524 3439 593 3497 lucis
607 3438 747 3495 sollicitius
757 3438 831 3494 acies
846 3452 891 3494 cu·

82 3537 169 3594 riosae
183 3532 419 3604 contemplationis
436 3528 564 3604 inquirat,
580 3528 719 3598 usquead
736 3532 889 3582 emortuum

84 3622 197 3684 ridendi
213 3638 322 3680 sensum
338 3620 479 3677 oculorum
498 3624 592 3673 natura
606 3615 889 3685 revocetur,accidat·

85 3731 140 3786 qne
156 3708 245 3784 magis
260 3706 370 3765 nitendo
385 3707 476 3764 videre
492 3723 526 3762 ne
541 3705 629 3761 videat
647 3724 652 3758 :
675 3702 739 3776 quid
760 3703 838 3758 nobis
862 3696 890 3757 in

85 3804 139 3858 Dei
154 3798 238 3856 rebus
254 3802 282 3854 et
296 3797 354 3853 sole
366 3794 480 3866 justitiae
495 3791 707 3864 exspectandum
721 3786 781 3844 esti
791 3784 890 3844 Nonne

85 3891 191 3948 volenti
205 3901 384 3959 supersapere
398 3882 539 3939 incumbet
550 3872 787 3938 stultitiulNonne
797 3876 889 3949 ipsum

85 3962 337 4048 acre'intelligendi
361 3972 454 4028 lumen
479 3970 575 4042 stupor
596 3968 702 4025 hebetis
722 3966 890 4038 desipientia

83 4064 228 4135 occupabit
245 4060 335 4117 tNon
349 4060 420 4115 enirn
436 4074 521 4115 causa
530 4054 646 4112 interior
660 4070 771 4111 causam
784 4058 889 4109 naturas

83 4151 203 4227 potioris
221 4148 357 4222 intelligit,
374 4165 422 4202 uec
437 4147 557 4215 subjacet
572 4147 699 4199 humana
719 4140 889 4213 conceptioni

83 4244 156 4299 ratio
171 4234 307 4298 coeloatis.
333 4234 406 4291 Nato
432 4237 502 4290 intra
522 4232 703 4289 conditionem
724 4228 889 4284 infirmitatis

84 4330 152 4395 erit,
175 4324 307 4398 quidquid
330 4320 431 4378 iniiruni
449 4320 571 4377 hominis
585 4317 757 4375 eonscientiae
782 4316 888 4372 subdc-

84 4426 142 4474 tar.
163 4412 218 4471 Sed
231 4415 259 4469 in
273 4413 405 4482 quantum
424 4410 493 4465 ratio
511 4406 631 4464 doelestis
653 4423 682 4461 ae
702 4405 830 4476 permittit
843 4404 888 4459 in-

84 4504 184 4578 telligi,
201 4505 229 4558 in
244 4500 345 4557 tantum
360 4497 511 4570 expetenda
524 4503 564 4552 est
585 4510 593 4566 ;
609 4511 643 4551 ue
657 4492 680 4549 ai
695 4493 813 4550 contenti
828 4494 889 4563 ejus

83 4591 267 4665 indulgentia
279 4585 477 4661 paederamlne
491 4601 546 4640 non
560 4599 663 4652 sumus,
678 4582 835 4637 amittamus
851 4581 889 4636 in·

84 4691 174 4748 dulta.
194 4682 352 4759 Estneergo
368 4684 395 4739 in
414 4678 481 4753 Deo,
499 4674 571 4754 quod
586 4678 689 4752 percipi
709 4676 820 4750 possiti
841 4676 890 4732 Est

84 4789 177 4861 plane,
192 4785 216 4841 si
230 4783 312 4841 modo
325 4784 377 4839 boc
391 4779 468 4847 valis,
484 4777 558 4851 quod
578 4774 679 4848 possis.
703 4775 839 4832 Goeterum
866 4773 888 4829 si

82 4886 160 4941 ultra
174 4896 255 4955 qnam
268 4888 358 4953 poteo,
372 4892 476 4949 speres,
490 4875 518 4930 id
537 4888 646 4944 quoque
667 4871 741 4944 quod
763 4870 889 4942 potuisti,

81 4999 140 5042 non
155 4981 268 5053 patena
284 4977 361 5036 Visio
376 4989 492 5045 namque
504 4972 575 5028 laria
588 4971 622 5025 ad
637 4970 749 5035 taciem,
766 4977 792 5024 at
807 4968 889 5041 plena

83 5079 208 5152 cognitio
220 5075 322 5134 nemini
334 5073 378 5130 bio
392 5073 483 5136 datur,
498 5070 548 5127 aad
562 5084 611 5141 pro
626 5066 724 5123 merito
739 5065 812 5132 fidei,
835 5080 889 5135 oua

82 5177 221 5235 credimus
234 5174 278 5231 hic
291 5172 364 5244 qnod
379 5186 433 5227 non
448 5168 587 5234 videmus,
601 5167 630 5222 in
645 5165 735 5221 laturo
751 5161 888 5235 promitti·

1494 2439 1505 2464 a
1522 2418 1558 2471 ait
1572 2418 1742 2490 evangelista

943 2501 1059 2555 loannes
1091 2501 1182 2571 (loon.
1204 2503 1223 2572 r)
1253 2517 1260 2571 ;
1298 2503 1391 2573 utique
1417 2505 1486 2559 sicut
1522 2505 1646 2561 videntur
1678 2505 1741 2576 ista,

945 2605 1005 2658 quaa
1025 2589 1142 2643 visibilia
1166 2589 1302 2645 dicuntur.
1330 2593 1441 2661 Propter
1463 2592 1535 2661 quod
1560 2601 1587 2649 et
1612 2594 1742 2650 continuo

945 2677 1084 2744 subjunxit
1102 2694 1108 2730 :
1126 2698 1137 2723 a
1153 2677 1315 2748 Unigenitus
1328 2679 1374 2751 qui
1390 2687 1432 2734 est
1445 2680 1472 2734 in
1488 2680 1548 2735 sinu
1569 2682 1663 2742 Patris,
1685 2681 1744 2752 ipsa

945 2765 1072 2819 narravit.
1092 2766 1206 2820 »Deum
1222 2767 1292 2821 enim
1307 2769 1450 2838 corporeis
1474 2768 1560 2824 oculis
1582 2769 1641 2824 istis
1664 2785 1745 2824 nemo

945 2869 1064 2925 unquam
1088 2854 1155 2909 vidit
1172 2874 1178 2922 ;
1201 2855 1249 2909 sed
1271 2864 1398 2910 narrante
1418 2856 1576 2928 Unigenitc,
1592 2857 1638 2930 qui
1662 2865 1704 2913 est
1717 2857 1746 2913 in

946 2943 1005 2998 sinn
1022 2943 1115 3008 Patris,
1138 2944 1291 2998 narratione
1314 2942 1454 3011 ineffabili.
1480 2954 1605 3001 creatura
1628 2946 1748 3001 rationa-

1405 3032 1439 3086 de
1464 3033 1567 3088 visione
1589 3033 1744 3089 ineflabili:

945 3135 1006 3193 quae
1020 3122 1061 3175 sia
1076 3128 1164 3191 potest
1179 3119 1330 3191 intelligere
1346 3127 1514 3188 narrantem,
1535 3121 1612 3175 sicuti
1637 3121 1749 3176 verbnm

944 3224 999 3264 non
1012 3223 1094 3263 sonus
1108 3208 1220 3263 auribus
1235 3216 1370 3277 strepens,
1387 3207 1433 3261 sed
1449 3209 1541 3279 imago
1552 3207 1688 3263 ruentibus
1702 3209 1747 3262 in-

944 3305 1098 3362 nauseans,
1108 3303 1137 3350 ut
1147 3295 1212 3349 illud
1224 3294 1249 3350 ει
1264 3295 1374 3349 interna
1385 3302 1412 3349 ει
1424 3294 1564 3349 manifesta
1573 3295 1633 3351 luce
1643 3294 1747 3351 clares·

944 3392 997 3453 cat,
1013 3383 1085 3456 quod
1100 3383 1202 3438 dictum
1216 3389 1286 3437 esta
1300 3382 1416 3438 Domine
1429 3400 1435 3433 :
1449 3405 1460 3431 r
1474 3383 1661 3454 Philippeum
1673 3382 1750 3437 videt

944 3490 998 3540 me,
1014 3473 1091 3528 videt
1104 3480 1130 3526 ει
1144 3472 1250 3527 Patrem
1267 3470 1360 3540 (loon.
1377 3472 1444 3540 arv).
1460 3494 1471 3519 n
1485 3471 1654 3526 Desiderium
1670 3472 1747 3525 anim

945 3561 1078 3617 veraciter
1091 3561 1210 3631 piorum,
1224 3574 1278 3628 quo
1293 3558 1385 3614 videre
1397 3560 1485 3613 Deum
1505 3559 1626 3629 cupiunt,
1644 3573 1698 3613 non
1719 3565 1751 3613 ιιι

944 3649 1051 3720 opinor,
1078 3648 1106 3702 in
1129 3662 1190 3703 eam
1214 3647 1335 3716 speciem
1358 3645 1457 3717 flagrat
1480 3647 1672 3712 contuendam,
1695 3661 1749 3716 qua

945 3737 1053 3808 quando
1067 3736 1132 3800 vult,
1149 3734 1217 3790 sicut
1231 3735 1297 3799 vult,
1313 3742 1428 3804 apparet
1442 3736 1515 3806 quod
1537 3735 1596 3805 ipse
1615 3749 1669 3790 non
1695 3742 1748 3794 esti

944 3826 994 3880 sed
1009 3826 1035 3879 in
1050 3838 1110 3880 eam
1125 3824 1318 3888 substantiam,
1339 3838 1392 3891 qua
1407 3822 1466 3890 ipse
1488 3830 1530 3877 est
1552 3822 1581 3877 id
1604 3822 1678 3895 quod
1692 3829 1745 3878 est.

945 3913 1037 3969 Videri
1052 3914 1125 3968 enirn
1140 3911 1184 3967 tric
1205 3911 1308 3965 mundo
1327 3909 1408 3964 corde
1431 3916 1530 3979 potest,
1551 3910 1749 3981 comprehendi

944 4018 998 4057 non
1021 4008 1120 4072 potest.
1137 3999 1191 4054 Sed
1215 3999 1242 4052 in
1266 4000 1317 4052 trac
1340 3998 1489 4068 quaestione
1510 3999 1600 4053 Deum
1625 3996 1746 4064 videndi,

943 4091 1005 4162 plus
1019 4089 1087 4145 milri
1101 4087 1207 4143 videtur
1222 4086 1313 4142 valere
1338 4085 1447 4141 vivendi
1471 4085 1577 4152 modus,
1594 4102 1676 4159 quam
1699 4086 1745 4142 lo·

944 4178 1053 4249 qrrendi.
1068 4179 1139 4232 Narn
1152 4176 1200 4247 qui
1215 4174 1345 4229 didicerit
1366 4189 1383 4229 a
1406 4174 1523 4230 Domino
1547 4176 1612 4230 lesu
1637 4175 1746 4231 Christo

943 4266 1018 4322 mitis
1032 4280 1092 4321 esse
1104 4268 1131 4319 et
1146 4262 1260 4318 humilia
1274 4262 1367 4328 corde,
1384 4261 1445 4331 plus
1457 4261 1486 4316 in
1500 4261 1552 4317 boc
1561 4262 1707 4333 cogitando
1720 4270 1747 4317 ει

903 4371 932 4434 D
947 4354 1051 4412 orando
1064 4349 1204 4423 proficiet,
1215 4366 1296 4423 quam
1311 4348 1430 4422 legendo
1441 4348 1483 4404 vel
1498 4349 1644 4415 audiendo,
1655 4365 1745 4420 quarn·

943 4446 983 4502 vis
997 4456 1190 4513 nonnunquam
1205 4444 1235 4495 et
1255 4437 1374 4510 legendo
1398 4445 1425 4492 et
1448 4436 1584 4492 audiendo
1605 4435 1742 4507 proficiat.

943 4535 1030 4589 Nemo
1044 4539 1135 4587 antam
1150 4528 1267 4584 sedicet
1282 4526 1352 4582 vella
1365 4526 1452 4581 Deum
1470 4525 1572 4591 videre,
1593 4525 1638 4595 qui
1662 4541 1744 4580 mun-

943 4622 1035 4678 dando
1050 4618 1124 4676 cordi
1139 4632 1230 4673 curam
1246 4623 1327 4671 tantas
1351 4613 1389 4670 rei
1411 4614 1520 4684 dignam
1544 4612 1664 4668 noluerit
1690 4614 1746 4666 irn-

942 4709 1074 4782 pendere.
1094 4708 1181 4761 Nemo
1197 4704 1271 4759 enim
1286 4703 1358 4759 velet
1370 4703 1458 4758 Deum
1474 4701 1568 4757 videre
1584 4708 1612 4756 et
1626 4701 1719 4757 vivero
1735 4717 1742 4763 ;
1776 4763 1788 4771 ,

943 4797 1004 4870 quia
1019 4808 1133 4852 necesse
1148 4800 1189 4848 ast
1201 4792 1301 4847 attrahi
1326 4791 1360 4846 ab
1385 4793 1436 4847 hac
1458 4791 1512 4845 vita
1534 4797 1664 4856 mentem,
1681 4806 1744 4860 qun

943 4886 972 4940 in
986 4885 1060 4940 illius
1075 4881 1185 4937 visionis
1205 4879 1420 4935 ineffabilitatem
1444 4880 1600 4934 assumitur.
1625 4878 1744 4935 Alterius

943 4987 1061 5044 numque
1074 4978 1101 5026 ει
1116 4969 1230 5041 potioris
1241 4968 1307 5022 vitai
1321 4975 1362 5022 eat
1375 4967 1444 5022 visio
1458 4966 1515 5035 ille,
1527 4984 1589 5038 quaa
1605 4967 1633 5020 in
1652 4967 1743 5021 tuturo

942 5059 1114 5133 promittitur,
1128 5057 1174 5114 sed
1187 5057 1245 5128 jam
1260 5056 1304 5111 hic
1317 5055 1346 5109 in
1368 5055 1473 5112 cunctis
1497 5054 1559 5110 filiis
1583 5055 1679 5126 gratiae
1702 5055 1742 5108 in-

943 5152 1067 5206 choatur.

83 5289 139 5336 tur.
156 5273 293 5330 Habemus
307 5270 379 5327 enim
393 5266 502 5323 interim
525 5267 568 5321 tric
590 5263 786 5335 promissorum
801 5259 889 5315 bono·
979 5262 1139 5335 Unigonitua
1166 5278 1233 5334 ergo
1260 5259 1345 5316 Filius
1369 5258 1481 5314 Deitatis
1509 5264 1632 5312 naturam
1657 5264 1741 5330 atque

86 5380 154 5429 rnna
168 5371 260 5427 imnen
274 5370 301 5425 in
317 5367 369 5422 lide
382 5384 389 5420 z
402 5367 429 5420 in
444 5376 499 5435 qua
513 5371 641 5432 tanquam
653 5374 701 5431 per
714 5357 854 5429 speculum
864 5361 891 5414 et
944 5353 1120 5409 substantiam
1143 5349 1332 5407 insonabiliter
1353 5363 1465 5403 narrans
1492 5347 1586 5420 dignis
1614 5347 1741 5403 idoneis-

86 5472 117 5526 in
130 5468 280 5543 scammate
294 5464 411 5521 loticiam
428 5471 531 5531 rernm,
540 5467 568 5517 ει
582 5459 737 5515 tatarorum
753 5457 890 5512 bonorum
943 5469 996 5523 qna
1011 5451 1098 5509 ocutis
1112 5458 1187 5508 unte
1198 5446 1364 5520 conspectui,
1388 5445 1470 5502 etiam
1494 5445 1523 5500 in
1546 5447 1596 5500 bac
1619 5445 1674 5500 vita
1696 5445 1741 5499 in-

88 5564 238 5641 luminata
262 5562 414 5620 intuentur.
443 5558 473 5616 Si
494 5557 567 5614 enirn
590 5555 729 5629 quaritur,
752 5559 844 5611 utrum
861 5551 891 5608 in
944 5550 1087 5607 visibiliter
1100 5553 1235 5605 monstrat
1251 5565 1257 5602 ι
1273 5553 1300 5603 ει
1318 5545 1365 5618 qui
1378 5547 1470 5616 potest
1489 5545 1575 5600 Deum
1591 5541 1741 5600 tnvntotti-
1843 5602 1848 5617 N
