3728 6000
59 257 113 314 289
382 258 594 315 tttSt‘tJvavto
613 258 755 315 invasa
773 260 959 318 ADVERSUS
975 261 1211 322 miscentibus.
1228 297 1263 308 —
1277 264 1342 323 tta.
1359 270 1379 326 l.
1653 278 1708 335 aad

59 391 99 437 ret
113 381 212 454 igitur,
226 381 337 437 nisibis
351 383 399 454 qui
409 380 547 453 superbiae
560 389 588 437 et
600 381 781 437 contentionis
796 383 858 453 spi·
873 384 900 443 A
917 383 983 440 Filio
998 400 1053 439 non
1069 387 1183 454 ascribi,
1199 389 1247 443 sed
1263 392 1406 460 quomdam
1420 393 1568 464 potentiam
1580 416 1587 464 ;
1599 397 1709 469 Spiritui

58 472 130 526 titus
145 471 281 542 insipiens
295 479 323 526 et
336 469 511 542 impoenitens
525 485 573 526 cor
595 470 705 536 habent,
721 471 859 525 thesauri·
915 481 1010 528 sancto
1033 474 1146 539 nullum,
1163 477 1225 546 quia
1249 478 1443 550 benignitatem
1464 483 1562 539 solam.
1591 485 1707 560 Stupeo,

58 568 154 615 rantes
167 559 221 614 sibi
236 560 306 615 iram
320 561 349 615 in
364 559 409 615 die
428 559 475 614 irae
498 558 674 615 revelationis
686 558 748 628 justi
765 558 860 627 judicii
915 559 979 614 dum
988 561 1048 617 haec
1058 562 1158 629 scribo,
1169 571 1195 619 et
1205 567 1297 621 omnia
1306 567 1409 624 viscera
1418 585 1479 626 mea
1488 575 1708 633 contremiscunt.

57 647 127 717 θείς
145 648 242 718 claret,
259 649 381 719 inquam,
398 649 537 704 diversum
559 648 726 704 subsistendi
749 648 859 703 modum
914 649 1001 704 Deum
1017 657 1099 705 testor
1112 658 1139 705 ot
1153 652 1265 724 angelos
1279 655 1346 725 ejus,
1362 658 1490 726 quoniam
1504 661 1549 732 qui
1568 664 1711 722 mendacia

56 736 91 791 ibi
107 751 165 792 non
179 753 252 804 csse,
268 736 315 793 ubi
330 735 516 808 principaliter
531 744 558 792 et
579 734 754 792 ineffabiliter
777 752 859 791 unum
914 737 973 793 ltaec
1001 737 1037 792 ob
1066 740 1245 797 eruditionem
1273 742 1378 815 legunt,
1397 745 1447 801 nisi
1475 749 1645 820 resipiscant,
1662 753 1709 811 filii

56 834 81 880 et
93 842 193 880 verum
209 831 341 882 estesse.
361 826 482 896 benique
497 825 563 879 nihil
578 824 653 880 aliud
668 832 707 879 est
720 825 861 880 reiesseu·
914 825 1075 896 perditionis
1089 836 1151 883 suut
1167 847 1173 883 :
1189 837 1216 884 et
1230 846 1325 886 eorum
1339 833 1384 904 qui
1399 834 1576 894 fabricatores
1594 843 1708 897 menda-

58 915 104 979 tis,
121 930 209 984 quam
224 930 269 969 res
283 914 359 984 ipsa,
375 918 412 981 et,
430 921 497 968 teste
511 914 670 985 Augustino,
686 914 760 968 Deus
783 912 858 967 rela·
913 913 958 981 cii,
987 922 1014 969 et
1041 916 1159 971 cultores
1183 933 1376 987 perversorum
1404 921 1562 995 dogmatum
1590 927 1707 999 luerunt,

58 1004 109 1061 tire
122 1018 182 1058 non
198 1002 332 1071 subsistit,
348 1003 417 1057 sicut
432 1002 547 1057 relative
559 1002 722 1057 dominatur.
740 1003 771 1056 llt
787 1001 858 1056 enim
914 1011 1014 1058 sortem
1028 1003 1225 1061 maledictionis
1247 1007 1396 1080 elegemnt,
1412 1020 1439 1066 ει
1462 1021 1572 1072 aetomae
1594 1018 1709 1076 damua-

58 1093 81 1147 in
96 1091 150 1146 lib.
168 1108 210 1146 vu
224 1094 265 1147 De
275 1092 406 1147 Trinitate
414 1091 478 1146 dicit
490 1110 497 1147 ε
511 1114 522 1139 ι
536 1089 634 1146 Omnis
644 1106 687 1145 res
697 1090 731 1144 ad
739 1089 858 1160 seipsam
914 1091 997 1145 tionis
1021 1092 1073 1146 sibi
1097 1093 1249 1164 acquirunt.
1266 1096 1321 1152 Sed
1343 1100 1471 1169 quoniam
1493 1103 1527 1158 de
1553 1104 1708 1180 falsiloquio

58 1181 189 1248 subsistit,
206 1190 308 1252 quanto
323 1181 410 1252 magis
424 1182 505 1249 Deus,
523 1180 546 1234 si
561 1179 672 1252 dignum
697 1186 747 1246 est,
763 1187 792 1233 ut
815 1178 859 1231 di·
914 1179 974 1243 hoc,
993 1196 1046 1249 quo
1061 1196 1111 1236 suo
1126 1183 1294 1253 supradicto
1314 1186 1395 1243 modo
1418 1190 1512 1245 Petrus
1533 1194 1707 1265 omnipoten-

58 1278 132 1326 catur
145 1270 237 1324 Deum
251 1269 412 1325 subsistere.
433 1270 493 1324 -Et
509 1268 637 1339 quoniam
662 1268 687 1322 iu
710 1269 769 1323 Deo
791 1267 858 1322 nibil
913 1268 977 1323 tiam
1000 1269 1071 1323 Patri
1098 1271 1253 1341 specialiter
1274 1275 1395 1346 ascribit,
1421 1277 1475 1345 piis
1498 1279 1653 1354 lectoribus,
1679 1293 1708 1341 ut

58 1357 127 1415 aliud
144 1363 198 1424 εει,
215 1357 365 1429 sapientem
380 1374 441 1413 esse
466 1357 509 1413 vel
535 1364 672 1427 potentem
696 1372 755 1412 osse
776 1372 858 1427 quarn
913 1356 1040 1422 arbitror,
1052 1357 1221 1415 satisfactum
1233 1369 1273 1416 est
1288 1379 1295 1415 τ
1312 1362 1374 1418 lidei
1389 1372 1416 1419 et
1428 1368 1592 1426 auctoritatis
1606 1372 1708 1430 lumine

10 1476 12 1491 .
58 1463 126 1514 esse,
143 1447 218 1503 siem
231 1445 260 1500 in
273 1446 459 1517 superioribus
473 1454 498 1501 ot
512 1446 629 1510 ratione,
646 1454 674 1500 et
684 1445 751 1499 tanti
764 1445 857 1501 docto·
911 1454 1048 1517 praeeunte
1063 1447 1242 1518 inspiciamus
1255 1459 1282 1506 ει
1296 1452 1411 1523 reliqua.

10 1572 13 1595 .
59 1537 91 1592 ris
106 1534 266 1592 eruditione
281 1543 405 1606 potenter
426 1542 454 1590 et
475 1542 599 1606 patenter
623 1533 786 1589 declaratum
803 1541 855 1601 est,
947 1533 1073 1603 Sequitur
1086 1550 1140 1590 non
1154 1536 1243 1592 minor
1263 1541 1436 1609 perversitas,
1452 1559 1502 1600 nec
1520 1546 1635 1603 minoris
1656 1566 1708 1622 pe-

10 1690 12 1713 Ι
58 1623 368 1681 inconveniensdictum
394 1632 436 1679 εει
461 1623 497 1678 de
526 1623 594 1690 Deo,
608 1630 634 1677 et
662 1623 741 1678 Pater
768 1630 857 1693 potest
911 1622 1037 1677 stiteotiae
1060 1623 1182 1690 morbus,
1198 1640 1260 1681 oum
1288 1626 1360 1682 velut
1387 1646 1421 1683 ex
1448 1633 1569 1688 seculari
1597 1636 1707 1696 lomace

10 1720 12 1727 ·
58 1714 251 1784 εεεεεεείρεο
267 1732 273 1768 :
290 1710 1082 1795 naniestaseipso,quodFiliusnonest,Bscltolasticis
1114 1712 1170 1768 suis
1195 1712 1345 1771 furfuream
1373 1720 1490 1774 scoriam
1518 1722 1663 1795 ministrat,
1681 1735 1708 1783 ει

59 1805 116 1876 quia
133 1802 219 1857 Filius
237 1818 254 1857 a
279 1802 356 1856 Patre
380 1808 432 1856 est.
452 1801 546 1856 Videte
570 1800 642 1873 quod
664 1799 796 1865 turbatus,
813 1801 856 1855 vel

58 1892 166 1948 turbare
181 1889 279 1947 volans
302 1890 345 1957 sit,
360 1891 410 1961 qui
438 1889 525 1945 dere
553 1889 633 1944 etiam
661 1905 716 1944 uon
740 1888 856 1959 simplici

59 1981 128 2036 dicit.
146 1981 204 2036 Res
218 1979 271 2034 ista
285 1984 443 2049 potestesse
458 1994 502 2033 res
517 1978 577 2032 ista.
592 1976 644 2032 Sed
668 1993 703 2032 ue
725 1977 857 2032 verbosus

59 2070 117 2137 dm,
134 2075 166 2125 et
178 2084 230 2140 per
243 2083 297 2136 me,
314 2068 468 2137 prasertim
484 2067 545 2121 talis
559 2066 586 2120 in
608 2065 707 2120 talibus
729 2063 855 2121 deficiam

59 2160 83 2214 in
97 2175 152 2225 me,
170 2158 205 2212 ad
222 2155 503 2228 praecellentissimum
514 2155 664 2220 doctorum,
676 2154 856 2225 augustinum

59 2247 118 2304 dico
133 2254 270 2302 revertor.
294 2246 383 2301 llomo
406 2243 455 2298 illo
480 2243 530 2298 Dei
553 2242 645 2298 scribit
669 2242 704 2297 ad
727 2251 856 2298 sanctum

60 2335 206 2403 liv'odium,
223 2335 269 2407 qui
284 2350 345 2390 euru
360 2332 394 2388 de
409 2332 572 2403 quibusdam
586 2332 669 2386 rebus
692 2330 856 2386 obscurissi-

59 2425 107 2480 mis
121 2424 246 2495 epistolis
269 2423 500 2493 interrogaverat;
516 2421 545 2473 in
568 2419 677 2491 quibus,
690 2427 719 2472 ut
740 2418 791 2473 sibi
812 2417 855 2473 vi·

59 2513 180 2584 debatur,
196 2511 365 2584 probaverat
388 2509 503 2574 ratione,
520 2508 582 2579 cogi
608 2508 695 2562 Deum
721 2522 803 2575 esse;
830 2515 856 2561 et

58 2603 132 2657 reiut
143 2602 248 2657 llumeu
263 2599 397 2670 repletum
412 2597 490 2670 aquis
503 2596 531 2651 iu
553 2595 674 2652 secunda
694 2595 807 2666 epistola
820 2593 856 2650 ad

912 1799 1043 1854 vanitates
1058 1803 1170 1868 evomit,
1186 1801 1245 1857 imo
1261 1803 1379 1860 insanias
1393 1808 1557 1875 mendaces;
1574 1816 1707 1872 mentiens

911 1887 944 1941 de
960 1887 1026 1942 Filio
1040 1888 1101 1956 Dei,
1117 1890 1144 1942 iu
1157 1906 1210 1960 quo
1238 1900 1279 1946 εει
1307 1892 1381 1948 sulus
1410 1897 1515 1952 mundi.
1535 1901 1606 1956 Dicit
1633 1905 1706 1960 enim

911 1977 984 2046 quod
998 1977 1132 2047 sapientia
1153 1978 1325 2049 Patrisque
1347 1990 1387 2037 εει
1409 1984 1493 2040 Filius
1514 1988 1573 2057 Dei,
1590 2005 1643 2046 non
1664 2000 1707 2048 est

910 2064 1114 2135 omnipotentia,
1131 2067 1179 2121 sed
1194 2067 1298 2139 aliquid
1312 2069 1347 2125 de
1364 2071 1451 2138 Patre,
1466 2073 1495 2127 id
1520 2084 1560 2131 est
1579 2079 1704 2148 quaedam

909 2153 1028 2222 potentia
1042 2153 1075 2208 de
1090 2154 1294 2225 omnipotentia.
1309 2156 1363 2212 Sed
1379 2159 1479 2216 utluce
1486 2161 1587 2218 clarius
1596 2165 1705 2224 iutuea-

910 2256 980 2305 mur,
997 2241 1070 2312 quod
1086 2242 1212 2312 pessima,
1228 2244 1302 2314 quod
1317 2243 1474 2303 detestanda
1497 2250 1620 2309 doctrina
1634 2256 1702 2324 baec,

909 2328 964 2383 imo
980 2327 1097 2397 fallacia,
1111 2346 1165 2385 non
1176 2332 1301 2388 doctrina
1316 2333 1359 2399 sit,
1369 2337 1507 2404 superiora
1521 2339 1704 2412 disputatione

910 2416 1041 2471 debemus
1056 2417 1189 2486 adjuvari,
1206 2424 1233 2474 et
1243 2420 1384 2477 luminosis
1396 2426 1602 2486 auctoritatibus
1611 2447 1705 2489 eorum

910 2505 955 2577 qui
970 2506 1056 2560 boum
1071 2506 1173 2572 vident,
1189 2515 1216 2562 ot
1230 2523 1292 2563 cum
1306 2525 1339 2565 eo
1354 2521 1498 2583 regnantes
1515 2515 1544 2571 in
1560 2524 1707 2590 perpetuas

909 2593 1074 2648 eternitates
1090 2593 1189 2661 lucent,
1206 2595 1240 2649 ad
1254 2596 1432 2667 depellendas
1446 2601 1495 2656 has
1511 2605 1640 2662 tenebras
1653 2610 1705 2664 ad·

909 2681 1007 2748 juvari.
1031 2682 1081 2735 Est
1105 2683 1203 2737 etenim
1227 2683 1394 2742 indissimilis
1418 2696 1444 2743 et
1467 2694 1707 2753 consubstantialis

910 2769 981 2823 Patri
995 2769 1077 2824 Filius
1092 2771 1239 2826 secuudum
1255 2772 1421 2830 divinitatem
1441 2792 1489 2847 por
1512 2782 1625 2849 omuia;
1643 2784 1705 2840 licet

58 2692 184 2747 eumdem
198 2689 334 2745 Evodium
350 2686 472 2758 prorupit
486 2685 514 2739 in
530 2686 587 2740 haec
598 2683 682 2740 verba
699 2701 706 2737 ε
724 2705 735 2732 l
753 2683 854 2751 Habes,

59 2781 152 2849 inquit,
169 2779 197 2834 in
213 2778 283 2832 libro
295 2777 329 2831 de
344 2791 408 2831 vera
422 2773 554 2846 religione
573 2789 653 2842 quem
678 2772 701 2826 si
725 2771 857 2828 recoleres

60 2877 139 2939 atque
162 2867 347 2937 prospiceres,
370 2878 506 2932 nunquam
522 2862 572 2916 tibi
588 2861 728 2915 videretur
752 2862 856 2916 ratione
910 2872 944 2912 ex
959 2873 992 2913 eo
1007 2857 1041 2912 sit
1055 2858 1126 2930 quod
1142 2866 1182 2913 est
1199 2874 1205 2913 :
1221 2861 1294 2931 quod
1310 2861 1375 2916 nibil
1389 2863 1463 2919 aliud
1485 2875 1535 2935 εει,
1550 2885 1632 2940 quum
1652 2889 1705 2929 na-

59 2957 120 3028 eogi
135 2956 223 3011 Deum
238 2969 309 3019 esse,
326 2949 370 3006 vel
383 2949 572 3006 ratiocinando
591 2947 671 3014 offici,
686 2949 774 3002 Deum
797 2964 856 3004 esse
910 2952 965 2999 tum
980 2960 1042 3001 esse
1055 2962 1138 3000 unum
1160 2946 1195 3002 de
1219 2963 1282 3015 uno,
1299 2965 1395 3005 vemm
1416 2952 1450 3008 de
1471 2971 1545 3024 vero,
1562 2962 1647 3015 totum
1671 2962 1707 3018 de

59 3044 176 3101 debere:
189 3041 299 3114 quando
307 3039 416 3111 quidem
427 3038 453 3092 in
463 3041 568 3093 ratione
578 3052 762 3105 numerorum,
775 3053 856 3107 quam
870 3081 896 3145 C
911 3040 976 3101 toto,
993 3041 1158 3089 coaeternum
1174 3034 1209 3090 da
1224 3043 1345 3104 eterno,
1362 3047 1388 3093 et
1402 3039 1441 3096 sic
1455 3042 1489 3097 de
1500 3043 1560 3114 ipso
1574 3047 1647 3118 qood
1671 3050 1706 3106 sit

60 3142 128 3191 certe
138 3133 167 3188 in
181 3148 230 3187 usu
245 3128 402 3202 quotidiano
416 3126 566 3193 habemus,
577 3124 600 3179 si
612 3124 737 3192 dicimus,
748 3134 853 3197 septum
908 3121 937 3175 in
951 3121 1033 3191 ipso;
1049 3121 1095 3176 ubi
1108 3138 1162 3178 non
1182 3130 1222 3178 εει
1243 3125 1369 3182 essentiae
1395 3127 1551 3199 diversitas,
1567 3135 1613 3190 sed
1638 3153 1704 3208 per·

61 3231 84 3279 et
97 3223 149 3278 tria
162 3220 265 3276 debent
277 3233 338 3274 esse
352 3216 459 3281 decem,
474 3215 563 3269 minus
578 3213 748 3270 considerate
762 3213 853 3284 loqui-
908 3226 984 3266 sonae
1011 3211 1173 3281 proprietas.
1203 3212 1267 3268 Non
1294 3220 1335 3268 est
1361 3214 1442 3287 igitur
1468 3218 1553 3276 Filius
1580 3225 1703 3295 quaedam

60 3328 127 3367 mur.
142 3311 204 3366 Non
220 3307 293 3364 euim
307 3306 401 3363 decem
416 3305 516 3360 debent
531 3319 602 3369 esse,
614 3302 661 3358 sed
675 3301 770 3359 docem
780 3310 852 3357 sunt.
908 3299 1028 3370 potentia
1056 3297 1090 3354 de
1117 3299 1331 3370 omnipotentia;
1356 3302 1413 3359 imo
1441 3313 1483 3361 est
1509 3309 1704 3380 omnipotentie

60 3401 97 3456 lie
110 3398 209 3472 quibus
224 3397 313 3468 itaque
329 3395 412 3450 rebus
425 3401 497 3449 recte
512 3392 629 3460 dicatur,
646 3392 718 3462 quod
733 3406 793 3448 esse
806 3391 854 3446 de·
907 3387 942 3442 de
971 3386 1177 3457 omnipotentia.
1205 3388 1267 3443 Non
1295 3397 1344 3455 est,
1377 3390 1498 3464 iuquam,
1532 3396 1634 3467 aliquid
1667 3403 1702 3459 de

61 3488 147 3555 beant,
162 3488 220 3542 sive
232 3484 291 3557 jam
305 3483 376 3544 sint;
390 3483 447 3536 siva
458 3480 517 3551 jam
533 3496 587 3536 uon
599 3482 663 3545 sint,
679 3481 753 3546 satis,
770 3497 854 3552 quan·
908 3475 995 3542 Patre,
1012 3474 1075 3543 qnia
1088 3474 1150 3528 licet
1170 3473 1205 3530 sit
1225 3475 1295 3530 alius
1317 3492 1399 3546 quam
1423 3479 1512 3549 Pater,
1528 3499 1586 3539 non
1607 3490 1703 3546 tamen

62 3586 117 3632 tum
131 3575 248 3644 aestimo,
262 3570 461 3643 disputavimus
474 3570 500 3624 in
524 3570 563 3625 eis
584 3568 669 3634 libris,
686 3585 755 3640 quos
774 3585 852 3625 com·
908 3571 950 3620 εει
964 3561 1038 3617 aliud
1053 3578 1134 3634 quam
1150 3563 1237 3618 Pater.
1253 3564 1323 3619 Hinc
1337 3565 1458 3623 Hilarius
1482 3569 1510 3622 in
1533 3569 1583 3628 lib.
1600 3590 1637 3630 vu
1661 3578 1702 3633 De

62 3664 222 3722 memoravi.
239 3662 326 3717 llomo
342 3658 417 3715 enim
431 3658 540 3728 sapiens
550 3672 611 3711 esse
621 3656 752 3712 debet:si
762 3664 814 3724 est,
824 3664 855 3710 ut
907 3651 1060 3707 Trinitate:
1088 3651 1198 3717 wlleus,
1214 3651 1311 3723 inquit,
1335 3653 1418 3708 Filius
1442 3656 1487 3725 qui
1509 3666 1561 3727 εει,
1584 3677 1639 3719 non
1660 3674 1703 3721 εει

61 3760 184 3819 maneat3
200 3751 290 3805 sinon
305 3756 354 3816 est,
370 3755 399 3803 ut
413 3745 470 3801 fiat.
486 3747 559 3800 Deus
572 3752 663 3799 autem
677 3745 786 3815 sapiens
799 3759 853 3799 non
908 3739 982 3795 aliud
997 3753 1079 3810 quam
1103 3739 1188 3793 Deus.
1205 3740 1283 3807 Nam,
1300 3757 1361 3795 curn
1385 3742 1480 3811 audio,
1495 3751 1525 3802 ει
1546 3749 1619 3807 licus
1639 3759 1703 3811 erat

64 3860 121 3900 esse
134 3842 228 3911 debet,
243 3840 292 3895 sed
305 3840 356 3893 est.
375 3860 387 3886 ι
404 3834 538 3891 Similiter
549 3842 645 3904 potens
662 3848 716 3888 nou
728 3849 788 3889 εεεε
802 3832 853 3888 de·
911 3828 1025 3886 Verbum
1037 3825 1131 3896 (doun.
1147 3827 1178 3896 t),
1189 3842 1246 3882 non
1261 3826 1361 3883 dictum
1376 3829 1464 3886 solum
1478 3833 1560 3891 audio
1575 3838 1701 3910 verbum,

64 3932 117 4001 bet,
133 3930 238 3986 sedeat
254 3947 260 3983 :
279 3927 372 3997 sicque
387 3925 422 3979 de
436 3921 573 3978 omnibus.
591 3920 691 3975 Omnia
705 3920 778 3976 enim
794 3936 854 3990 quae
909 3916 957 3970 sed
970 3915 1180 3970 demonstratum
1194 3915 1316 3987 intelligo
1331 3933 1392 3973 asse
1410 3920 1484 3991 quod
1506 3922 1579 3978 Deus
1594 3932 1638 3983 εει
1653 3942 1660 3982 t
1676 3938 1704 3988 et

65 4018 90 4074 in
104 4024 223 4082 eosunt,
239 4015 309 4071 nibil
323 4012 396 4069 aliud
410 4026 490 4082 quam
504 4009 563 4080 ipse
578 4016 661 4077 sunt3
676 4009 724 4064 sed
739 4009 783 4064 hic
798 4024 855 4064 mo·
908 4002 1119 4075 ressiguilicata
1139 4017 1156 4057 a
1179 4001 1334 4060 substantia
1355 4013 1406 4074 εει,
1422 4023 1483 4063 cum
1507 4010 1614 4081 dicitur,
1629 4017 1703 4075 Deua

64 4108 110 4163 dns
123 4103 252 4177 loquendi
264 4106 365 4157 nostrae
379 4098 504 4172 congruit
516 4097 673 4152 infirmitati.
690 4097 758 4153 Hiuc
777 4097 855 4152 llila·
909 4097 981 4149 crct.
999 4093 1064 4146 Esse
1078 4092 1152 4147 enim
1166 4107 1221 4147 non
1236 4101 1276 4147 εει
1290 4093 1417 4151 accidens
1439 4112 1551 4166 nomen,
1567 4103 1617 4158 sed
1631 4106 1702 4161 sub-

65 4197 117 4254 rius
130 4196 165 4251 de
180 4193 312 4249 Trinitate
329 4207 335 4242 :
354 4212 366 4238 a
383 4190 434 4244 Per
446 4188 473 4242 id
488 4187 561 4257 quod
574 4186 658 4241 babet
671 4187 755 4254 Deus,
766 4185 855 4256 ipsum
909 4181 1005 4236 sistens
1019 4179 1129 4248 veritas,
1146 4188 1172 4235 et
1181 4196 1298 4236 manens
1310 4196 1402 4251 causa,
1415 4192 1442 4239 ει
1457 4188 1585 4244 naturalis
1593 4195 1703 4263 generis

65 4286 126 4342 illud
139 4281 278 4356 siguificat
291 4277 437 4341 habondo;
454 4275 582 4346 quianon
599 4277 716 4329 bnmnno
727 4273 808 4329 modo
823 4290 855 4328 ex
910 4270 1068 4341 proprietas.
1086 4291 1098 4319 ι
1114 4269 1201 4339 ldem,
1218 4269 1245 4323 in
1259 4268 1329 4326 libro
1343 4271 1465 4340 ejusdem
1490 4278 1582 4347 operis
1596 4283 1678 4339 tertio
1694 4302 1701 4340 :

66 4373 215 4446 compositis
228 4371 302 4427 Deus
315 4374 367 4434 est,
382 4374 411 4421 ut
426 4366 455 4419 in
469 4379 503 4419 eo
517 4362 590 4418 aliud
605 4362 651 4429 sit,
669 4362 740 4434 quod
764 4365 798 4418 ab
822 4378 856 4419 eo
913 4380 924 4407 a
943 4360 1050 4413 Patrem
1070 4365 1158 4413 autem
1175 4357 1203 4412 in
1223 4357 1299 4422 Filio,
1316 4360 1458 4415 etlilium
1479 4362 1508 4418 in
1531 4365 1609 4423 Patre
1630 4386 1702 4443 esse,

65 4463 182 4528 habetur,
207 4467 234 4516 et
255 4456 329 4513 aliud
351 4455 385 4510 sit
406 4454 465 4525 ipsa
488 4451 533 4523 qui
559 4450 678 4518 babeat;
700 4450 748 4507 scd
769 4457 856 4507 totum
870 4427 896 4488 D
912 4446 1050 4517 plenitudo
1070 4444 1217 4500 divinitatis
1240 4445 1268 4500 in
1293 4454 1406 4519 utroque
1429 4451 1552 4520 perlecta
1574 4463 1627 4512 est.
1642 4459 1705 4515 Non

67 4552 134 4624 qnod
146 4557 201 4613 est,
215 4563 268 4602 une
283 4552 324 4601 est
347 4550 452 4606 natura,
470 4538 591 4611 perlecta
604 4538 707 4594 scilicet
725 4546 752 4594 et
772 4539 855 4595 abso-
911 4533 983 4589 enim
994 4532 1136 4589 diminutio
1148 4534 1233 4588 Patris
1248 4541 1290 4589 est
1301 4535 1392 4604 Filius,
1407 4552 1457 4593 nec
1473 4538 1705 4615 Filiusimperfeo-

67 4640 117 4696 luta
131 4648 158 4695 et
173 4635 288 4701 infinito,
305 4640 331 4689 et
347 4647 400 4687 uon
415 4646 448 4685 ex
463 4628 621 4699 disparibus
640 4627 792 4696 constituta,
809 4628 858 4684 sed
912 4629 981 4676 tusa
998 4622 1075 4677 Patre
1089 4630 1139 4677 εει.
1158 4643 1169 4672 ι
1187 4621 1262 4677 ldem
1273 4622 1307 4677 de
1318 4622 1413 4679 eodem
1424 4626 1452 4679 iu
1462 4625 1530 4683 libro
1545 4643 1590 4684 tv:
1604 4634 1704 4691 «Unus

68 4729 157 4783 urens
172 4726 234 4795 ipsa
247 4738 296 4794 per
308 4728 404 4777 totum.
423 4741 434 4767 a
452 4719 516 4773 Hac
530 4719 625 4771 Petrus
640 4730 695 4770 non
719 4715 795 4782 vidit,
811 4717 858 4786 qui
912 4716 953 4765 est
967 4726 1034 4780 ergo
1053 4710 1088 4765 ab
1110 4725 1174 4777 uno,
1189 4726 1278 4781 nequa
1302 4718 1400 4780 praeter
1413 4712 1601 4773 innascibilem
1615 4720 1704 4779 Deum

68 4815 204 4872 conlidens
215 4812 245 4866 in
268 4807 371 4865 viribus
393 4805 505 4878 ingenii,
520 4812 546 4859 et
572 4805 598 4857 in
620 4803 859 4858 adinventionibus
911 4797 1078 4852 innascibilis
1089 4797 1237 4852 Deusalius
1248 4804 1305 4867 est;
1322 4814 1409 4868 neque
1423 4806 1523 4871 praeter
1534 4805 1704 4879 unigenitum

69 4905 121 4959 suis
133 4901 186 4959 sibi
198 4900 311 4972 placens
324 4895 413 4967 (valde
439 4909 504 4952 vero
519 4892 601 4948 stulto
627 4892 729 4947 bomini
757 4891 856 4961 placet,
911 4888 998 4943 Deum
1013 4885 1167 4957 unigenitus
1181 4885 1253 4940 Deus
1268 4885 1410 4958 quisquam
1423 4897 1472 4956 est,
1487 4906 1519 4948 ac
1538 4894 1578 4949 sic
1593 4904 1704 4968 uterque

69 4991 174 5065 quisibi
188 4988 300 5061 placet),
316 4987 473 5040 sanctorum
491 4983 600 5037 Patrum
624 4997 672 5052 por
694 4981 857 5036 humilitatis
911 4977 987 5031 Deus
1002 4993 1009 5031 :
1025 4990 1088 5032 cum
1103 4974 1171 5030 inter
1194 4991 1276 5030 unum
1302 4983 1329 5030 et
1355 4992 1446 5045 uuum,
1463 4978 1492 5034 id
1519 4989 1560 5037 est
1586 4999 1619 5040 ex
1648 5002 1705 5044 uno

68 5079 170 5136 colidei
190 5077 314 5133 semitam
336 5070 519 5145 gradientium
546 5069 683 5125 elimatam
705 5069 857 5126 doctrinam
911 5080 1005 5130 unum,
1021 5063 1169 5119 divinitatis
1181 5072 1291 5120 aeternae
1305 5079 1360 5120 uon
1376 5065 1411 5119 sit
1425 5069 1545 5124 secunda
1559 5081 1667 5131 natura.
1689 5100 1701 5128 ι

67 5164 245 5239 contempsit:
262 5172 288 5219 et
307 5162 343 5219 ob
366 5160 394 5215 id
418 5159 494 5230 justo
513 5157 618 5227 judicio
647 5157 697 5211 liei
721 5158 748 5211 in
775 5158 857 5228 hujus
913 5154 946 5208 Et
960 5153 988 5208 iu
1001 5153 1115 5224 septimo
1132 5170 1138 5208 :
1156 5175 1167 5203 n
1183 5154 1267 5208 Tenet
1281 5161 1372 5225 itaque
1385 5155 1515 5213 nativitas
1529 5174 1705 5236 camelique

66 5263 264 5322 obscurissimos
278 5258 405 5333 caliginis
419 5271 523 5313 caecam
539 5255 646 5312 foveam
655 5254 791 5325 proiectus
805 5257 856 5322 est,
912 5249 1049 5316 subsistit,
1065 5257 1188 5306 naturam
1202 5267 1208 5314 ;
1230 5257 1258 5306 et
1279 5249 1361 5305 Filius
1376 5252 1426 5307 Dei
1450 5268 1504 5309 non
1525 5255 1599 5313 aliud
1622 5275 1705 5330 quam

65 5370 91 5418 nt
115 5360 240 5427 sentiret,
267 5357 385 5422 doceret,
403 5353 544 5421 scriberet,
571 5359 705 5423 quatenus
730 5351 859 5422 quoniam
912 5347 984 5420 quod
999 5347 1072 5402 Deus
1087 5353 1136 5415 est,
1152 5346 1316 5402 subsistit.»
1342 5346 1397 5403 Sed
1421 5356 1447 5405 ει
1464 5350 1515 5406 boc
1536 5356 1655 5424 apertius
1679 5356 1708 5415 in

63 5461 169 5518 pm.
184 5459 276 5531 „1930
290 5471 352 5513 esee
365 5461 467 5527 potest,
488 5450 561 5524 quod
575 5449 659 5506 Filius
682 5466 736 5506 non
758 5457 856 5522 potest,
912 5452 1010 5501 octavo
1029 5462 1036 5499 :
1056 5465 1067 5495 a
1084 5445 1152 5516 Hoc,
1167 5442 1263 5516 inquit,
1276 5442 1400 5500 Ecclesia
1415 5444 1549 5521 intelligit,
1566 5451 1619 5509 boc
1633 5453 1706 5527 Syn-

60 5559 123 5618 ideo
137 5553 364 5629 omnipotentiam
379 5549 482 5608 debere
496 5548 568 5607 Patri
577 5545 730 5620 specialiter
738 5546 856 5619 ascribi3
910 5559 1002 5617 agoge
1014 5558 1069 5602 non
1083 5540 1177 5612 credit,
1191 5541 1244 5599 boc
1258 5541 1432 5615 philosophia
1444 5560 1502 5603 non
1524 5548 1607 5620 sapit,
1624 5566 1707 5609 unum
