3728 6000
70 246 126 302 317

731 253 917 313 SPECULUM
939 256 1068 312 FlDELl.

1680 260 1731 317 ais

69 385 134 425 esse
147 372 353 438 conterendum,
369 388 450 444 <qnam
466 372 501 427 ad
517 372 629 445 singula
644 375 668 432 ei
685 376 876 446 respondendo
892 381 918 440 Α
934 396 997 434 meu
1021 379 1084 435 sitio
1109 397 1186 436 suum
1211 381 1392 438 adhibendum
1414 391 1453 437 est
1476 381 1641 437 antidotum.
1669 384 1730 439 Non

69 458 131 526 ipsa
146 461 342 515 consuetudine
357 461 487 531 colloquii
506 461 640 532 improbae
663 463 772 519 malitiae
794 464 878 519 robur

69 546 227 602 addendum
240 563 248 614 3
260 549 323 618 quia
337 564 389 603 non
401 547 512 620 effugiet
523 551 678 622 contagium
690 553 789 608 veneni
801 569 875 608 mor-

70 633 153 700 tiferi,
172 637 195 690 si
210 652 265 691 non
280 638 408 692 venenati
424 637 479 692 nris
496 638 651 708 pestiferum
675 656 689 695 a
714 657 743 695 se
767 643 877 712 penitus

69 724 223 780 amoverit
236 724 368 780 silletum.
390 726 457 781 Sunt
472 726 570 781 etenim
587 728 684 781 dueein
696 729 875 783 bomineten-

68 812 197 883 tationes,
206 829 254 870 sen
269 815 337 869 vitis
351 830 387 870 ex
401 831 483 886 prena
497 816 600 887 peccati
617 817 667 886 ipsi
683 826 809 873 concreta
824 833 876 872 ua-

68 909 150 968 turae,
176 903 396 974 concupiscentia
420 904 521 969 carnis,
550 905 718 975 blasphemia
747 907 875 977 Spiritus,

68 1007 101 1045 ex
117 1006 177 1059 qno
191 991 281 1061 primo
296 992 390 1062 primis
405 992 562 1062 parentibus
576 993 689 1064 generis
705 995 817 1049 humani
831 994 875 1049 iu-

69 1076 183 1132 sibilata
196 1087 264 1134 csta
284 1086 410 1149 serpente
426 1079 498 1135 vetiti
522 1080 574 1135 cibi
599 1081 834 1152 corrcnpiscentia,
851 1090 877 1138 et

69 1164 241 1236 blasphemia
253 1168 278 1221 in
290 1167 502 1234 Deum,dicente
516 1168 564 1222 illo
577 1169 610 1222 ad
623 1170 764 1225 mulierem
775 1188 781 1224 :
794 1193 805 1217 e
823 1173 877 1225 Cur

67 1256 205 1325 praeoepit
219 1255 298 1310 vobis
313 1257 387 1311 Deua
401 1273 435 1310 ne
450 1256 632 1313 comederetis
651 1258 686 1312 de
701 1259 786 1330 ligno,
803 1258 876 1329 quod

67 1341 149 1396 estin
166 1342 257 1398 medio
269 1343 392 1415 peradisi
405 1343 420 1397 f
435 1344 544 1399 Sciebat
569 1345 651 1407 enim,
668 1347 730 1417 qnia
755 1363 808 1417 qua
832 1347 876 1403 dic

67 1429 255 1501 comederitis,
282 1431 359 1486 eritis
373 1433 444 1488 sicut
465 1432 501 1486 alil
527 1434 607 1499 (Gerr.
625 1437 674 1501 tlt).
695 1456 706 1481 a
731 1435 780 1489 llis
803 1435 876 1490 enim

70 1518 163 1572 verbis
176 1522 207 1573 el
220 1520 340 1574 credenti
353 1520 467 1589 mulieri,
484 1521 573 1575 [teum
588 1523 615 1575 in
631 1521 768 1577 hominem
794 1523 875 1579 luisse

69 1605 289 1675 invidum,facile
303 1625 464 1679 persuasum
479 1617 538 1672 cst;
555 1614 581 1664 et
598 1611 874 1683 mulierperserpen-

930 470 1001 523 enirn
1018 469 1146 524 orrrnibus
1160 471 1289 526 membris
1305 487 1359 527 una
1373 472 1502 528 convenit
1517 470 1730 527 medicina-Non

929 564 1007 610 sanat
1021 557 1130 627 pedem,
1147 559 1220 628 quod
1235 567 1316 614 sanat
1335 563 1439 629 capul;
1464 574 1518 613 nan
1541 557 1605 612 vitia
1627 559 1728 627 carnis,

930 644 1001 713 quod
1019 645 1080 699 vitia
1096 645 1206 700 animae.
1223 647 1346 702 Tentatio
1361 647 1432 702 enim
1457 647 1547 703 carnis
1571 644 1731 701 afflictiones

929 735 1020 788 carnis
1034 735 1156 803 requirit,
1171 743 1197 789 et
1213 735 1368 805 corporales
1383 735 1492 790 labores
1507 752 1514 798 ;
1541 733 1650 790 tentatio
1665 748 1731 789 vero

930 822 1037 888 animae,
1059 823 1199 889 orationis,
1224 823 1356 890 lectionis,
1387 822 1578 889 meditationis,
1606 821 1733 893 exposcit

930 911 1058 965 auxilium
1076 929 1082 973 ;
1099 920 1126 966 et
1139 912 1224 981 siqua
1237 921 1303 966 sunt
1317 911 1370 966 alia
1385 911 1465 966 studii
1480 909 1637 982 spiritualis.
1651 911 1730 965 Prae-

929 999 1007 1069 cipue
1022 1008 1110 1054 atatem
1127 998 1189 1055 fidei
1204 1001 1346 1071 puritatem
1362 1015 1415 1055 uon
1431 1000 1590 1070 assequitur,
1604 998 1656 1053 nisi
1666 1014 1729 1054 vcra

930 1092 957 1138 et
970 1085 1107 1154 profunda
1120 1083 1259 1139 humilitas
1273 1085 1374 1149 cordis,
1391 1093 1418 1139 et
1433 1083 1541 1139 devotio
1557 1082 1612 1154 pia,
1628 1087 1655 1137 et
1669 1097 1730 1153 per-

929 1171 1022 1244 vigilis
1036 1172 1161 1227 instantia
1176 1173 1317 1228 orationis.
1334 1172 1473 1228 Orandum
1498 1186 1565 1244 ergo
1585 1186 1658 1242 saepe
1676 1176 1729 1236 est,

930 1274 962 1315 ac
982 1261 1150 1316 dicendam:
1176 1284 1187 1309 r
1210 1261 1334 1326 Domine,
1352 1275 1424 1334 ange
1448 1260 1527 1316 nobis
1552 1258 1635 1316 iidem
1649 1260 1728 1331 (dac.

931 1351 1011 1419 xvir).
1030 1372 1041 1397 a
1058 1351 1128 1407 Nam
1144 1365 1217 1420 saepe
1231 1350 1312 1405 etiam
1329 1350 1373 1420 qui
1390 1351 1415 1404 in
1439 1366 1473 1405 ea
1496 1347 1612 1420 proficit,
1628 1347 1651 1402 si
1674 1361 1729 1403 uon

930 1438 1028 1492 habeat
1041 1439 1219 1508 adjuvantem
1235 1438 1362 1509 gratiam,
1378 1438 1518 1493 molestam
1535 1436 1633 1508 patitur
1646 1443 1728 1491 natu·

929 1542 996 1581 ram.
1018 1526 1191 1581 Rationalitas
1206 1527 1290 1591 enim,
1312 1526 1379 1581 sicut
1402 1526 1503 1581 dietum
1519 1531 1570 1591 est,
1586 1524 1614 1579 iu
1637 1525 1730 1594 scipss

929 1614 1047 1685 inquieta
1063 1622 1089 1668 et
1104 1615 1236 1685 improba,
1257 1614 1305 1669 ubi
1321 1613 1501 1670 ratiocinandi
1515 1612 1596 1668 habet
1611 1609 1728 1668 faculta-

69 1702 135 1763 tem,
148 1703 176 1750 et
195 1697 237 1750 vir
258 1712 307 1767 per
324 1697 466 1753 mulierem
485 1698 520 1753 ad
539 1698 622 1753 divini
637 1700 769 1770 praecepti
787 1707 874 1754 trans·
892 1730 918 1794 B
934 1710 998 1766 lena,
1015 1700 1095 1757 fidem
1111 1703 1210 1774 saepius
1224 1703 1391 1775 aggreditur,
1407 1702 1457 1757 etsi
1478 1717 1531 1757 non
1552 1700 1642 1756 studio
1661 1715 1730 1755 corr·
1810 1714 1813 1719 ·

67 1784 241 1853 gresionem
258 1800 309 1855 per
324 1787 569 1858 concupiscentium
585 1787 639 1843 cibi
654 1788 727 1842 vetiti
742 1787 875 1858 impulsus

68 1879 120 1925 est.
137 1873 167 1925 ln
184 1872 286 1942 qribus
300 1890 360 1928 cum
373 1882 427 1928 tota
441 1883 505 1930 tunc
520 1878 603 1941 essct,
618 1879 673 1930 tota
689 1875 812 1946 peccavit
826 1876 876 1930 hu·

68 1976 150 2015 mana
167 1962 317 2016 natura.Et
330 1961 434 2017 idcirco
448 1979 481 2016 err
496 1963 875 2033 tuucconcupiseentccsme

68 2050 206 2104 adversus
221 2050 355 2120 spiritum,
368 2057 395 2105 et
408 2051 506 2120 spiritu
518 2051 651 2106 adversus
660 2051 875 2117 camem,faotus

68 2144 109 2192 est
116 2136 255 2207 impotens
270 2140 313 2192 sui
328 2140 409 2192 lronro
420 2138 592 2193 venundatus
607 2139 658 2193 sub
674 2147 876 2210 praestaren-

69 2226 221 2295 cupiscens
236 2242 379 2295 saepeque
394 2241 447 2281 non
462 2226 563 2293 rult,et
577 2227 791 2297 cogitansetiam
804 2242 876 2298 saepc

69 2313 103 2367 de
113 2313 187 2380 Deo,
197 2331 258 2385 quaa
269 2331 322 2370 non
334 2314 408 2381 vult;
422 2316 539 2370 maxime
550 2314 731 2370 incentoribus
743 2317 876 2370 malorum

71 2401 168 2456 horum
196 2403 291 2474 spiritu
318 2402 497 2474 blasphemiae
520 2409 548 2458 et
570 2403 664 2473 spiritu
688 2403 877 2459 fornicationis

70 2489 284 2547 imminentibus,
302 2491 452 2547 Fornicatio
477 2507 546 2549 vcro
566 2497 592 2546 el
614 2490 782 2562 blasphemia
805 2492 877 2546 inter

71 2594 170 2634 omnes
187 2580 365 2635 tentationum
391 2584 482 2650 pestes
506 2582 558 2636 lroc
572 2580 680 2653 insigne
695 2578 760 2634 mali
776 2579 876 2635 habere

71 2669 210 2734 videntur,
225 2677 254 2723 ut
268 2669 382 2724 rationis
400 2678 502 2724 tantum
516 2669 629 2740 judicio,
653 2677 680 2723 ct
701 2669 876 2740 cogitationis

932 1790 1102 1854 trulias-ndi,
1119 1807 1172 1846 non
1183 1799 1212 1846 ut
1221 1792 1259 1845 illi
1270 1792 1334 1847 velit
1343 1806 1489 1847 occurrere
1498 1790 1547 1846 sed
1562 1789 1638 1862 quasi
1654 1788 1728 1842 illam

928 1880 980 1935 sibi
988 1896 1143 1935 occurrere.
1163 1882 1230 1935 Nam
1242 1879 1506 1952 sicutsoletagerein
1517 1878 1598 1935 rebus
1606 1875 1731 1932 humanis

929 1971 1047 2024 humana
1062 1968 1141 2035 ratio,
1158 1968 1236 2038 quasi
1259 1984 1310 2039 per
1324 1968 1442 2023 mediam
1465 1966 1592 2023 credendi
1614 1962 1731 2021 uecessi-

931 2065 1013 2111 tatem
1027 2056 1175 2127 irrumpere
1189 2057 1281 2112 nititur
1295 2057 1322 2111 in
1333 2072 1421 2112 rerum
1433 2054 1587 2111 divinarum
1598 2051 1731 2124 cognitio·

929 2162 991 2199 nem
1005 2145 1068 2200 :sed
1080 2151 1207 2216 tanquam
1218 2145 1327 2201 aliunde
1336 2139 1729 2211 ascendens,olfendit,impin-

930 2233 979 2304 git,
991 2232 1100 2297 labitur,
1113 2232 1200 2289 donec
1212 2241 1362 2288 revertatur
1375 2232 1409 2288 ad
1424 2233 1521 2288 ostium
1532 2230 1594 2286 lidei
1606 2229 1657 2293 :ad
1667 2243 1731 2283 eum

931 2321 977 2390 qui
991 2320 1068 2389 dixit,
1080 2344 1091 2367 «ι
1106 2322 1164 2391 ligo
1175 2338 1235 2375 sum
1249 2322 1346 2376 ostium
1358 2323 1447 2393 (loon.
1461 2322 1510 2391 x):
1529 2342 1540 2366 ι·
1553 2327 1580 2374 ει
1589 2317 1732 2373 humiliate

930 2409 981 2463 sub
993 2409 1063 2480 jugo
1076 2409 1176 2465 divinae
1192 2410 1369 2480 auctoritatis,
1385 2417 1486 2483 quanto
1500 2406 1638 2468 humilius.
1655 2412 1731 2460 ιειιιο

931 2497 1055 2552 securius
1070 2498 1248 2570 ingrediatur.
1265 2498 1318 2554 Sed
1335 2498 1362 2552 in
1377 2497 1436 2553 aliis
1457 2513 1511 2551 non
1535 2495 1616 2550 scutit
1639 2500 1731 2549 tenta·

931 2582 1033 2637 tionem
1050 2582 1224 2654 negligentiae
1239 2582 1405 2651 magnitudo,
1421 2581 1448 2637 in
1463 2580 1524 2636 aliis
1543 2577 1656 2633 rationis
1678 2580 1730 2633 be-

931 2665 1042 2731 betudo,
1057 2665 1086 2720 in
1102 2666 1162 2720 aliis
1182 2666 1338 2721 illuminatae
1352 2664 1413 2720 frdei
1433 2671 1565 2737 concepta
1587 2660 1729 2719 certitudo.

69 2758 203 2812 exercitio
218 2757 411 2813 reluctantibus
435 2757 528 2814 fortias
548 2756 722 2813 obluctentur
743 2766 768 2812 et
790 2757 878 2811 immi·
966 2754 1125 2827 Negligcnti
1139 2755 1213 2808 enim
1227 2761 1254 2810 et
1268 2754 1359 2809 hebeti
1381 2753 1477 2810 sufficit
1499 2753 1608 2808 interim
1626 2750 1731 2806 lidesa

70 2854 163 2912 ocant,
184 2845 293 2901 lucilius
317 2845 359 2900 vel
383 2844 547 2918 effugiantur
569 2861 586 2901 a
609 2846 785 2917 fugientibus,
803 2846 879 2901 vela
931 2859 1013 2899 carne
1034 2851 1061 2897 et
1084 2844 1218 2916 sanguine
1240 2843 1369 2910 revelata,
1385 2858 1437 2898 neo
1461 2849 1587 2907 metatur,
1602 2839 1666 2911 quia
1680 2853 1732 2894 nec

69 2934 309 2989 contemnentibus
323 2942 495 3004 superentur.
513 2934 590 2990 Unde
605 2935 772 3001 Apostolus:
792 2957 803 2983 a
822 2934 877 2988 Fu·
931 2933 1107 3003 spiritualiter
1120 2933 1290 2986 examinatur
1305 2947 1312 2999 ;
1330 2931 1438 3004 quando
1454 2929 1549 2986 sufficit
1563 2928 1588 2985 ei
1603 2929 1646 2985 vcl
1661 2942 1731 2983 con-

69 3021 139 3094 gite,
155 3022 204 3091 ait,
220 3021 428 3078 fornicationem
443 3023 476 3091 (l.
492 3023 552 3078 Cor.
569 3028 617 3089 vr).
633 3044 643 3068 ι
658 3021 876 3093 Fugicndaenim
893 3067 918 3131 C
932 3021 1050 3077 suetudo
1074 3021 1248 3086 assentiendi,
1276 3021 1318 3076 vel
1348 3020 1482 3090 professio
1509 3017 1665 3084 confitendi,
1696 3031 1732 3072 ua

70 3118 122 3175 est,
136 3109 181 3164 vel
196 3111 394 3165 contemnenda
416 3110 505 3164 omnis
528 3110 638 3164 omnino
663 3109 722 3178 ejus
744 3110 879 3165 memoris
933 3110 1026 3165 scienti
1042 3110 1135 3180 ntique
1149 3111 1218 3180 quid
1231 3110 1266 3165 sil
1287 3109 1378 3166 lides:
1406 3108 1478 3181 quod
1499 3107 1522 3163 si
1543 3107 1637 3176 sciret,
1653 3105 1733 3161 daret

71 3199 111 3253 uti
127 3199 324 3254 nesaltemsub
344 3197 489 3254 occasione
499 3198 657 3252 reluctantis
672 3197 806 3268 polluatur
815 3213 879 3253 con·
933 3206 1007 3254 certo
1021 3214 1131 3268 operam
1147 3198 1300 3269 intelligere
1320 3197 1393 3268 qnod
1414 3196 1509 3252 credit.
1527 3195 1620 3250 Altera
1643 3192 1732 3263 siqui-

69 3287 186 3343 scientis
200 3286 379 3353 recordantis,
394 3302 456 3340 curn
471 3286 507 3340 ad
528 3286 664 3357 cogitatus
681 3286 723 3341 vel
744 3284 879 3340 levissimi
933 3287 1049 3342 domest
1065 3285 1141 3352 fialas,
1154 3302 1233 3357 quam
1252 3287 1354 3341 revelat
1368 3301 1431 3341 caro
1444 3292 1470 3340 et
1483 3283 1596 3354 sanguis
1611 3298 1619 3353 ;
1637 3281 1731 3343 attera.

69 3382 226 3431 contectum
240 3375 330 3430 statim
347 3382 486 3430 moveatur
501 3373 635 3428 naleralis
649 3374 693 3428 ille
705 3373 795 3428 cernis
809 3390 879 3444 pru-
934 3391 1015 3447 quam
1031 3376 1132 3430 revelat
1148 3375 1230 3428 Pater
1242 3375 1287 3443 qui
1299 3382 1341 3429 est
1362 3375 1389 3428 in
1413 3371 1501 3428 coelis.
1523 3372 1626 3437 Altera,
1641 3379 1668 3426 et
1678 3385 1735 3426 non

71 3464 156 3519 meus.
173 3464 213 3519 De
224 3463 390 3533 blasphemia
399 3480 462 3518 vcro
472 3461 707 3517 tentantidiabnlo
720 3478 752 3517 ac
762 3461 877 3517 dicenti:
933 3465 1030 3519 altera.
1059 3462 1159 3517 Eadem
1183 3461 1262 3528 fides,
1279 3462 1327 3517 sed
1348 3462 1417 3516 alter
1437 3458 1558 3515 allectus.
1584 3458 1633 3513 life
1655 3458 1736 3514 docet

74 3575 86 3599 ι
105 3554 171 3607 llaec
184 3552 277 3606 omnia
293 3552 339 3606 tibi
355 3551 438 3616 dabo,
454 3551 477 3606 si
499 3551 644 3621 procidens
659 3551 819 3605 adoraveris
835 3567 879 3605 ma
934 3552 1000 3624 quid
1011 3553 1045 3606 sit
1061 3551 1227 3607 credendum
1244 3565 1251 3618 ;
1272 3551 1326 3604 ista
1339 3547 1401 3604 frdci
1416 3564 1496 3603 saum
1511 3548 1638 3619 suggerit
1653 3545 1735 3603 intel·

72 3639 277 3711 (rfottfa.1v),»
294 3640 401 3695 nonnisi
412 3648 522 3697 scutum
533 3640 656 3696 veritatis
672 3640 714 3694 vel
727 3640 878 3694 auctorita-
933 3640 1044 3705 lactum,
1060 3648 1086 3694 et
1101 3639 1208 3710 plenum
1224 3636 1378 3692 intellectus
1391 3637 1596 3708 etymologiam,
1611 3651 1674 3691 cum
1690 3634 1736 3704 qai

71 3734 108 3786 tis
124 3729 354 3786 dactorvariraris
365 3730 500 3801 opposuit,
512 3728 630 3784 dicens.-
648 3750 660 3776 s
678 3728 814 3798 Scriptum
824 3733 877 3783 ast:
934 3728 1021 3783 credit
1035 3728 1107 3783 intus
1122 3729 1150 3781 in
1162 3725 1261 3782 affectu
1275 3726 1367 3781 cordis
1391 3725 1457 3797 legit
1478 3724 1552 3795 quod
1576 3723 1675 3779 credit.
1687 3723 1738 3778 llls

71 3818 224 3873 Dominum
245 3821 328 3874 baram
345 3824 419 3871 tuum
443 3817 581 3881 adorabis,
597 3825 623 3872 ct
645 3816 684 3871 illi
703 3816 754 3870 soli
777 3815 881 3870 servies
934 3818 1104 3889 paedagogus
1119 3824 1171 3882 est,
1189 3823 1261 3871 tutor
1284 3815 1326 3870 vel
1348 3821 1445 3870 auctor
1468 3815 1594 3868 humanm
1619 3810 1736 3867 infirmi-

71 3906 176 3975 (etad).
195 3928 207 3954 r
223 3907 276 3962 Sed
293 3913 320 3961 et
338 3906 367 3960 iu
392 3904 464 3960 libro
490 3905 595 3976 llegum
618 3920 678 3959 curn
701 3903 881 3974 blasphema·
935 3907 1016 3967 tatis:
1033 3905 1086 3959 ista
1103 3920 1168 3960 vero
1183 3904 1243 3973 ipsa
1255 3912 1297 3959 est
1311 3903 1458 3959 haereditas
1472 3911 1498 3956 et
1511 3901 1640 3973 perfectio
1654 3898 1737 3955 liber·

72 4005 134 4050 rent
149 3996 299 4050 Dominum
311 3994 386 4065 pueri
397 3994 470 4063 regis
479 3993 660 4064 Assyriorum,
672 3992 809 4048 mandarit
823 3991 880 4047 suis
936 3994 1010 4049 tatis.
1031 3992 1082 4049 llls
1097 4010 1161 4049 vero
1176 3993 1274 4048 tolerat
1288 3992 1471 4065 negligentes,
1488 4005 1539 4046 nec
1553 3989 1672 4045 excludit
1684 3988 1737 4042 be-

72 4085 218 4150 Ezeclrias,
234 4083 353 4139 dicens:
379 4082 453 4137 «Ne
477 4082 666 4152 respondeatis
690 4081 729 4138 eis
749 4082 786 4152 (l.
816 4084 879 4153 fleg.
935 4083 1022 4151 betas,
1048 4083 1163 4137 formam
1188 4080 1317 4137 omnibus
1340 4078 1489 4151 praeferens
1512 4077 1632 4133 veritatis
1653 4093 1660 4141 ;
1685 4075 1739 4131 ists

73 4172 169 4241 mlli-
188 4194 200 4221 ⁸
935 4188 990 4228 non
1004 4171 1119 4242 suscipit
1134 4170 1184 4226 nisi
1199 4169 1297 4242 spiritu
1313 4168 1463 4234 ferventes,
1488 4167 1606 4222 Domino
1618 4163 1739 4220 servien-

109 4273 173 4326 Non
188 4270 260 4325 enim
276 4268 497 4340 respondendum
522 4274 564 4322 est
584 4266 753 4340 aliquatenus
775 4265 881 4335 spiritui
936 4269 987 4326 tes,
1003 4260 1136 4315 babentes
1151 4260 1319 4314 illuminatos
1338 4257 1433 4312 oculos
1447 4255 1549 4312 cordis.
1565 4255 1627 4309 Non
1647 4260 1737 4308 autem

73 4359 264 4431 blaspbemiae,
281 4360 323 4414 vel
338 4357 545 4428 colloquendum
562 4374 623 4413 cnm
643 4373 685 4422 eo,
703 4356 752 4411 sed
776 4362 880 4409 tantum
935 4347 1108 4402 hebetcslros
1123 4347 1249 4409 dicimus,
1261 4345 1402 4415 simplices
1415 4342 1555 4407 filiosllci,
1566 4356 1627 4397 cnm
1638 4338 1737 4411 quibus

74 4459 183 4505 scutum
198 4450 223 4503 ei
241 4448 303 4503 fidei
317 4446 530 4518 opponendum:
546 4443 763 4515 cujusvirulenta
776 4441 882 4496 malitia
896 4419 921 4478 Ῑ)
936 4437 1034 4491 crebro
1049 4435 1111 4506 ejus
1126 4434 1318 4490 sermocinatio
1333 4433 1369 4487 sit
1383 4449 1390 4488 :
1407 4446 1520 4503 quorum
1535 4429 1675 4500 proprium
1696 4434 1740 4484 est

74 4538 209 4611 quidquid
225 4537 356 4603 attuleris,
372 4537 496 4607 polluere
510 4533 605 4588 nititur
620 4547 627 4599 ;
644 4547 694 4586 nec
714 4530 768 4602 agit
785 4538 812 4584 ut
832 4546 879 4584 re·
936 4525 1061 4578 meritum
1073 4531 1099 4578 et
1114 4523 1262 4593 singularis
1272 4521 1368 4594 gretia,
1386 4522 1432 4591 qui
1454 4518 1534 4573 fidem
1546 4518 1669 4588 accipere
1681 4531 1739 4571 me·

74 4626 238 4698 spondendo
253 4627 278 4681 ei
292 4625 406 4680 satisfiat
422 4644 428 4678 :
446 4625 480 4678 aa
503 4626 552 4677 hoe
567 4628 671 4675 rantum
684 4618 779 4688 ambit,
795 4626 825 4672 qr
836 4620 879 4673 vel
934 4622 1029 4666 rentur
1040 4613 1179 4666 revelante
1195 4612 1253 4666 Deo
1268 4629 1275 4673 ;
1292 4626 1345 4665 non
1362 4624 1424 4665 earn
1437 4608 1522 4663 solam
1540 4621 1620 4678 quam
1635 4605 1738 4661 revelat

74 4720 217 4773 contristet
229 4715 427 4770 conscientium
440 4710 587 4775 credentis,
608 4709 652 4764 vel
676 4716 832 4776 corrompat
850 4707 878 4762 in
933 4715 996 4756 caro
1011 4709 1037 4754 et
1051 4701 1174 4772 sanguis,
1193 4698 1241 4754 sed
1255 4699 1328 4752 illam
1345 4700 1429 4753 etiam
1445 4711 1526 4766 quam
1541 4694 1646 4749 revelat
1659 4694 1739 4748 Pater

75 4807 171 4876 aliquo
186 4804 248 4858 fidei
268 4804 419 4875 puritatem.

111 4901 292 4958 Geminorum
308 4916 372 4955 veru
387 4897 520 4952 malorum
541 4896 640 4951 lrorum
655 4895 768 4950 altarum
783 4893 878 4947 stimu-

76 4993 117 5047 lus
131 4992 223 5046 earnis
238 4997 288 5057 cst,
303 4988 415 5043 alterum
431 4985 528 5040 animae
545 4999 552 5052 ;
572 4989 717 5054 utramque
739 4982 809 5036 circa
833 4980 879 5037 de·

72 5082 149 5136 sides
173 5076 251 5151 quasi
276 5076 395 5132 naturale
411 5071 659 5138 commonitorium,
682 5072 717 5125 ab
741 5087 784 5135 eo,
810 5069 879 5124 sicut

73 5170 178 5225 dictum
193 5175 246 5232 est,
261 5166 374 5221 trahens
396 5163 541 5234 originem,
567 5159 614 5233 qui
639 5175 675 5215 ex
697 5158 879 5214 incantatione

73 5263 293 5336 oolrrbrisaliqui
306 5277 367 5318 esse
378 5262 447 5317 sicut
459 5262 530 5315 Deus
540 5258 716 5328 concupivit;
733 5259 879 5328 statimque

73 5364 191 5421 traditus
205 5362 235 5418 in
250 5359 498 5433 concupiscentiam
512 5358 603 5414 carnis
617 5372 683 5423 suec,
700 5355 878 5425 semetipsum

72 5463 194 5529 embarit,
218 5468 314 5534 legens
333 5475 381 5514 eas
402 5456 524 5529 corporis
548 5461 639 5526 partes
663 5469 730 5523 quas
759 5452 880 5525 tegmine

71 5576 131 5616 narr
146 5564 262 5633 egeam
273 5557 344 5613 bene
358 5560 498 5613 creaverat
512 5550 558 5627 qni
573 5549 688 5608 creavit.
710 5547 822 5619 Utrique
835 5552 881 5605 ta-

934 4788 978 4859 qni
993 4800 1034 4843 est
1047 4788 1074 4842 in
1090 4787 1164 4843 coelis
1174 4804 1180 4840 :
1192 4785 1326 4842 docibiles
1338 4785 1386 4840 Dei
1397 4792 1424 4839 ει
1434 4785 1537 4855 absque
1547 4781 1623 4837 omni
1635 4780 1737 4835 verbs·

934 4894 1005 4943 runt,
1014 4876 1072 4931 sive
1085 4874 1283 4947 cogitationum
1298 4871 1504 4943 disceptantium
1515 4870 1629 4941 strepitu
1644 4882 1738 4923 assu·

933 4975 976 5020 cto
987 4964 1091 5035 Spiritu
1102 4964 1255 5020 discentes:
1267 4962 1302 5017 ad
1311 4962 1383 5032 quod
1394 4959 1557 5023 docendum,
1569 4959 1592 5012 si
1604 4973 1658 5012 nnn
1667 4955 1740 5011 adsit

934 5054 993 5125 ipsc
1008 5052 1126 5124 Spiritus
1148 5059 1175 5107 et
1199 5051 1306 5107 docenti
1333 5057 1360 5105 ct
1382 5047 1508 5114 discenti,
1524 5045 1656 5101 dabciunt
1672 5059 1739 5117 pcr-

934 5157 1085 5222 strepeutes
1125 5150 1262 5204 rationum
1303 5145 1534 5202 ratiocinationes.
1577 5141 1740 5213 liujusmodi

935 5252 1010 5305 enim
1024 5266 1078 5305 non
1094 5249 1278 5321 negligentes,
1289 5245 1339 5301 sed
1354 5243 1514 5315 simpliciter
1524 5248 1551 5297 et
1563 5239 1739 5313 singulariter

934 5349 1037 5405 strenui
1053 5354 1117 5404 suut
1139 5349 1169 5401 in
1193 5345 1246 5402 fide
1269 5351 1295 5401 et
1313 5343 1487 5416 prudentes:
1512 5355 1563 5396 nec
1583 5339 1611 5394 in
1630 5337 1740 5395 silentio

935 5464 988 5505 sno
1003 5449 1114 5503 lrebetes
1125 5445 1276 5503 aestimandi
1292 5450 1365 5512 sunt,
1380 5440 1471 5497 sedin
1487 5455 1522 5496 eo
1537 5438 1612 5512 quad
1625 5454 1737 5511 aecepe-

936 5553 999 5602 runt
1022 5544 1197 5618 singulariter
1211 5543 1371 5617 sspientcs:
1397 5538 1459 5615 quia
1484 5539 1605 5596 sentiunt
1622 5536 1658 5594 de
1682 5538 1740 5592 llo·
