3728 6000
568 240 756 300 Expostulo
771 241 809 298 IN
823 241 931 299 Ettst.
948 242 994 298 ab
1008 240 1097 299 nott.
1112 272 1150 285 -
1161 239 1228 301 btlt.
1248 244 1270 298 1.

684 609 866 712 LIBER
893 607 1146 713 PRIMUS.

846 831 997 847 ’1-

358 989 469 1047 CAPUT
488 987 631 1043 PRIMUM.
723 1031 725 1036 .
905 981 934 1043 Α
949 978 1025 1053 Opus
1038 987 1130 1040 autem
1144 986 1172 1041 in
1183 989 1256 1060 quod
1266 997 1420 1062 assumptus
1435 999 1485 1058 est,
1502 993 1744 1068 Evangeliumest.

133 1083 221 1139 Vnus.
237 1084 328 1138 l.-«
339 1079 437 1135 Paulus
447 1093 544 1133 servus
554 1074 653 1132 Christi
663 1075 736 1128 lesu.
756 1073 895 1144 »Magnus
986 1072 1170 1130 tersa-«1
1186 1075 1266 1145 Quod
1283 1086 1345 1134 ιιιιι
1360 1079 1522 1150 promiserat
1531 1098 1581 1151 per
1594 1084 1745 1156 prophetas

95 1187 139 1240 es,
154 1169 278 1237 Domine,
294 1177 321 1226 et
339 1167 508 1233 excelsus,et
522 1163 636 1219 humilia
656 1161 783 1234 respicis,
798 1164 827 1216 ιι
841 1160 894 1215 alta
947 1176 1019 1215 suos.
1037 1184 1050 1211 ι
1060 1163 1174 1234 lnooepit
1188 1165 1259 1220 enirn
1274 1182 1291 1222 a
1304 1168 1456 1237 prophetis,
1471 1180 1690 1229 consummatum
1704 1181 1745 1232 est

94 1274 112 1317 a
127 1259 208 1329 longe
222 1257 377 1331 cognoscis.
393 1256 434 1310 Tu
451 1251 604 1325 cognovisti
618 1250 727 1306 Saulum
742 1265 757 1304 a
773 1249 894 1319 superbo
948 1265 997 1320 per
1012 1253 1156 1321 apostolos.

94 1364 162 1420 rega
177 1355 205 1403 et
217 1353 393 1419 persecutore
407 1343 524 1399 sormam
547 1341 705 1406 trahentem,
721 1347 776 1393 tarn
797 1352 894 1409 perse·
983 1339 1068 1394 l'uns.
1085 1345 1163 1395 3.-«
1186 1344 1216 1398 ln
1235 1343 1384 1415 seripturis
1405 1345 1519 1416 saneris,
1537 1370 1549 1396 .
1566 1347 1619 1406 hoo
1646 1357 1687 1406 ρει
1712 1350 1747 1407 qd

94 1436 214 1493 cutiouis
226 1450 309 1506 quam
331 1433 467 1492 nominis;
483 1430 531 1485 sed
553 1444 633 1484 nona
647 1427 730 1500 longe
758 1425 893 1498 cognovi·
947 1425 1025 1481 lixam
1042 1437 1067 1484 et
1082 1429 1204 1485 stabilem
1216 1432 1334 1487 omnium
1350 1434 1508 1490 memoriam
1522 1437 1602 1492 editis
1616 1438 1745 1510 aSpiritu

93 1525 218 1580 sticum.
237 1523 276 1578 Tu
291 1522 365 1578 enirn
387 1518 535 1576 humiliasti
550 1534 613 1574 eum
628 1518 699 1572 sicut
721 1515 893 1571 vulneratum
946 1525 1041 1573 saneto
1053 1518 1163 1574 babilis.
1173 1540 1184 1570 a
1195 1520 1235 1575 Do
1242 1521 1309 1576 Filio
1317 1538 1377 1590 suo,
1391 1546 1402 1571 ι
1413 1523 1466 1579 boc
1473 1533 1586 1580 estante
1598 1525 1742 1584 lucilerum

92 1613 240 1685 superbum
256 1628 263 1678 ;
277 1614 308 1682 et
331 1612 360 1664 in
382 1608 492 1664 bracbio
515 1606 621 1662 uirtutis
649 1613 712 1674 tute,
745 1613 771 1658 ιι
796 1603 893 1673 spiritu
947 1613 972 1661 et
987 1620 1068 1662 omne
1076 1613 1183 1677 tempus
1197 1610 1363 1666 eternaliter
1372 1612 1406 1666 de
1421 1612 1481 1683 ipso
1490 1613 1594 1684 genito.
1608 1613 1660 1683 Qui
1671 1632 1743 1672 unus

90 1702 192 1775 gratiae
206 1709 235 1756 tu
248 1700 283 1756 de
299 1699 382 1756 Saulo
398 1698 489 1754 fecisti
506 1695 621 1751 Paulum
637 1695 709 1762 (det.
725 1694 776 1764 ιιι),
793 1693 892 1762 benja·
945 1710 1054 1765 semper·
1068 1695 1187 1750 existens
1200 1697 1273 1752 Deus
1286 1698 1320 1755 de
1336 1699 1517 1771 Deogenitus,
1536 1702 1596 1772 «ei,
1615 1704 1742 1761 »honest

90 1790 150 1847 tnin
163 1788 398 1845 adolescentulum
413 1786 440 1840 in
461 1785 563 1839 mentis
578 1798 692 1839 excessu
707 1783 792 1838 coelos
807 1797 892 1852 pene·
945 1782 1006 1852 ipso
1026 1783 1134 1838 volente
1155 1799 1189 1839 ac
1212 1785 1383 1857 disponente,
1404 1797 1428 1843 et
1450 1789 1553 1846 honore
1572 1805 1606 1846 ao
1622 1792 1741 1850 bonitate

92 1882 268 1944 trsntem;et
277 1877 305 1932 in
319 1874 444 1946 paradiso
460 1872 510 1930 Dei
520 1873 674 1929 sortientem
683 1872 770 1926 verba
779 1885 890 1936 areana,
946 1869 1007 1939 ejus
1028 1872 1079 1926 boe
1103 1872 1238 1943 exigente,
1260 1875 1444 1944 temporaliter
1467 1886 1509 1932 est
1532 1878 1615 1935 horno
1635 1880 1747 1938 tmrusr

92 1982 155 2037 quta
173 1965 308 2022 nonlicet
327 1963 430 2037 homini
446 1961 527 2032 loqui,
549 1960 643 2031 lupum
665 1961 730 2015 olim
752 1974 891 2030 rapacem,
945 1959 1043 2014 Factus
1061 1963 1102 2015 est
1116 1969 1207 2015 autern
1223 1963 1304 2017 bomo
1320 1963 1368 2018 Dei
1394 1964 1487 2031 Filius,
1509 1966 1572 2035 quia
1594 1967 1639 2037 qui
1655 1967 1742 2025 iactos

91 2054 141 2111 sod
155 2054 190 2111 ad
205 2069 348 2126 vesperum
364 2052 485 2126 praedam
495 2051 675 2105 dividentem.
690 2048 790 2105 Retulit
803 2057 892 2103 umen
946 2054 997 2115 est,
1008 2047 1048 2104 sic
1062 2063 1079 2102 ιι
1094 2048 1143 2103 Dei
1155 2048 1231 2115 Filio,
1252 2050 1297 2120 qui
1313 2067 1366 2106 non
1382 2051 1480 2119 luctus,
1495 2054 1543 2109 sed
1561 2063 1640 2110 natus
1651 2064 1701 2120 est,
1713 2057 1743 2112 in

90 2142 158 2216 inde
171 2142 251 2199 nobis
265 2141 368 2214 aliqua,
391 2157 453 2213 quae
465 2139 541 2194 licuit
555 2136 663 2209 quidem
684 2137 785 2192 bomini
806 2135 890 2207 loqui,
945 2137 1073 2191 unitatem
1088 2152 1216 2205 personae
1229 2146 1273 2192 est
1287 2147 1452 2210 assumptus,
1469 2148 1497 2195 ut
1512 2142 1585 2198 idem
1608 2144 1643 2198 sit
1656 2144 1742 2201 Filius

92 2231 143 2289 sed
157 2230 223 2287 nulli
239 2231 275 2287 ad
290 2246 391 2302 purum
402 2230 463 2285 licet
478 2227 640 2299 intelligere,
658 2226 704 2299 qui
719 2242 773 2281 non
788 2223 893 2295 aliquid
945 2224 1006 2292 Dei,
1026 2224 1074 2297 qui
1094 2224 1163 2280 filius
1182 2225 1309 2296 hominis,
1331 2237 1410 2283 natus
1428 2243 1445 2283 a
1460 2229 1540 2285 Patre
1559 2231 1616 2286 lieo
1639 2246 1741 2291 senun-

91 2320 155 2393 plus
167 2317 425 2375 bominebabnerit.
442 2317 575 2373 Hebraico
590 2315 734 2371 dicebatur
747 2313 821 2381 Saul,
838 2314 929 2393 ιιι-Β
945 2312 1011 2368 dum
1025 2313 1201 2382 divinitatem,
1225 2337 1236 2362 ι
1260 2315 1342 2371 lactus
1356 2333 1393 2371 ox
1407 2317 1512 2373 semine
1527 2318 1613 2375 David
1637 2336 1741 2377 secun-

92 2410 149 2465 tine
164 2408 275 2476 Saulus,
292 2407 370 2480 qussi
380 2407 477 2464 Saitlus
489 2421 496 2475 ;
510 2407 581 2461 sieut
597 2404 680 2459 Jacob
699 2403 825 2469 lacobus,
841 2403 890 2458 ιο·
944 2401 1007 2456 dum
1021 2418 1140 2459 carnem.
1160 2404 1224 2458 »lix
1234 2405 1341 2460 semino
1356 2428 1366 2454 ι
1378 2406 1491 2462 David.»
1503 2406 1651 2463 Scilicetad
1661 2425 1741 2481 quem

91 2497 161 2568 sepb
181 2497 326 2567 Iosephus,
348 2503 376 2550 et
404 2495 445 2549 bis
459 2493 569 2550 similia.
585 2496 746 2563 Assumptus
770 2500 892 2546 autema
946 2491 1014 2546 tacta
1025 2500 1066 2546 ast
1079 2492 1257 2562 repromissio
1268 2512 1274 2548 :
1286 2493 1526 2566 evidentiusquam
1537 2496 1571 2551 ad
1587 2496 1739 2554 abrabam.

92 2593 120 2641 te
132 2584 161 2639 in
180 2599 230 2647 ras
247 2583 388 2654 electionis
408 2583 442 2639 ad
457 2582 659 2654 praedicandam
679 2581 806 2651 gentibus
825 2595 891 2652 gra·
957 2637 960 2641 ,
982 2580 1071 2636 Vsus.
1092 2579 1117 2634 l.
1128 2602 1185 2628 -l
1202 2578 1255 2648 Qui
1271 2582 1476 2651 praedestiuatus
1490 2591 1531 2638 est
1554 2584 1635 2640 Filius
1651 2586 1701 2642 bei
1712 2586 1743 2642 iu

90 2661 156 2729 ιίιιιι
179 2680 263 2742 ιιιιιιι,
289 2672 323 2728 ιιι
345 2671 426 2742 Saulo
450 2671 544 2725 maluit
566 2670 660 2726 vocari
682 2669 789 2737 Paulus,
815 2666 892 2740 quasi
946 2667 1057 2723 virtuto.
1079 2691 1091 2716 ι
1112 2667 1353 2725 l‘raeclarissimum
1368 2671 1401 2724 ad
1416 2670 1542 2726 homines
1557 2673 1648 2730 lumen
1667 2690 1742 2746 prta-

91 2761 236 2828 Paululus,
255 2759 367 2816 humilis
381 2776 412 2816 ac
434 2759 554 2831 quietus,
578 2775 660 2829 super
679 2775 761 2830 quern
777 2759 893 2828 Spiritus
947 2755 1136 2811 destinationis
1150 2760 1177 2811 ιι
1196 2758 1292 2830 gratias
1309 2758 1367 2829 ipse
1383 2758 1508 2814 Salvator
1520 2762 1654 2832 apperuit,
1677 2778 1743 2819 cunr

90 2857 210 2907 sanctus
224 2849 381 2922 requiescit,
397 2850 494 2920 utipso
506 2848 615 2903 nomine
629 2848 785 2919 superbiam
800 2862 892 2902 eorum
947 2845 1044 2900 eudem
1058 2845 1148 2917 gratia
1162 2851 1293 2914 operante
1307 2845 1336 2902 iit
1350 2847 1385 2902 ab
1398 2846 1476 2905 initio
1499 2847 1562 2905 lidei
1581 2866 1639 2907 suae
1658 2852 1740 2909 bomo

91 2937 291 3007 contunderet,
306 2939 353 3010 qui
363 2937 479 3010 qratiam
496 2945 568 2991 tuum
588 2937 645 2992 suis
660 2937 798 3008 applicare
808 2935 892 2991 meri·
947 2935 1099 3006 quicunque
1124 2934 1302 2999 Christianus,
1331 2934 1394 3006 quia
1419 2935 1508 3008 gratia
1531 2938 1567 2992 ab
1595 2937 1672 2995 initio
1690 2955 1742 2996 suo

90 3025 126 3082 tis
141 3026 356 3099 presumebant.
373 3025 473 3082 llocail
484 3025 661 3081 bumilitatem
677 3041 765 3080 suani.
778 3024 818 3080 Ad
828 3023 893 3097 glo·
948 3025 1029 3079 lromo
1042 3022 1088 3077 ille
1101 3021 1185 3078 tactus
1198 3030 1239 3078 est
1251 3023 1386 3079 Christus.
1403 3025 1612 3083 Pindenissum
1627 3035 1668 3084 est
1676 3043 1742 3102 erqo

89 3115 163 3191 riam
178 3130 245 3171 vero
259 3121 334 3169 tuam
349 3113 531 3170 cumPaulum
547 3113 741 3184 proconsulem
757 3113 893 3169 Asiaesub
947 3112 1034 3178 lesus,
1051 3115 1079 3166 ιι
1093 3111 1197 3166 iuturus
1211 3111 1359 3173 secundum
1382 3127 1492 3169 carnem
1513 3114 1696 3184 liliusllauid,
1715 3124 1743 3174 et

88 3200 153 3281 leue
169 3203 267 3275 jugum
288 3209 362 3258 tuum
386 3202 518 3266 misisset,
541 3203 620 3274 regni
641 3203 676 3257 tui
696 3202 892 3273 provincialem
947 3207 1037 3256 ιιιιιιι
1053 3199 1080 3253 in
1096 3200 1288 3254 virtuteFilius
1304 3200 1366 3257 Dei.
1381 3202 1576 3258 Praedestinate
1595 3212 1635 3259 est
1648 3212 1740 3260 autern

89 3288 229 3357 ellectum,
245 3291 306 3362 ipsa
329 3307 440 3362 quoque
455 3307 489 3347 ιιι
504 3290 587 3346 Saulo
612 3291 708 3346 Paulus
725 3291 814 3347 vocari
829 3305 893 3346 ma·
948 3289 975 3343 in
990 3304 1022 3344 eo
1033 3295 1136 3342 naturae
1150 3286 1275 3344 humanae
1289 3295 1344 3344 tam
1360 3305 1466 3345 summa
1485 3298 1512 3345 et
1522 3290 1575 3346 alta
1590 3291 1740 3361 subrectio,

87 3377 149 3445 luit,
166 3379 202 3435 ob
210 3379 315 3451 insigne
330 3387 383 3435 tam
396 3379 636 3453 maqnaevictoriae
652 3382 729 3452 (det.
748 3385 819 3439 ιιιιιι.
830 3381 895 3437 Plus
948 3385 976 3432 ut
992 3391 1045 3447 quo
1071 3375 1237 3431 attolleretur
1265 3375 1346 3432 altius
1373 3392 1428 3432 non
1450 3376 1581 3448 baberet;
1596 3380 1667 3435 sicut
1692 3395 1742 3452 pro

87 3469 168 3523 enirn
183 3467 271 3523 bostis
289 3467 444 3524 vinciturin
462 3483 495 3524 eo
509 3484 591 3540 quern
604 3467 664 3539 plus
683 3476 765 3524 tenet.
779 3470 841 3525 Plus
848 3486 896 3528 uu·
949 3466 1030 3522 nobis
1044 3465 1103 3534 ipsa
1117 3463 1247 3519 diviuitas
1260 3465 1387 3521 bunrilius
1408 3481 1463 3521 non
1480 3466 1583 3534 babuit,
1599 3483 1742 3541 quousque

88 3562 146 3612 tem
160 3555 246 3613 bostis
258 3556 385 3627 antiquus
400 3562 473 3612 tenet
487 3557 624 3628 superbos
640 3557 750 3614 nornine
765 3558 894 3615 nobilita-
948 3571 979 3610 se
992 3554 1149 3625 deponeret.
1165 3553 1207 3607 Ex
1227 3568 1281 3622 quo
1295 3553 1367 3609 enirn
1391 3556 1473 3610 bomo
1488 3554 1532 3611 ille
1547 3557 1628 3627 coepit
1641 3575 1647 3612 :
1659 3557 1743 3614 etism

88 3644 146 3709 tis;
157 3652 185 3725 et
202 3642 237 3700 ds
251 3646 296 3700 his
311 3645 404 3716 plures
419 3645 528 3702 nomine
552 3646 733 3702 auctoritatis.
754 3670 766 3695 ι
793 3646 892 3703 Servus
907 3673 933 3737 C
949 3644 1038 3699 Filius
1047 3641 1095 3697 Dei
1106 3659 1167 3697 esse
1182 3643 1275 3714 caepit.
1293 3640 1340 3698 llel
1354 3644 1504 3699 ιιιιιιιιιιιιιι
1519 3661 1618 3718 graecae
1628 3645 1744 3704 transla-

88 3732 193 3789 christi
206 3733 283 3788 iesu.
304 3755 316 3782 s
333 3732 481 3788 servientis
496 3734 575 3801 hujus
591 3734 725 3805 professio
735 3743 760 3789 ιι
774 3734 889 3789 humili·
946 3731 1026 3787 tionis
1040 3731 1189 3796 veritatem,
1206 3746 1261 3786 non
1277 3731 1497 3803 praedestinatus,
1520 3733 1568 3790 scd
1593 3732 1753 3791 destinatus·

89 3821 159 3877 tstis
173 3828 224 3887 est,
240 3828 268 3876 et
286 3821 393 3894 qloriae,
408 3829 434 3876 et
448 3821 613 3876 auctoritatis
638 3823 755 3893 eximiae,
776 3838 841 3878 cunr
862 3838 891 3878 so
945 3830 994 3885 est,
1011 3820 1056 3889 qui
1072 3835 1181 3890 semper
1200 3821 1272 3874 Deus
1286 3827 1353 3883 erat,
1383 3828 1409 3876 et
1424 3821 1539 3878 venitin
1558 3821 1670 3892 virtute,
1694 3825 1744 3881 boo

89 3923 204 3966 sertum
219 3909 276 3979 ejus
285 3908 365 3981 quasi
378 3909 574 3981 gloriabundus
588 3909 738 3980 profitetur,
753 3911 799 3983 qui
813 3911 889 3979 dicit,
945 3909 1027 3965 estin
1042 3923 1074 3963 eo
1089 3908 1162 3980 quod
1177 3916 1244 3963 erat.
1260 3907 1387 3963 Christus
1397 3911 1470 3964 enirn
1486 3911 1572 3967 virtus
1587 3910 1637 3967 Dei
1651 3917 1702 3980 est,
1716 3919 1744 3968 et

93 4013 254 4071 emaqnum
263 4006 304 4055 est
314 3997 362 4052 tibi
372 3997 463 4053 vocari
472 4013 583 4055 servum
595 3999 888 4071 meum(lsai.xn1x),s
945 3997 994 4052 Dei
1009 3995 1152 4068 sapientia.
1176 3996 1383 4052 Praedestinatus
1397 3998 1478 4053 etiam
1493 4006 1537 4054 est
1556 3997 1679 4056 Christus
1693 4015 1744 4057 seu

89 4085 218 4143 cuisicut
231 4084 291 4157 ipse
301 4084 379 4151 dicit,
396 4086 534 4142 serviebat
549 4086 734 4161 inlivangelio
750 4088 809 4143 Filii
820 4089 890 4159 ejus,
946 4084 1095 4140 destinatus
1110 4084 1285 4153 initiantem,
1302 4084 1330 4140 id
1345 4093 1386 4141 est
1401 4087 1461 4141 sine
1484 4088 1560 4143 omni
1574 4087 1742 4159 obligations

91 4174 321 4232 «Christilesum
336 4174 891 4246 tesnsproprtumnomen,cbristusvero
946 4173 1059 4246 peccati,
1080 4172 1153 4246 quod
1175 4173 1218 4229 ιιι
1242 4172 1349 4245 origine
1377 4177 1508 4243 traheret,
1530 4176 1575 4232 vel
1604 4177 1744 4240 voluntate

88 4262 194 4321 nomen
207 4257 379 4319 'sacramenti
403 4268 454 4321 est.
482 4263 603 4334 idipsum
630 4264 730 4320 etenim
754 4271 794 4319 est
819 4264 892 4334 quod
945 4269 1125 4334 perpetraret.
1142 4262 1204 4318 tiaec
1217 4270 1307 4319 autem
1326 4262 1386 4332 ejus
1400 4264 1616 4334 praedasbnatio,
1628 4264 1689 4336 ipsa
1699 4273 1743 4322 est

88 4350 223 4425 Messias.
240 4351 269 4406 ln
280 4353 391 4409 nornine
402 4368 470 4426 ergo
479 4352 580 4407 Christi
592 4352 654 4408 lesu
665 4351 893 4426 intelligiturvir-
946 4351 1033 4422 ipsius
1048 4349 1153 4407 claritas
1165 4365 1172 4419 ;
1184 4366 1264 4420 quam
1279 4350 1324 4422 qui
1340 4350 1368 4405 in
1383 4352 1483 4407 mundo
1498 4359 1577 4407 nutus
1593 4361 1633 4408 est
1646 4355 1741 4425 bomo,

88 4430 399 4513 ansrengotvatoris,
418 4440 553 4512 quianon
572 4439 892 4513 nisiaregeSalvatore
945 4440 1043 4494 habuit
1063 4438 1135 4511 apud
1158 4441 1274 4504 Patrem,
1299 4462 1310 4487 ι
1337 4439 1494 4511 priusquam
1516 4441 1634 4496 mundus
1663 4439 1744 4498 tieret

90 4526 169 4585 salus
184 4528 318 4600 speranda
336 4535 386 4587 est.
405 4552 416 4577 ι
439 4529 558 4584 Vocatus
579 4529 727 4600 apostolus.
745 4552 757 4577 ι
774 4530 893 4585 Vocatus
948 4529 1039 4595 (loon.
1055 4529 1132 4600 xurt).
1151 4550 1162 4575 ι
1179 4527 1230 4583 Ubi
1245 4528 1314 4583 sicut
1333 4528 1392 4598 ipse
1413 4528 1622 4599 proedestinatus
1644 4533 1698 4598 est,
1714 4538 1745 4585 ut

91 4632 148 4691 per
165 4616 288 4690 gratiam,
304 4617 457 4689 quiunemo
472 4634 577 4674 sumere
588 4618 639 4673 sibi
655 4617 735 4674 debet
747 4618 890 4690 bonorem,
947 4623 1019 4673 esset
1033 4624 1113 4688 caput
1127 4622 1254 4671 nostrum
1270 4635 1277 4671 z
1293 4615 1333 4671 sio
1347 4616 1410 4670 etin
1423 4617 1482 4686 ipso
1492 4616 1682 4686 predestinati
1693 4634 1744 4674 su-

91 4705 150 4762 uisi
165 4706 212 4778 qui
221 4712 334 4763 vocatur
348 4722 365 4762 a
379 4708 436 4762 Deo
448 4714 575 4779 tanquam
586 4703 705 4763 toroni
717 4706 891 4778 Apostolus.»
949 4722 1017 4773 mus,
1032 4712 1061 4760 ut
1075 4703 1197 4760 membra
1206 4703 1265 4772 ejus
1274 4719 1408 4759 essemus.
1427 4704 1602 4760 «Secundum
1612 4706 1738 4777 spiritum

93 4793 244 4872 Apostolus
258 4794 476 4861 diciturmissus,
492 4794 534 4852 ιιι
547 4795 635 4866 potius
651 4799 728 4851 retro
742 4795 856 4861 missus,
866 4795 894 4852 id
948 4791 1176 4849 sanctificationis.
1201 4814 1213 4840 ι
1240 4791 1451 4847 Praedestinatus
1477 4791 1579 4864 quippe
1603 4801 1645 4849 ιιι
1668 4793 1744 4853 ιιιιιι

95 4882 250 4941 esrmtssus
263 4883 299 4937 ad
318 4899 366 4938 cos
381 4884 520 4940 vocandos
542 4882 588 4954 qui
603 4884 732 4952 hactenus
746 4891 815 4939 retro
832 4883 895 4941 fue·
949 4880 1099 4942 seeundum
1113 4878 1236 4949 spiritum
1251 4878 1480 4946 sanctificationis,
1497 4880 1531 4935 de
1550 4881 1630 4950 cujus
1651 4889 1742 4939 matra

97 4977 171 5040 rant,
187 4970 223 5026 de
237 4954 476 5043 quibuspropbeta
490 4960 577 5026 dicit:
596 4971 766 5027 «Ponesnos
784 4971 895 5027 dorsum
950 4969 1106 5025 dictumest
1127 4968 1162 5022 ad
1185 4968 1307 5038 loseph:
1323 4991 1334 5016 ι
1353 4967 1433 5036 Quod
1451 4967 1524 5023 enim
1538 4969 1566 5023 in
1590 4985 1623 5024 ca
1650 4978 1745 5031 nutum

97 5050 190 5130 (Pani.
209 5059 285 5132 nl»
302 5059 385 5116 lletro
403 5062 505 5133 quippe
526 5068 552 5114 ιι
566 5067 628 5131 post
643 5059 752 5114 dorsum
774 5067 837 5115 snut
851 5062 896 5130 qui
910 5025 937 5086 D
951 5066 992 5114 est
1007 5073 1014 5127 ;
1035 5057 1068 5112 de
1084 5056 1185 5128 Spiritu
1195 5065 1288 5112 sancto
1303 5061 1345 5112 est
1360 5057 1521 5129 (ιιαιιιιιι
1538 5058 1571 5112 lit
1581 5057 1615 5113 ad
1628 5066 1745 5117 matrem

97 5144 202 5223 saeoulo
217 5148 289 5215 huic,
316 5148 388 5218 quod
402 5147 619 5220 posthabendum
641 5156 692 5216 est,
715 5147 800 5202 dediti
818 5156 897 5216 sunt:
952 5147 1040 5218 ipsam
1056 5165 1062 5201 :
1078 5146 1216 5217 «Spiritus
1231 5152 1339 5201 sanirtus
1350 5146 1523 5216 superveniet
1535 5146 1564 5200 in
1579 5153 1650 5215 te,et
1661 5147 1746 5205 virtus

100 5232 115 5293 ι’
132 5244 302 5319 ὃιςιιμιιιι
314 5243 341 5300 in
356 5244 536 5316 Evangelium
552 5243 614 5300 Dei.
633 5266 644 5292 ι
660 5243 899 5317 Notandumquod
953 5243 1082 5299 ditissimi
1097 5240 1272 5301 obumbrabit
1281 5240 1329 5295 tibi
1344 5242 1421 5312 (lac.
1433 5244 1465 5310 ι).
1481 5265 1492 5291 ι
1509 5241 1582 5298 Licet
1596 5242 1668 5298 enim
1682 5258 1748 5301 caro

97 5339 346 5419 segregatumipso
360 5341 443 5399 verbo
457 5340 602 5414 designare
617 5340 786 5413 maluitque
800 5357 899 5417 seqre-
954 5342 987 5400 de
1001 5357 1084 5400 carne
1098 5357 1161 5398 vers
1182 5346 1347 5408 nasceretur,
1366 5340 1509 5411 conceptio
1532 5348 1623 5401 tarneu
1658 5342 1749 5399 carnis

97 5438 262 5525 gauleum,
282 5439 328 5514 qui
343 5438 429 5496 dixit:
447 5426 628 5512 u'Segreqate
649 5437 716 5494 mibi
733 5439 848 5496 Paulum
873 5448 901 5497 et
953 5439 1039 5512 ipsius
1065 5436 1213 5510 spiritualis
1242 5436 1352 5492 omnino
1376 5435 1435 5504 luit,
1460 5438 1513 5494 boc
1540 5445 1640 5510 agente
1659 5439 1691 5495 in
1715 5455 1749 5497 ca

98 5538 373 5621 Bamabaminopus
385 5539 422 5596 ad
431 5539 505 5619 quod
518 5537 658 5614 assumpsi
667 5553 715 5597 eos
726 5538 800 5615 (det.
808 5539 897 5612 xmp»
954 5552 1048 5607 amora
1062 5536 1123 5607 liei,
1141 5542 1169 5593 et
1189 5533 1292 5609 Spiritu
1309 5531 1528 5599 smotilicationis
1546 5533 1621 5611 quod
1637 5533 1668 5593 in
1689 5549 1748 5601 ce-
