3728 6000
141 192 212 251 loos
274 140 278 153 v
833 182 978 243 audenti
996 184 1035 243 ill
1056 184 1161 244 Pium
1786 184 1848 245 toti

141 313 513 390 etquantamiraculornm
524 309 653 384 insignia
664 325 747 369 omn.
763 310 907 369 Dominus
922 310 1014 384 perd
1386 313 1498 371 xlvtll.

140 405 221 463 beati
235 403 362 479 apostoli
370 402 473 461 iacobi
481 402 587 459 merita
602 404 640 458 ad
655 416 774 458 sacrum
788 398 975 458 altaresuum
1028 420 1261 479 Adgpdovam
1273 435 1374 490 „wem
1387 420 1570 480 palliarum,
1589 450 1622 463 -
1630 419 1844 493 mmm

141 496 171 552 in
186 493 354 551 Pistoriensi
367 491 493 549 ecclesia
506 489 646 564 prasenti
663 496 796 562 tempore
811 488 904 546 voluit
925 490 974 548 de·
1152 493 1185 550 r'u
1200 493 1321 551 Terram
1333 491 1471 550 Sanctum
1481 492 1672 564 suscipiendo
1684 490 1726 565 (l)

141 587 317 645 monstraro,
326 582 405 638 unde
419 578 523 637 fideles
532 578 635 653 populi
642 578 680 636 de
695 577 822 635 diversis
836 582 865 635 et
878 593 975 636 remo·
1279 611 1377 684 (Anno
1393 609 1463 667 ¹¹45
1487 610 1554 667 Μ·
1565 609 1605 683 4.)

138 666 776 744 tisterrarumpartibus,devotionisintuitu,
786 666 973 724 adeumdem
1453 653 1474 742 ‚'

137 759 340 818 venerabilem
354 758 453 816 locum
462 762 615 831 coeperunt
628 771 816 822 concurrere,
827 759 856 812 et
868 755 972 813 salutis
1242 730 1353 802 lumb
1367 730 1554 796 ommuni
1564 725 1641 803 026·]

137 848 336 906 suoeremedia
349 846 640 920 postulareiixpedit
651 860 725 917 ergo
738 844 876 901 fidelibus
893 843 973 903 Chri·
1062 845 1199 905 Eucnutus
1209 847 1378 920 episcopua,
1393 862 1496 903 servus
1506 859 1663 903 servornm
1672 843 1842 910 babebarie-

136 938 251 1005 stianis,
266 943 295 994 et
312 934 684 1007 maximcconvicinis,pro
698 939 781 991 lanto
796 933 907 991 collato
920 932 971 990 bc·
1025 933 1103 993 simo
1115 935 1177 992 fllio
1198 938 1336 994 Luoovtco
1354 934 1459 992 illustri
1471 938 1500 992 et
1517 931 1651 1005 glorioso
1671 934 1841 991 Francorum

135 1027 241 1085 nefieio
267 1025 460 1098 Redemptori
477 1029 580 1081 nostro
596 1025 707 1096 gratias
720 1038 818 1096 agere,
834 1026 863 1080 et
881 1023 971 1080 beato
1025 1025 1097 1096 regi,
1113 1030 1142 1083 et
1160 1024 1273 1082 dilectis
1292 1023 1361 1081 liliis
1383 1021 1579 1097 principibus,
1597 1027 1627 1080 et
1653 1022 1787 1080 universi
1800 1020 1840 1080 uel

133 1118 244 1175 Jacobo
255 1116 390 1188 apostolo
400 1116 465 1187 ejus
478 1113 582 1171 debita
597 1112 764 1170 devotionis
779 1111 970 1186 obsequiali·
1024 1112 1163 1171 fidelibus
1178 1129 1230 1187 per
1254 1113 1379 1171 Galliam
1401 1112 1577 1178 constitutis,
1593 1111 1766 1169 salutemet
1783 1126 1840 1184 apo·

135 1205 238 1262 delitet
247 1204 398 1261 exhibere.
416 1203 548 1276 Ideoque
562 1218 615 1277 per
630 1201 798 1275 apostolica
807 1200 890 1258 vobis
899 1201 968 1258 scri·
1024 1202 1158 1261 stolicam
1173 1203 1422 1260 benedictionem.

28 1362 31 1367 ,
135 1301 183 1368 pta
194 1293 396 1368 precipiendo
409 1293 600 1359 mandamus,
616 1297 767 1364 quatenus
780 1290 969 1364 populum,cl
1059 1293 1208 1360 Quantum
1225 1292 1462 1366 predecessores
1477 1290 1571 1348 nostri
1588 1289 1719 1348 Romani
1735 1288 1839 1364 pontili-

135 1381 337 1456 parocbianos
352 1386 464 1438 vestros
479 1380 611 1437 districte
641 1379 870 1446 commoneatis,
884 1379 968 1453 quod
1023 1377 1838 1455 cesproliberationeOrientalisllcclesimlaboraverunt,

135 1471 215 1530 viros
226 1478 254 1530 et
270 1471 422 1535 mulieres,
439 1470 637 1545 undecunque
650 1469 768 1535 tuerint,
785 1468 824 1525 aa
838 1472 902 1526 tam
919 1485 968 1526 ea·
1022 1472 1214 1545 antiquorum
1228 1470 1371 1528 relatione
1382 1468 1553 1536 didicimus,
1567 1467 1739 1540 eringeetis
1750 1483 1838 1527 eorum

99 1556 106 1579 '
134 1577 219 1619 crum
233 1561 398 1619 oratorium
410 1559 578 1616 devotionis
594 1563 624 1615 et
638 1558 782 1616 orationis
795 1574 887 1615 causa
899 1574 966 1631 pro·
1022 1561 1167 1635 scriptum
1177 1559 1353 1632 reperimus.
1365 1557 1689 1616 Pnedeccssoretenim
1701 1556 1840 1614 nosterie

133 1650 308 1715 fleisccntes,
323 1649 405 1705 nulla
419 1648 576 1705 occasione
587 1647 782 1722 praepediant,
797 1663 852 1704 nec
865 1646 966 1704 eisali·
982 1664 1004 1721 Β
1021 1645 1840 1721 tieismemoriaepaanrbanustanquamtubaintouuit,

132 1755 226 1812 quam
247 1739 418 1797 molestiam
430 1753 482 1794 seu
498 1736 751 1810 perturbationem
768 1736 874 1794 inferre
889 1753 966 1810 prte-
1021 1746 1049 1798 et
1059 1740 1098 1797 ad
1113 1739 1207 1812 ipsius
1217 1736 1463 1794 deliberationem
1474 1743 1585 1794 sanctae
1595 1738 1745 1793 Romanas
1760 1732 1840 1791 ltcclt·

131 1834 263 1886 sumant.
284 1827 367 1895 Quod
393 1827 488 1901 siqui
515 1826 607 1883 lacere
632 1826 886 1901 presumpserint,
914 1843 965 1883 eos
1020 1829 1073 1886 sire
1087 1825 1353 1885 liliosdediversis
1370 1822 1795 1898 mundipartibussollicitare
1804 1838 1842 1880 cu·

132 1922 279 1991 tanquam
298 1917 468 1989 sacrilegos,
483 1920 512 1972 et
528 1920 637 1987 tregue
659 1914 708 1973 uei
731 1916 890 1975 violatores
916 1932 963 1973 ex·
1020 1919 1106 1977 ravit.
1122 1917 1166 1974 ld
1181 1917 1274 1989 ipsius
1288 1914 1439 1989 siquidem
1450 1929 1563 1982 vocem,
1579 1913 1843 1981 Ultramontani,tt

132 2008 371 2065 communicatos
382 2005 501 2079 publice
514 2004 710 2071 denuntietis3
723 2011 751 2062 et
763 2005 903 2062 eamdem
916 2022 966 2063 ox·
1018 2007 1172 2082 precipue
1199 2008 1383 2062 Francorum
1405 2004 1491 2075 regni
1516 2002 1681 2072 tortissimi,
1697 2007 1728 2061 et
1741 2000 1843 2061 strenui

131 2096 416 2155 communicationis
433 2096 621 2162 sententiam,
644 2110 804 2168 quousque
817 2094 964 2152 eetisieee·
1018 2097 1188 2162 bellatores,
1207 2098 1235 2151 et
1248 2092 1289 2150 illi
1306 2092 1397 2149 eliam
1411 2092 1449 2149 de
1464 2092 1557 2161 ltalia,
1573 2091 1731 2150 charitatis
1747 2091 1844 2150 ardore

131 2181 962 2258 rint,perparocbiasnostrasobservarifirmiteriacialis.
1020 2184 1156 2244 succensi
1170 2186 1385 2253 convenerunt,
1400 2181 1842 2255 utmaximocongregatoexer·

169 2276 276 2332 [latum
289 2272 420 2337 Viterbii,
433 2288 451 2328 x
464 2269 613 2328 llaleudas
628 2271 765 2327 Decemb.
786 2287 866 2327 anno
882 2272 961 2329 1115.
1018 2276 1089 2346 citu,
1106 2291 1165 2333 non
1183 2275 1246 2331 sine
1260 2289 1375 2345 magna
1389 2273 1503 2347 proprii
1519 2270 1677 2342 sanguinis
1691 2268 1841 2337 effusione,

501 2360 604 2414 XLVll·
1018 2366 1119 2423 divino
1129 2381 1180 2421 eos
1192 2363 1300 2421 auxilio
1315 2364 1486 2430 comitante,
1496 2358 1841 2435 civitatemillam,inqut

205 2450 430 2521 indulgentiam
443 2449 480 2505 B·
496 2448 603 2504 «1sswa
617 2448 729 2504 devotis
744 2449 887 2506 concedit·
1019 2453 1155 2512 Salvator
1167 2458 1268 2510 noster
1282 2467 1338 2527 pro
1351 2452 1438 2509 uobis
1450 2452 1510 2525 pati
1520 2448 1624 2515 voluit,
1637 2452 1669 2506 et
1682 2447 1841 2520 gloriosum

375 2540 473 2606 (Anno
488 2538 566 2603 ¹145,
579 2539 649 2594 Νῦν·
663 2538 720 2608 iu.)
1018 2542 1290 2617 ipsiussepulorum
1303 2535 1842 2615 passionissurenobismemorialedi·

289 2626 437 2701 [Utuntur
447 2625 540 2683 ltalia
551 2640 650 2694 tacta,
666 2626 712 2692 mi
728 2627 802 2697 9981
1018 2633 1108 2700 misit,
1118 2637 1146 2689 et
1154 2631 1350 2705 quamplures
1361 2630 1446 2696 alias,
1455 2626 1740 2703 quasproltxitatem
1752 2624 1838 2682 sitan

166 2718 303 2774 Evoenus
317 2717 488 2789 episcopus,
504 2730 608 2771 servus
617 2731 771 2771 servorum
783 2716 962 2784 llei‚univcr-
1017 2713 1841 2793 tesmemoraresupersedemus,apaganorumspurcitir

130 2807 170 2864 sis
184 2806 235 2864 ilci
246 2805 395 2871 fidelibus,
406 2803 570 2861 oratorium
587 2804 724 2860 ntaeobi
737 2804 961 2879 apostoli,quod
1016 2811 1186 2868 liberarent.
1199 2811 1269 2877 Qum
1285 2823 1338 2881 per
1352 2808 1480 2878 gratiam
1496 2806 1546 2862 Dei
1559 2809 1588 2862 et
1599 2807 1723 2879 patrum
1735 2808 1841 2861 vestro·

129 2896 158 2952 in
175 2894 344 2952 pistoriensi
359 2893 483 2950 ecclesia
508 2893 598 2950 situm
613 2897 668 2960 est,
685 2892 792 2950 devote
815 2894 961 2953 visitanti-
1014 2915 1082 2956 rum
1092 2898 1234 2966 studium,
1246 2897 1299 2971 qui
1314 2912 1368 2971 per
1378 2894 1535 2953 intervalla
1543 2898 1717 2966 temporum
1732 2890 1840 2950 casde-

128 2983 196 3052 bus,
213 2983 375 3041 salutemet
386 2980 585 3055 apostolicam
600 2981 850 3040 benedictionem.
977 2988 1146 3071 ciendam,
1171 2992 1199 3044 et
1219 2985 1424 3044 Christianum
1448 2998 1559 3041 nomen
1574 2982 1606 3038 in
1629 2980 1769 3054 partibus
1789 2978 1840 3037 illis

163 3071 609 3130 ineffabilisdivinoeclementiis
625 3071 885 3146 magnitudoque
897 3074 960 3131 vult
1013 3076 1138 3134 dilatare
1155 3090 1209 3147 pro
1224 3075 1340 3132 viribus
1363 3074 1551 3138 studuerunt,
1568 3087 1665 3145 usque
1687 3071 1729 3128 ad
1743 3074 1839 3128 novor

127 3179 233 3220 omnes
245 3162 383 3219 bomines
395 3160 494 3217 salvos
506 3160 580 3229 fieri,
596 3166 625 3217 et
635 3160 673 3218 ad
687 3161 871 3233 agnitionem
885 3163 959 3220 veri-
1014 3170 1149 3240 tempora
1172 3180 1190 3221 a
1206 3163 1379 3222 Christianis
1394 3163 1522 3220 delenire
1535 3166 1615 3230 sunt,
1630 3164 1660 3218 et
1673 3159 1741 3217 alim
1755 3158 1839 3217 arbes

126 3249 538 3311 talisveuire.Plurimaolara
547 3247 733 3306 diversorum
743 3249 958 3309 miraculorum
1012 3254 1178 3312 infidelium
1197 3252 1237 3311 ab
1251 3252 1323 3327 ipsis
1337 3251 1459 3310 viriliter
1473 3253 1663 3326 expugnate.

126 3357 245 3414 genera,
261 3339 340 3398 beati
355 3339 457 3396 Jacobi
474 3337 604 3413 apostoli
617 3339 728 3395 meritis
740 3339 778 3396 ad
794 3340 958 3398 sacratissi-
1048 3346 1131 3401 Nunc
1144 3350 1245 3401 aulem
1260 3341 1368 3399 nostris
1380 3344 1410 3399 et
1420 3341 1513 3415 ipsius
1527 3338 1630 3414 populi
1641 3337 1841 3412 peccatiscxi·

127 3447 212 3488 mum
227 3431 319 3488 altare
329 3428 477 3495 suum,ad
492 3429 756 3500 compunctionem
767 3428 912 3497 fidelium,
927 3432 957 3489 in
1012 3432 1163 3505 gentibus,
1179 3431 1264 3505 quod
1277 3431 1341 3488 sine
1353 3445 1465 3502 magno
1479 3429 1582 3487 dolore
1600 3436 1630 3486 et
1641 3429 1759 3501 gemitu
1774 3442 1839 3502 pro·

124 3519 292 3577 Pistorieusi
306 3517 432 3575 ecclesia
446 3517 664 3575 demonstravit
677 3534 684 3584 ;
703 3532 774 3574 nam
784 3519 859 3576 sicut
869 3536 958 3577 vene·
1012 3521 1155 3579 terrenon
1163 3537 1335 3594 possumus,
1349 3519 1462 3575 Edessa
1472 3519 1585 3585 civitas,
1592 3532 1660 3593 quoe
1674 3516 1839 3576 nostratia·

123 3609 210 3667 rabili
225 3608 315 3666 iratre
340 3613 442 3665 nostro
457 3611 564 3664 attone
579 3607 714 3678 ejusdem
742 3607 867 3667 civitatis
893 3611 960 3667 ieli-
1013 3625 1073 3682 gua
1099 3610 1210 3668 Rubris
1224 3608 1332 3666 dicitur
1361 3623 1453 3679 ;quoe
1468 3607 1569 3674 etiam,
1598 3612 1630 3663 ut
1643 3606 1751 3679 iomar,
1771 3619 1838 3663 cum

125 3698 369 3770 giosoepiscopo‚
387 3702 416 3752 et
426 3695 492 3752 aliis
508 3696 644 3768 pluribus
658 3696 960 3770 referentibusmgno·
1013 3701 1169 3777 quondam
1180 3701 1210 3756 in
1226 3699 1343 3756 Oriente
1358 3701 1422 3755 tota
1434 3703 1512 3755 terra
1528 3695 1684 3770 apnganir
1697 3695 1837 3754 detinere-

123 3788 233 3853 vimus,
249 3787 330 3850 araci,
347 3785 458 3851 claudi,
475 3785 631 3852 contracti,
648 3786 739 3843 etalii
758 3787 882 3844 diversis
896 3788 958 3846 lan·
1012 3798 1070 3859 tur,
1081 3790 1149 3865 ipsa
1159 3787 1288 3847 solasub
1300 3787 1537 3845 Christianorum
1549 3789 1698 3860 potestate
1714 3787 1837 3844 Domino

125 3871 956 3948 guoribusdebiles‚incodcmloco,perbeati,utdiximus,
1012 3880 1168 3946 serviebat,
1190 3879 1230 3938 ab
1246 3876 1374 3934 inimicis
1398 3876 1493 3933 crucis
1507 3874 1613 3933 Christi
1636 3880 1729 3950 capta
1741 3880 1796 3943 est,
1810 3881 1835 3932 ct

124 3961 228 4021 laconi
252 3977 355 4034 preces
380 3966 410 4018 et
425 3960 544 4028 merita,
574 3966 677 4034 optata
696 3963 800 4020 saluds
824 3965 958 4023 remedia
1012 3970 1105 4026 multa
1129 3967 1364 4026 Christianorum
1388 3964 1510 4023 castella
1532 3964 1572 4022 ab
1586 3963 1657 4036 ipsis
1677 3968 1835 4039 occupata.

124 4052 287 4127 percipere.
297 4052 355 4106 Nos
369 4050 469 4123 itaque
483 4048 739 4122 protantadivinm
748 4053 849 4123 gratiis
860 4062 957 4113 osten·
1012 4059 1106 4132 ipsius
1121 4055 1375 4131 quoquccivitetis
1390 4054 1713 4129 archiepiscopuscum
1726 4053 1835 4112 clericis

124 4140 218 4210 sione,
236 4139 436 4211 omnipotenti
453 4138 579 4195 [turnino
592 4139 704 4210 gratias
725 4141 897 4211 relerentes,
913 4144 957 4201 di·
1010 4147 1083 4214 suis,
1099 4146 1223 4204 etmulti
1240 4145 1288 4203 alti
1299 4143 1582 4212 Christianiibidem
1593 4142 1832 4215 interiectisunt;

124 4245 220 4302 gnum
231 4228 382 4294 duximus,
395 4228 538 4285 utfideles
551 4227 716 4291 Christiani.
729 4231 781 4304 qui
797 4231 955 4303 praelatam
1010 4241 1039 4294 et
1053 4242 1227 4294 sanctorum
1240 4234 1373 4308 reliquias
1396 4235 1428 4292 in
1451 4233 1613 4291 inlidelium
1635 4231 1832 4291 conculcatio·

123 4317 330 4376 venerabilem
351 4319 464 4385 locum,
481 4318 598 4390 pietalis
613 4317 721 4375 intuitu
736 4319 841 4378 devote
857 4321 955 4380 visita·
1009 4342 1078 4385 nem
1093 4325 1170 4383 datu
1184 4330 1253 4382 sunt
1267 4329 1296 4381 et
1307 4324 1444 4396 dipersm.
1458 4323 1490 4380 ln
1501 4339 1562 4396 quo
1574 4326 1727 4396 quantum
1741 4321 1833 4379 beele-

125 4408 232 4474 verint,
250 4413 443 4481 peccatorum
462 4422 586 4462 suorum
602 4422 723 4479 paruos
741 4409 953 4469 revelationem
1008 4416 1060 4472 sioe
1075 4415 1126 4473 Dei
1145 4419 1174 4472 ct
1187 4414 1239 4471 toti
1254 4412 1465 4471 christianitati
1480 4410 1644 4484 periculum
1667 4412 1831 4476 immineat,

124 4496 260 4570 aliquam
276 4501 457 4553 mereantur.
472 4495 647 4569 Ideoquede
659 4496 817 4555 beatorum
830 4500 913 4567 Petri,
926 4507 955 4558 et
1006 4509 1034 4562 et
1049 4520 1103 4561 nos
1116 4503 1339 4575 cognoscimus,
1352 4506 1381 4558 ot
1395 4499 1586 4574 prudentiam
1600 4504 1733 4556 vestram
1744 4497 1832 4557 latore

124 4584 952 4659 Perlbetejusdemiacobiapostolorumerislimeritis
1005 4608 1065 4650 non
1075 4592 1399 4649 credimus.llarimum
1408 4604 1540 4662 namque
1553 4585 1718 4645 nobilitatis
1727 4592 1832 4662 etpro-

123 4674 952 4752 confisi,etpostolicaauctoritatestatuimus,utquotquol
1004 4680 1104 4739 bitatis
1115 4679 1258 4736 indicium
1268 4678 1331 4736 iore
1344 4678 1543 4750 cognoscitur,
1553 4676 1576 4732 si
1589 4691 1626 4733 ea
1636 4691 1703 4749 quoe
1711 4679 1830 4751 patrum

121 4763 301 4838 pradictum
313 4763 482 4820 venerabile
493 4765 668 4834 oratorium,
678 4781 771 4823 causa
783 4766 951 4824 devotionis
1004 4769 1166 4827 strenuitas
1180 4767 1348 4841 acquisivit,
1370 4783 1388 4823 a
1403 4767 1488 4824 vobis
1510 4764 1578 4822 tiliis
1594 4768 1718 4823 strenus
1732 4765 1830 4823 deien-

122 4858 151 4910 et
162 4852 305 4910 orationis
317 4852 510 4921 visitaverint,
524 4851 562 4909 dc
573 4853 708 4924 injuncta
722 4856 895 4928 poenitcntia
907 4874 951 4913 se·
1002 4859 1122 4917 dantur.
1139 4858 1352 4914 Verumtamen
1361 4855 1396 4922 si,
1405 4855 1488 4929 quod
1501 4855 1578 4912 absit
1589 4854 1596 4910 l
1607 4854 1829 4926 sccuscontigr-

122 4947 203 5016 ptem
232 4942 348 4999 dierum
362 4941 579 5014 indulgentiam
605 4959 637 4999 se
653 4945 804 5018 accepisse
818 4961 950 5018 congau—
1001 4949 1049 5017 rit,
1060 4953 1178 5022 patrum
1191 4946 1334 5004 tortitudo
1349 4945 1379 5002 in
1391 4944 1458 5001 filiis
1469 4943 1626 5001 imminuta
1635 4944 1796 5016 probatur.

122 5031 222 5088 detul-
1037 5037 1261 5096 Universitatem
1285 5037 1386 5109 itaque
1401 5041 1532 5091 vestram
1555 5033 1585 5090 in
1601 5032 1736 5093 Domino
1751 5049 1827 5093 com·

156 5119 265 5177 Datum
281 5118 401 5189 viterb,
419 5134 439 5175 ¹
458 5118 521 5176 Kal·
543 5120 680 5176 ⁰00efflb·
1001 5143 1171 5194 monemus,
1187 5141 1341 5197 rogamus,
1360 5123 1660 5199 atquepraecipimus,
1673 5129 1703 5181 et
1717 5125 1752 5183 iu
1764 5138 1826 5200 pec

155 5332 194 5404 (i)
210 5334 292 5388 lianc
315 5334 471 5407 epistolam
487 5334 579 5419 edidit
594 5335 707 5392 Boczeli
732 5336 802 5394 Coti.
822 5339 945 5410 diuum.
1000 5342 1067 5400 liat.
1083 5344 1176 5402 llartii
1186 5344 1267 5400 lito.
1297 5342 1472 5401 lectionum
1484 5342 1660 5401 varietatem
1676 5344 1827 5400 notamus.

119 5402 233 5484 iloruu.
248 5404 339 5484 1311,
355 5406 408 5462 sed
420 5405 460 5463 cd
474 5421 628 5465 urttoersos
638 5409 692 5465 Det
699 5409 802 5479 tidelm
810 5424 866 5480 per
880 5411 945 5472 Gal·
999 5414 1077 5473 Bois.

122 5472 944 5550 liumcorrstt'tutosinscriptam,etdatamTransliborim.
