3728 6000
162 267 215 333 lit

666 255 858 319 cutttttttt
877 253 1020 319 abbaTlS
1039 255 1066 316 8.
1087 256 1304 320 aaaonotttct

1730 212 1733 217 ·
1763 266 1820 329 Μ

163 393 281 463 Sponso,
297 387 382 443 multa
392 386 488 443 didicit
503 385 537 442 de
559 385 656 457 seipsa.
671 383 723 441 Ubi
748 395 921 457 quacunque
936 380 961 436 cl
975 379 1004 443 Α
1019 380 1091 439 rersl
1105 382 1140 437 ad
1154 382 1299 439 Dominum
1318 383 1346 439 in
1361 384 1480 442 norltate
1491 386 1554 444 rltae
1575 388 1725 446 ambulant.
1741 389 1820 460 Quo·

166 479 265 537 collata
287 484 349 531 sunt
361 476 450 547 primo
479 491 590 531 accessu
605 474 641 528 ad
657 473 804 543 Sponsum,
820 470 963 525 irritamen

164 569 268 624 amoris
297 573 324 623 et
346 565 432 638 gratia
457 564 506 619 luit
535 562 684 622 trahentis:
703 561 743 615 lac
770 560 895 624 uberum,
912 557 964 613 lra-

162 656 270 731 grantia
297 663 509 725 unguentorum,
526 652 647 708 nominis
672 650 770 720 Sponsi
793 647 913 720 cognitio
937 654 965 702 et

163 746 259 802 effusio
273 744 403 816 unguenti
432 745 506 813 ejus.
524 741 628 796 Deinde
644 755 711 795 rero
739 745 815 793 actus
837 752 899 791 eam
912 752 964 791 ex·

162 833 228 905 cipit
256 831 436 904 purgatorius,
469 829 664 894 exercendam,
698 825 880 898 purgandam,
907 838 963 879 non

160 937 355 994 usquequaque
388 920 582 975 deserendam.
612 919 732 987 Egresso
766 915 838 970 enim
866 912 960 968 etab-

162 1018 242 1066 eunte
255 1010 362 1079 Sponso
377 1009 521 1064 vulnerata
536 1007 665 1063 charitate
688 1003 825 1059 desiderio
840 1000 962 1058 absentis

163 1105 296 1164 aestuans,
310 1106 409 1153 sancte
433 1096 562 1152 novitatis
589 1094 722 1150 suavitate
748 1091 855 1153 allecta,
881 1096 965 1162 gustu

164 1190 237 1245 bono
265 1188 403 1253 innovata,
431 1194 458 1242 ct
482 1193 595 1257 repente
619 1184 746 1239 destituta
773 1196 807 1236 ao
833 1178 964 1234 derelicta

165 1277 227 1341 sibi,
244 1277 300 1347 jam
315 1275 425 1332 cellaria
442 1276 502 1346 ipsa
516 1273 593 1346 qnasi
617 1271 708 1327 inania
723 1286 754 1325 ac
767 1270 876 1325 deserta
891 1264 966 1321 lasti·

163 1366 251 1427 diens,
269 1365 407 1420 scientium
433 1363 536 1419 scilicet
559 1361 671 1416 absente
706 1360 812 1431 Sponsa
836 1373 891 1412 non
914 1354 964 1411 nisi

164 1455 285 1511 dolorem
302 1453 566 1524 apponentempicut
580 1451 651 1505 enim
669 1450 798 1517 scriptum
814 1454 854 1502 est
867 1464 873 1500 :
888 1470 899 1494 r
912 1444 965 1513 Qui

165 1545 278 1616 apponit
292 1543 434 1597 scientiam
450 1540 562 1612 apponit
577 1539 697 1594 dolerem
714 1538 816 1606 (Secia.
829 1538 848 1606 ι)
864 1551 871 1589 :
886 1557 896 1584 r
914 1549 964 1590 eo·

163 1632 323 1688 mitantibus
334 1629 555 1696 adolescentulis,
569 1644 636 1697 quas
652 1626 777 1696 ingratia
791 1625 964 1681 cellariorum

1017 486 1077 526 rum
1090 469 1214 528 affectam
1238 472 1375 544 vitamque
1403 480 1487 530 totam
1509 476 1560 531 sibi
1587 477 1713 534 dividunt
1740 477 1820 535 dolor

1017 558 1077 631 ipsc
1105 567 1131 615 et
1159 563 1210 616 hcc
1237 561 1367 635 gaudium
1385 563 1488 628 ,dolor
1515 565 1549 622 de
1565 566 1665 638 Sponsi
1684 567 1817 636 absentia,

1018 648 1146 721 gaudium
1174 650 1210 706 de
1233 652 1376 721 praesentia
1392 662 1438 717 ;et
1466 662 1628 726 perpetuum
1652 656 1687 712 de
1710 657 1820 713 visione

1017 737 1098 806 hujus
1125 739 1256 810 gaudium
1280 740 1362 796 unica
1387 757 1480 797 eoram
1507 744 1675 814 exspectatio
1690 752 1742 800 est.
1758 746 1819 803 lloc

1018 827 1090 882 enim
1105 828 1179 897 apud
1195 843 1242 883 eos
1257 844 1315 883 non
1328 831 1424 898 semel,
1436 832 1478 887 rel
1494 848 1548 888 uno
1558 834 1640 889 modo
1652 851 1659 899 ;
1669 834 1716 889 scd
1734 851 1817 906 saepc,

1019 914 1166 985 multisque
1187 931 1220 973 ac
1241 917 1323 972 variis
1337 920 1427 974 modis
1442 919 1481 986 fit,
1497 922 1641 994 omnisque
1669 922 1715 977 hic
1729 923 1817 979 sancti

1018 1005 1144 1061 exercitii
1157 1004 1234 1060 labor
1242 1005 1270 1061 in
1278 1007 1361 1062 corde
1373 1009 1497 1074 amantis,
1510 1009 1555 1065 vel
1565 1012 1623 1066 rite
1632 1011 1817 1082 proficientis,

1017 1107 1072 1148 non
1085 1093 1165 1147 unius
1179 1093 1233 1149 diei
1247 1103 1289 1150 est
1305 1113 1313 1161 ;
1328 1095 1378 1151 sed
1402 1096 1478 1152 multi
1493 1099 1643 1169 temporis;
1665 1099 1816 1171 multiplex,

1017 1181 1119 1247 vanus,
1133 1182 1280 1238 secundum
1309 1185 1438 1254 pietatem
1462 1186 1634 1242 diversorum
1659 1187 1816 1257 affectuum,

1018 1277 1045 1326 et
1068 1277 1228 1341 proventum
1257 1273 1442 1343 profectuum.
1462 1274 1590 1338 Quandiu
1607 1276 1679 1331 enim
1698 1276 1768 1333 dicis
1782 1276 1817 1333 ad

1019 1359 1153 1430 Sponsam
1169 1378 1175 1414 τ
1194 1381 1206 1410 ‹
1224 1361 1335 1416 l'adoct
1348 1363 1425 1418 tenio
1441 1365 1532 1434 (loen.
1550 1367 1638 1435 xiv),r
1656 1381 1707 1420 nec
1718 1381 1815 1421 manes

1018 1463 1080 1502 cum
1095 1463 1127 1503 ea
1139 1449 1167 1502 in
1181 1457 1324 1517 aeternum,
1337 1466 1354 1506 o
1368 1460 1505 1507 castarum
1529 1453 1641 1524 Sponsa
1653 1453 1814 1519 animarum,

1019 1537 1110 1591 tandiu
1136 1538 1327 1594 exsulantibus
1357 1540 1384 1595 in
1408 1549 1479 1595 terra
1508 1549 1627 1596 noctua
1646 1540 1818 1609 filiistuis,o

1017 1627 1095 1681 Pater
1118 1628 1313 1696 orphanorum,
1329 1628 1444 1699 provido
1469 1631 1584 1686 consilio
1608 1632 1751 1701 sapientiae
1767 1639 1819 1688 tnae

163 1718 333 1787 aliquatenus
344 1722 482 1770 consortes
494 1713 636 1779 habuerat,
653 1711 679 1766 in
696 1711 810 1766 odorem
831 1708 962 1781 fugientis
975 1724 1003 1797 B
1018 1715 1085 1770 sinis
1095 1731 1142 1770 eos
1164 1731 1361 1786 nonnunquam
1376 1717 1403 1771 in
1426 1718 1554 1774 desiderii
1568 1719 1609 1774 sui
1623 1719 1728 1788 dolore,
1744 1720 1819 1790 quasi

164 1806 296 1862 excurrit.
315 1805 347 1858 Et
361 1805 393 1858 ab
420 1811 487 1858 aestu
518 1801 646 1856 desiderii
676 1800 717 1855 sui
745 1807 837 1855 sancto
852 1799 963 1854 Cantica

164 1895 322 1969 principium
338 1893 486 1964 imponens
496 1891 596 1947 clamat
607 1899 634 1946 ct
648 1889 711 1945 dicit
728 1905 735 1942 ε

425 2043 539 2100 CAPUT
559 2043 702 2098 Pttttttttt.

201 2194 212 2220 r
226 2170 370 2228 Osculetur
384 2186 429 2224 mc
440 2169 534 2224 osculo
545 2167 602 2221 oris
614 2167 666 2222 stri.
687 2191 697 2215 ι»
721 2167 791 2233 Vidi,
809 2164 905 2238 inquil,
921 2182 964 2220 su-

163 2276 213 2332 per
224 2277 267 2315 me
278 2259 375 2315 faciem
392 2258 452 2326 ejus
468 2257 656 2324 illuminatam,
672 2256 784 2324 concepi
800 2255 888 2311 vultus
906 2255 966 2325 ejus

164 2347 298 2413 letitiam,
315 2346 388 2401 sensi
399 2344 523 2400 diffusam
539 2345 656 2417 gratiam
672 2345 697 2397 in
716 2345 792 2397 labiis
800 2344 866 2412 ejus.
876 2343 964 2399 Nemo

164 2435 335 2503 interveniat,
360 2434 426 2489 nibil
466 2435 638 2501 intercurrat,
669 2435 728 2503 ipsc
757 2448 800 2487 me
828 2431 965 2488 osculetur

165 2526 260 2581 osculo
274 2525 330 2580 oris
346 2524 405 2587 sui;
425 2523 489 2593 quia
512 2524 568 2593 jam
593 2523 663 2578 ultra
689 2538 743 2577 non
759 2521 887 2588 sustineo,
909 2536 963 2577 non

166 2613 286 2684 suscipio
301 2613 424 2684 spiritum
441 2611 528 2667 osculi
555 2611 650 2667 alieni.
672 2613 773 2666 Cretera
788 2611 852 2664 mihi
872 2611 964 2667 omnia

164 2717 283 2774 pravum
310 2700 372 2770 quid
401 2699 485 2764 olent,
501 2700 594 2768 sponsi
624 2714 688 2754 vero
703 2699 825 2753 osculum
841 2698 962 2753 divinum

166 2790 230 2862 quid
245 2789 363 2844 redolet.
384 2787 515 2843 Osculum
543 2788 632 2843 amica
656 2787 785 2859 quendam
810 2788 965 2842 etenterlor

1016 1804 1083 1860 loris
1097 1805 1246 1860 exclusosa
1262 1815 1287 1861 te
1303 1805 1397 1879 affligi,
1411 1815 1435 1862 ct
1452 1807 1592 1865 tabescere
1608 1824 1703 1865 amore
1717 1809 1820 1865 amoris

1017 1893 1064 1960 tui,
1080 1894 1214 1949 mundans
1238 1911 1286 1949 eos
1303 1895 1330 1949 in
1355 1895 1461 1951 camino
1486 1899 1650 1968 paupertatis
1675 1914 1742 1969 suae,
1759 1898 1820 1969 ipsa

1016 1982 1168 2038 difficultate
1196 1983 1361 2055 suscipiendi
1390 1983 1484 2040 fortius
1513 2000 1562 2042 eos
1591 1988 1700 2042 trahens
1726 1986 1762 2041 ad
1775 1995 1815 2042 te.

1016 2072 1219 2144 Nonnunquam
1231 2089 1298 2128 vero
1313 2089 1348 2128 cx
1373 2074 1517 2130 dulcedine
1531 2076 1627 2148 gratiae
1650 2082 1703 2131 luae
1717 2084 1819 2147 sponte

1016 2163 1106 2232 aperis
1121 2161 1230 2232 pusillis
1246 2162 1309 2228 tuis,
1323 2177 1375 2218 nec
1389 2163 1500 2235 repellis
1524 2163 1714 2235 pervenientes
1730 2180 1818 2236 usque

1017 2248 1052 2303 ad
1067 2256 1092 2303 te
1108 2265 1114 2318 ;
1132 2258 1159 2304 ct
1172 2249 1272 2305 cubare
1301 2264 1349 2305 eos
1373 2251 1451 2315 sinis,
1466 2259 1493 2306 et
1507 2252 1616 2322 plorare
1642 2252 1669 2307 in
1685 2252 1745 2307 sinn
1762 2260 1819 2320 tuo,

1018 2337 1063 2391 ubi
1079 2337 1217 2408 plorantes
1245 2338 1339 2394 nolunt
1362 2340 1509 2406 consolari,
1527 2348 1623 2395 utnon
1640 2340 1818 2411 plorenttibi,

1017 2440 1033 2481 a
1050 2443 1102 2498 quo
1119 2427 1170 2481 hcc
1186 2428 1273 2498 ipsum
1289 2444 1339 2498 pro
1355 2429 1543 2484 summodono
1558 2429 1820 2501 babent,utplorent

1018 2515 1075 2580 tibi,
1093 2516 1340 2587 quiaoptimumac
1357 2517 1436 2573 dulce
1446 2517 1547 2573 habent
1559 2519 1666 2587 plorare
1684 2534 1777 2574 coram
1790 2527 1818 2575 te

1016 2605 1133 2659 Domino
1156 2605 1212 2660 Deo
1228 2620 1287 2671 suo,
1309 2606 1456 2678 qni·lecisti
1471 2621 1535 2675 eos;
1552 2614 1579 2661 et
1594 2616 1619 2660 ut
1635 2607 1742 2678 plorent
1770 2607 1818 2662 tibi

1017 2692 1043 2748 in
1059 2694 1111 2748 boc
1125 2697 1215 2764 ipsum
1230 2693 1379 2750 efficiscos.
1389 2696 1509 2766 Cumque
1531 2696 1687 2769 tudignaris
1706 2702 1817 2769 tergere

1015 2780 1150 2853 lacrymas
1171 2783 1293 2849 fluentes,
1306 2786 1373 2854 tprae
1392 2785 1480 2856 magis
1494 2786 1588 2852 llunnt,
1601 2793 1626 2840 ct
1645 2786 1706 2857 quia
1719 2801 1817 2840 manus

162 2878 314 2948 conjunctio
329 2892 475 2947 corporum
490 2883 540 2943 est,
564 2876 699 2932 interioris
717 2876 915 2946 conjunctionis
932 2876 964 2931 si·
1016 2871 1076 2941 ipsa
1092 2872 1222 2942 tergentis
1245 2887 1328 2928 cansa
1354 2873 1393 2927 cis
1420 2873 1536 2929 ellicitur
1564 2873 1654 2928 suavis
1671 2874 1816 2943 cujusdam

164 2982 248 3040 gnum
264 2974 292 3021 et
306 2966 481 3021 incentivum.
493 2964 571 3034 Quod
587 2965 799 3021 orismiuisterio
809 2964 961 3034 exhibetur,
1016 2958 1116 3014 doloris
1133 2958 1283 3028 afficientis,
1299 2960 1475 3028 blandientia,
1493 2970 1519 3017 ct
1547 2962 1574 3016 in
1586 2978 1618 3018 eo
1644 2963 1716 3034 qnod
1734 2964 1817 3018 vehe-

163 3062 261 3112 utnon
290 3063 393 3110 tantum
422 3070 575 3125 corporum,
591 3055 639 3109 sed
667 3071 700 3107 ex
715 3063 809 3110 mutuo
837 3063 961 3110 contactu
1014 3048 1132 3103 mentius
1146 3048 1247 3115 dolent,
1262 3050 1446 3105 vehementius
1461 3066 1495 3105 ex
1509 3050 1591 3106 bonae
1601 3051 1658 3123 spei
1677 3052 1817 3107 conscien-

164 3145 243 3201 etiam
258 3144 405 3216 spiritnnm
415 3142 571 3214 conjunctio
596 3140 782 3211 fiatSponsns
796 3158 862 3198 vero
886 3142 962 3197 Chri·
1017 3138 1053 3192 tia
1068 3153 1098 3193 se
1127 3138 1304 3194 consolantis.
1317 3139 1425 3193 Etenim
1444 3147 1471 3195 et
1498 3140 1620 3195 lluminis
1639 3139 1684 3195 ille
1697 3141 1817 3212 impetus

164 3237 221 3285 stus
250 3230 433 3300 Sponsaesnae
462 3227 693 3298 Ecclesiae‚qunsi
709 3227 878 3282 osculumde
894 3226 962 3282 coelo
1016 3224 1161 3282 taenficans
1185 3227 1328 3281 manifeste
1351 3228 1488 3283 denuntiat
1517 3228 1613 3283 adesse
1634 3230 1813 3299 presentiam

163 3319 296 3391 porrexit,
313 3333 375 3373 cnm
392 3316 508 3372 Verbum
524 3331 588 3371 caro
603 3314 703 3371 lactum
718 3316 745 3370 in
760 3324 863 3370 tantum
879 3316 962 3388 einp
1018 3323 1099 3381 tuam,
1114 3324 1140 3370 et
1167 3315 1300 3370 incolatus
1329 3314 1446 3372 filiorum
1473 3325 1578 3371 tuorum
1593 3317 1706 3373 interra
1724 3317 1814 3373 aliena

161 3407 363 3480 propinquavit,
379 3412 408 3460 ut
423 3422 453 3461 se
481 3404 505 3460 ei
520 3405 720 3476 conjungerct3
745 3405 875 3459 intantum
898 3419 962 3461 con·
1016 3419 1070 3458 non
1082 3410 1169 3475 potest
1191 3403 1314 3459 oblivisci
1332 3405 1578 3477 peregrinationem
1597 3422 1693 3474 suam3
1709 3417 1733 3461 et
1748 3407 1814 3461 dum

161 3496 251 3566 junxit
265 3505 292 3551 ut
320 3495 418 3563 uniret,
434 3502 463 3549 ut
478 3495 550 3549 Deus
575 3497 666 3560 homo,
684 3497 763 3548 lromo
779 3495 850 3549 Deus
870 3492 960 3563 lieret,
1016 3491 1099 3548 simul
1114 3508 1145 3547 sc
1159 3491 1298 3548 inveniunt
1309 3492 1374 3547 illud
1385 3494 1518 3566 gaudium
1529 3494 1703 3560 etilledolor,
1716 3511 1815 3551 suares

160 3583 254 3655 ipsum
270 3586 353 3638 etiam
368 3583 492 3638 osculnm
507 3581 579 3637 fideti
591 3583 689 3637 animae
700 3597 809 3653 sponsae
824 3598 879 3639 snae
895 3598 961 3654 pcr—
1016 3579 1076 3634 illas
1092 3595 1123 3635 ac
1138 3580 1233 3636 dulces
1257 3581 1388 3653 lacrymas
1404 3581 1504 3637 iaciunt
1519 3582 1647 3639 allicere:
1667 3584 1813 3655 lacrymas,

162 3673 227 3745 tigit
255 3679 282 3728 et
309 3673 448 3742 imprimit,
471 3687 531 3725 cum
555 3671 589 3725 de
619 3672 748 3726 memoria
775 3672 960 3727 communium
1017 3669 1417 3742 quiadoloris;suaves‚quin
1444 3672 1544 3726 amoris
1556 3678 1582 3727 et
1607 3671 1713 3726 amoris
1735 3673 1814 3738 tui,o

162 3760 294 3816 bonorum
311 3762 444 3831 privatum
456 3759 480 3814 ei
495 3767 522 3814 et
536 3759 675 3829 proprium
692 3759 888 3815 commendans
897 3776 962 3832 gau·
1015 3761 1099 3813 Amor
1114 3776 1121 3825 ;
1137 3758 1180 3813 oui
1195 3759 1286 3813 dolere
1310 3774 1438 3832 magnum
1462 3760 1592 3832 gaudium
1608 3768 1659 3827 est,
1675 3760 1718 3816 cni
1745 3758 1814 3817 llere

163 3849 247 3914 dium,
260 3849 374 3921 gratiam
391 3849 416 3902 ei
432 3847 473 3901 sui
491 3846 594 3901 amoris
610 3847 744 3909 inluudit;
761 3848 885 3919 spiritum
901 3848 961 3916 ejus
1015 3862 1117 3919 magna
1131 3847 1279 3903 consolatio
1294 3857 1345 3913 est,
1362 3850 1390 3902 in
1405 3864 1457 3919 quo
1471 3851 1591 3922 gaudere
1607 3849 1814 3905 summabeati-

162 3937 216 3993 sibi
244 3938 391 4001 attrahens,
408 3944 434 3992 et
458 3950 537 3990 suum
563 3935 758 4003 infundensei,
782 3946 810 3991 ut
843 3937 961 3993 invicem
1016 3935 1079 3991 tudo
1096 3944 1147 3992 est.
1163 3936 1237 3992 lianc
1269 3937 1428 3992 sanititatem
1449 3938 1613 3993 consolantis
1634 3955 1665 3993 ac
1684 3938 1812 4007 dolentis,

161 4042 232 4083 unus
260 4026 372 4097 spiritus
399 4025 462 4078 sint.
491 4025 549 4079 Hoc
576 4026 671 4081 osculo
708 4026 835 4080 abeuntis
863 4026 960 4099 Sponsi
1014 4025 1143 4079 trahentis
1166 4032 1193 4080 ct
1220 4025 1362 4089 currentis,
1379 4024 1539 4095 alloquentis
1562 4034 1586 4081 et
1610 4026 1812 4096 respondentis,

162 4113 269 4186 Sponsa
284 4131 317 4169 ex
332 4121 408 4184 parte
423 4113 448 4166 in
464 4112 581 4169 cellariis
595 4115 755 4184 accepto,ad
767 4116 960 4185 perlectionem
1013 4113 1177 4169 blandientis
1206 4120 1232 4169 et
1246 4115 1372 4181 amantis,
1395 4115 1516 4169 continet
1530 4122 1586 4170 tota
1612 4115 1714 4170 Cantici
1730 4117 1813 4186 hujus

162 4202 385 4273 ejusctplenam
413 4209 552 4257 exarserat
581 4202 742 4257 suavitatem
762 4205 820 4258 :De
839 4219 891 4275 qna
907 4206 961 4260 Do·
1013 4208 1069 4256 tam
1085 4203 1229 4257 verborum
1245 4218 1327 4273 quam
1342 4204 1651 4274 gestorumprosecutio.
1665 4204 1705 4258 Fit
1718 4213 1813 4260 autem

160 4291 252 4347 minus
266 4291 300 4346 ad
316 4292 422 4345 Patrem
434 4305 573 4361 oranspro
584 4289 724 4362 discipulis
742 4312 747 4346 :
767 4316 778 4340 a
798 4292 875 4361 Volo,
893 4313 904 4343 r
922 4293 961 4347 in·
1011 4290 1118 4363 jugiter
1131 4291 1158 4343 in
1173 4290 1337 4345 conscientia
1351 4299 1377 4346 ct
1397 4292 1478 4347 corde
1500 4291 1621 4363 Sponsae,
1643 4309 1814 4365 quacunque

161 4379 232 4452 quit,
252 4401 263 4425 ν
281 4380 369 4444 Pater,
385 4385 414 4433 nt
427 4377 495 4433 sicut
507 4393 560 4452 ego
574 4387 599 4433 et
619 4388 646 4434 tu
660 4396 745 4435 unum
762 4398 869 4447 sumus,
882 4381 919 4436 ita
934 4387 960 4436 et
1013 4380 1061 4434 illa
1076 4388 1125 4446 est,
1143 4377 1303 4434 effrrndentis
1317 4395 1409 4435 coram
1425 4380 1542 4435 Domino
1557 4381 1613 4436 Deo
1624 4397 1673 4437 suo
1689 4381 1812 4437 animam

159 4467 213 4540 ipsi
228 4469 258 4522 in
287 4467 367 4522 uobis
394 4483 476 4520 unum
504 4467 556 4521 sint
568 4466 661 4539 (doen.
678 4471 755 4539 xvir),
775 4492 786 4518 r
804 4477 832 4524 ut
850 4470 958 4524 dilectio
973 4453 999 4514 D
1014 4476 1143 4536 suamet
1165 4484 1226 4522 cum
1242 4469 1343 4540 gaudio
1357 4468 1498 4537 audientis,
1513 4468 1578 4540 qnid
1602 4469 1766 4542 loquaturin
1778 4487 1813 4528 ea

161 4573 213 4628 qua
223 4557 340 4611 dilexisti
364 4571 408 4610 me
419 4557 445 4609 in
461 4555 499 4609 cis
514 4554 558 4622 sit,
570 4565 595 4610 ct
610 4573 662 4628 ego
687 4557 713 4611 in
730 4559 777 4613 eis.
791 4557 888 4626 Quint
905 4557 957 4612 nisi

159 4662 221 4717 qua
234 4645 267 4700 de
281 4645 449 4716 plenitudine
477 4644 537 4714 ejus
565 4656 716 4716 acceperat,
734 4655 758 4702 et
775 4649 890 4719 gratiam
906 4661 957 4718 pro

159 4735 247 4807 gratia
261 4734 354 4804 (doce.
369 4736 400 4804 t),
413 4735 466 4790 hoc
480 4741 519 4790 est
546 4734 661 4806 gratiam
686 4736 785 4791 amoris
799 4751 849 4807 pro
868 4735 957 4810 gratia

158 4821 233 4889 lldei,
243 4821 331 4893 ipsam
344 4823 401 4893 jam
415 4823 611 4893 plenitudinem
633 4825 818 4891 desiderabat,
833 4826 956 4897 plenitu-

157 4909 249 4965 dinem
279 4910 393 4981 Spiritus
420 4912 519 4976 sancti,
537 4913 582 4982 qni
606 4914 694 4968 unitas
723 4923 765 4969 est
791 4917 819 4969 et
847 4913 956 4969 dilectio

156 4998 243 5054 Patris
258 5006 285 5054 et
299 4998 374 5064 Filii,
391 5000 555 5072 plenumque
566 5002 592 5054 in
606 5001 861 5073 eogarrdium,quod
874 5018 955 5058 nemo

157 5087 233 5144 tollat
246 5087 280 5141 ab
296 5103 327 5142 ca
342 5089 485 5144 ‘tDissolri
500 5090 619 5156 volebat,
636 5093 737 5144 classe
761 5106 823 5145 cum
840 5090 953 5158 Christo,

156 5193 219 5259 post
233 5184 330 5240 summi
360 5184 425 5238 boni
439 5193 547 5257 gustum
571 5201 730 5256 permanere
744 5185 797 5239 sibi
825 5184 852 5238 in
873 5200 955 5241 carne

157 5299 211 5338 non
223 5283 356 5338 arbitrans
367 5298 431 5338 esse
445 5283 628 5338 necessarium
649 5284 783 5356 (Philipp.
799 5283 829 5354 t).
845 5284 954 5338 Discant

156 5380 202 5453 qni
229 5396 284 5437 non
311 5382 485 5438 didicerunt:
508 5390 700 5439 convertantur
731 5383 766 5438 ad
795 5382 952 5453 ridendum,

154 5475 219 5535 liant
242 5480 340 5537 curiosi
366 5481 401 5537 ad
429 5481 626 5552 experiendum
656 5480 793 5553 quomodo
807 5481 954 5539 actitentur

157 5566 218 5639 aaa
244 5576 273 5635 tn
301 5578 508 5640 marauna
530 5577 574 5639 rel
601 5578 764 5660 coaeterua
790 5590 883 5641 rerunt
907 5576 954 5654 qul

1011 4557 1143 4612 Dominus
1157 4557 1239 4611 Deus.
1252 4556 1402 4611 collocutio
1416 4566 1505 4612 autem
1530 4559 1626 4628 Sponsi
1643 4567 1669 4614 et
1696 4559 1812 4631 Sponsae

1010 4645 1194 4701 testimonium
1214 4653 1264 4709 est,
1277 4660 1310 4700 ac
1324 4645 1431 4701 devotio
1451 4647 1623 4704 conscientiae
1648 4648 1718 4704 bene
1738 4647 1810 4706 affe·

1011 4743 1076 4803 ctae3
1092 4751 1152 4789 oum
1164 4732 1336 4789 testificatum
1363 4734 1476 4804 Sponsae
1492 4735 1613 4805 Sponsus
1632 4736 1659 4791 in
1674 4737 1813 4793 cen-‚cien-

1010 4823 1047 4878 tia
1063 4839 1111 4878 sua
1144 4823 1271 4877 meritum
1287 4837 1373 4891 sunm,
1391 4830 1416 4877 et
1441 4822 1556 4894 Sponsae
1576 4824 1684 4881 devotio
1700 4841 1755 4882 non
1769 4827 1812 4881 in-

1010 4921 1087 4984 grata
1103 4910 1190 4967 reddit
1205 4912 1312 4983 Sponso
1325 4911 1448 4967 debitum
1463 4913 1572 4984 pietatis
1587 4912 1727 4971 affectum.

1045 5029 1161 5098 Egressa
1176 5044 1242 5102 ergo
1257 5030 1362 5100 Sponsa
1377 5043 1393 5082 a
1411 5028 1530 5084 cellariis
1544 5030 1636 5102 Regis,
1653 5047 1707 5101 quo
1723 5031 1813 5088 tuerat

1008 5116 1162 5173 introducta
1182 5120 1216 5171 ad
1232 5116 1443 5188 contemplanda
1471 5118 1567 5188 Sponsi
1591 5119 1730 5186 amabilia,
1749 5128 1811 5176 etn

1008 5205 1138 5261 bonorum
1154 5222 1246 5261 eorum
1261 5214 1343 5278 gustu
1358 5213 1385 5260 at
1410 5206 1530 5276 jucunda
1554 5209 1731 5279 experientia,
1743 5208 1804 5277 jam

1008 5309 1062 5350 non
1077 5296 1130 5350 nisi
1145 5295 1233 5366 ipsum
1243 5294 1401 5350 desiderans
1413 5297 1570 5366 amabilem,
1582 5312 1723 5368 quemsna
1732 5311 1809 5352 cont·

1010 5385 1141 5440 mendant
1160 5384 1299 5452 amabilia,
1315 5392 1427 5456 accepto
1454 5386 1570 5456 pignore
1594 5385 1721 5456 Spiritus,
1735 5382 1809 5441 deti-

1007 5481 1083 5540 eiens
1099 5481 1128 5539 in
1155 5483 1272 5539 salama
1285 5481 1345 5537 Dei.
1367 5482 1468 5549 Taedet,
1491 5482 1588 5553 inquit,
1604 5481 1738 5549 inanium,
1754 5482 1807 5539 ab·

1008 5587 1087 5642 unta
1113 5580 1232 5656 Sponte,
1261 5578 1433 5638 cellnncrttm
1459 5581 1568 5653 boram,
1583 5579 1807 5655 quatiattmram
