3728 6000
98 206 129 259 at
462 207 509 264 DE
529 205 826 264 nusttuntttunuc
847 208 1002 264 labaala
1022 207 1213 264 statuam}
1233 207 1385 265 TORNAC.
1717 211 1752 277 62

132 332 181 384 33.
201 330 269 386 Erat
294 339 358 388 tuuc
377 331 488 405 quidam
505 331 652 387 balduinus
670 333 897 388 comcsllonten-
914 331 944 407 A
958 332 1031 399 riret,
1047 333 1102 400 ille,
1116 333 1261 406 diligenter
1271 333 1377 407 singula
1391 333 1569 390 discurrendo
1583 350 1750 408 proponens,

99 419 145 484 sis,
162 429 295 489 quantum
311 438 359 476 sua
373 429 440 477 aetas
463 421 614 493 patiebatur
626 421 691 476 satis
711 430 837 477 strennus
852 439 897 477 ar-

98 508 157 574 rnis,
177 511 260 579 cujus
283 518 381 566 atavus
405 510 491 566 luerat
515 510 560 566 ille
585 519 757 566 constructor
780 512 898 568 coenobii

104 599 311 666 llasnoniersis,
328 600 382 669 qui,
398 604 428 654 ut
449 618 530 672 supra
552 600 651 656 dictum
676 608 724 668 est,
741 602 898 657 llicheldem

99 688 274 743 comitissam
302 691 468 745 llontensem
496 689 643 762 conjugem
667 690 898 757 ducens,utrnm·

102 792 150 846 que
178 779 336 833 comitatum
365 785 498 845 tenuerat,
522 778 715 834 Flandrenscm
744 779 846 835 scilicet
874 787 900 835 et

104 866 287 933 llontensem,
304 867 403 938 quique
420 868 454 923 de
477 867 572 924 eadem
589 867 723 923 Richclde
746 868 814 923 duos
828 868 898 924 filios

108 954 210 1026 genuit,
227 955 386 1020 Ernurlum,
403 956 448 1027 qui
464 957 532 1027 patri
548 956 723 1012 succedensa
740 965 834 1028 patruo
849 972 898 1012 suu

109 1041 223 1098 lieberto
237 1042 337 1098 Caslrti
357 1053 397 1099 εει
411 1045 527 1111 occisus,
543 1053 569 1099 et
593 1045 752 1100 Balduinnm
774 1045 897 1115 quicum

106 1138 185 1186 matre
211 1148 261 1186 sua
290 1135 460 1188 llontcnsern
488 1133 645 1189 comitatum
675 1134 769 1202 tenuit,
790 1151 897 1207 unoque

107 1217 153 1275 llio
181 1221 317 1276 Balduino
345 1222 450 1294 genito,
474 1222 730 1294 ierosolymitanum
756 1222 808 1277 iter
835 1239 897 1279 cum

108 1307 158 1362 aliis
171 1310 340 1382 principibus
355 1311 382 1365 in
405 1311 538 1383 principio
553 1311 665 1380 exstitit,
689 1311 760 1367 unde
781 1310 896 1367 necdum

108 1396 187 1466 rediit,
212 1407 240 1454 et
268 1407 358 1454 utrum
390 1400 497 1456 occisus
524 1417 558 1455 an
586 1408 680 1471 captus
708 1399 787 1455 luerit
814 1417 897 1471 usque

109 1485 178 1541 bodie
192 1487 254 1542 sciri
273 1487 411 1559 nequivit,
427 1488 497 1543 lilius
513 1505 579 1545 vero
593 1490 651 1557 ejus
672 1488 817 1544 Balduinus
834 1506 896 1546 curn

111 1576 294 1631 comealactus
319 1575 422 1644 luisset,
437 1578 584 1634 Clementia
609 1579 782 1634 Flandrensis
806 1578 895 1634 comi-

953 422 980 476 in
996 421 1082 494 primo
1097 423 1205 494 quidem
1219 423 1348 494 conjugio
1369 423 1489 477 nonnisi
1511 423 1597 479 solum
1611 424 1749 494 jusjuran-

953 511 1017 566 dum
1041 510 1154 579 factum,
1176 511 1203 565 in
1229 512 1350 567 secundo
1375 528 1439 567 vero
1460 520 1486 566 et
1507 513 1706 581 jusjurandum,
1724 523 1750 570 et

952 600 1199 670 desponsationem,
1229 609 1254 656 et
1283 601 1440 672 praesbytcri
1470 601 1696 666 benedictionem,
1722 611 1748 659 et

952 690 1088 746 solemnes
1103 691 1219 761 nuptias,
1236 698 1376 761 postremo
1389 692 1526 760 utriusque
1538 692 1748 762 copulationem,

952 779 1087 850 integrum
1112 780 1312 833 matrimonium
1335 780 1433 834 factum
1455 796 1514 834 esse
1535 780 1640 843 intulit;
1654 782 1751 852 prola-

952 869 1042 938 tisque
1063 883 1203 923 canonum
1225 869 1341 924 diversis
1357 869 1490 939 capitulis,
1507 870 1660 924 secundum
1677 885 1749 925 con·

948 955 1056 1027 Jugium
1077 956 1188 1010 ulterius
1203 973 1257 1011 nou
1278 973 1355 1027 posse
1380 957 1505 1024 dissolvi,
1520 958 1554 1012 de
1580 958 1664 1028 priori
1678 974 1748 1014 vero

951 1045 1068 1116 perjurio
1096 1046 1284 1116 penitentiam
1306 1047 1398 1103 comiti
1423 1047 1522 1102 debere
1551 1046 1654 1116 imponi
1683 1047 1751 1103 sub-

947 1132 1048 1203 junxit.
1071 1134 1120 1189 Cui
1147 1135 1288 1190 sententiae
1309 1151 1378 1206 papa
1403 1151 1463 1191 cum
1488 1135 1679 1191 cardinalibus
1705 1153 1752 1192 aa·

951 1222 1092 1292 sentiente,
1110 1224 1280 1296 reversisque
1295 1224 1395 1278 nuntiis
1418 1224 1446 1277 in
1464 1224 1603 1279 Franciam
1629 1240 1691 1279 cum
1705 1224 1752 1278 lit«

951 1311 1017 1366 teris
1045 1312 1209 1383 apostolicis,
1239 1319 1303 1369 tunc
1337 1312 1448 1385 quidem
1485 1328 1577 1367 comes
1607 1313 1752 1368 Balduinus

950 1400 1093 1456 exsultavit
1116 1392 1257 1457 totenuein
1284 1402 1336 1455 sibi
1353 1400 1541 1470 remansisse,
1568 1402 1658 1472 puella
1686 1417 1752 1457 vero

950 1488 1036 1546 doluit
1049 1507 1077 1545 se
1100 1491 1208 1546 comitis
1223 1491 1350 1563 conjugio
1374 1492 1510 1562 privatam
1535 1490 1629 1558 luisse,
1644 1491 1691 1546 sed
1705 1507 1751 1547 re-

952 1588 1035 1651 pente
1050 1580 1199 1635 miserabili
1215 1580 1332 1646 lortuna,
1349 1581 1403 1635 imo
1415 1581 1463 1636 Dei
1479 1580 1670 1636 misericordia
1685 1579 1752 1635 sub-

112 1663 167 1718 tissa
183 1673 211 1719 nt
227 1665 365 1737 quandam
380 1667 497 1738 puellam
512 1675 620 1738 neptem
644 1683 721 1723 suam
746 1667 773 1722 in
796 1668 1242 1760 conju-Bsequente,l.uduvico
1269 1669 1327 1740 regi
1357 1671 1523 1725 Francorum
1552 1670 1680 1742 conjugio
1712 1676 1753 1724 est

116 1753 180 1826 giam
194 1756 331 1826 acciperet
349 1756 375 1811 ei
394 1757 488 1824 suasit,
505 1773 588 1826 seque
602 1773 664 1813 cum
679 1772 712 1812 ca
732 1757 806 1813 mille
821 1774 897 1813 mar·
953 1757 1089 1826 copulata,
1115 1759 1252 1830 hujusque
1281 1759 1326 1828 qui
1354 1775 1425 1814 nunc
1464 1775 1512 1814 rex
1544 1766 1584 1814 est
1611 1757 1751 1827 Ludorici‚

115 1843 170 1897 clas
183 1844 288 1916 argenti
313 1845 337 1899 ei
356 1843 480 1899 daturam
504 1845 638 1917 promisit.
655 1845 797 1902 Consensit
817 1848 897 1916 jure·
953 1846 1123 1918 aliorumque
1143 1847 1215 1919 regis
1235 1846 1351 1903 filiorum
1367 1856 1454 1902 mater
1468 1846 1573 1914 effecta,
1591 1848 1663 1919 quod
1678 1847 1753 1918 prius

112 1933 155 1997 nis,
174 1948 258 2004 seque
275 1949 336 1987 earn
357 1933 401 1989 die
423 1941 521 1989 statuta
542 1934 767 2004 desponsaturum
789 1935 896 2005 juravit,
952 1951 1008 1990 non
1022 1936 1170 2007 contigisse
1190 1934 1285 2001 doluit,
1302 1936 1364 1990 imle
1380 1936 1554 2007 postmodum
1575 1937 1753 1991 vehementer

113 2021 214 2093 parique
225 2021 307 2077 modo
319 2022 504 2091 juramentum
519 2023 739 2095 desponsationis
755 2024 790 2079 ab
805 2039 837 2079 ea
852 2040 900 2094 pu·
953 2026 1107 2089 exsultarit,
1124 2023 1255 2098 quoniam
1269 2024 1359 2096 magis
1377 2024 1459 2079 roluit
1473 2024 1527 2079 dici
1542 2030 1570 2079 et
1586 2041 1648 2079 esse
1666 2024 1751 2079 Fran-

113 2109 173 2164 blice
191 2125 282 2166 coram
297 2111 388 2166 multis
402 2111 513 2167 testibus
526 2113 641 2183 accepit.
659 2111 731 2168 lnlra
745 2129 812 2170 vero
826 2113 900 2169 diem
953 2129 1045 2168 corum
1061 2113 1156 2184 regina
1177 2129 1259 2184 quam
1274 2114 1424 2168 llontensis
1437 2112 1593 2168 comitissa.
1616 2113 1665 2167 llic
1684 2128 1752 2183 ergo

115 2206 235 2254 statutum
254 2199 373 2269 juranis,
389 2200 574 2272 praetermisso
587 2202 742 2269 juramento
764 2202 836 2274 quod
856 2203 898 2257 le·
954 2201 1103 2256 Balduinus
1117 2202 1151 2257 de
1166 2202 1277 2273 praelata
1291 2201 1404 2257 dolende
1423 2200 1519 2274 genuit
1532 2200 1614 2256 alium
1641 2200 1752 2255 llaldui·

117 2287 361 2354 reclamandam
402 2287 486 2345 liliarn
518 2289 633 2345 Gerardi
671 2290 899 2364 babinbergensis
953 2306 1031 2358 num,
1049 2298 1074 2346 et
1089 2290 1246 2347 lliclreldem
1261 2291 1395 2346 Everardi
1410 2289 1556 2346 castellani
1570 2289 1752 2346 Tornacensis

113 2377 208 2432 comitis
230 2393 346 2434 uxorem
361 2378 449 2433 duxit.
486 2378 563 2435 Unde
590 2379 729 2436 comitissa
756 2379 897 2446 trendens,
953 2379 1186 2452 conjugemQuia
1201 2396 1267 2452 ergo
1282 2380 1419 2438 llichcldis
1438 2379 1579 2435 Everardo
1595 2379 1674 2446 hujus
1689 2393 1753 2449 pro·

114 2465 568 2539 maximequiagermanumsuum
591 2467 742 2524 Guidoncm
760 2468 899 2523 Viennen-
952 2467 1048 2524 rinciae
1072 2469 1188 2540 principi
1211 2470 1311 2540 nupsit,
1341 2467 1408 2524 libet
1428 2468 1462 2523 de
1478 2469 1521 2522 illa
1536 2484 1586 2540 per
1609 2483 1752 2524 excessum
1805 2457 1810 2467 ’

113 2571 163 2610 sem
177 2555 414 2628 archiepiscopum
429 2556 537 2613 ridebat
553 2557 610 2628 jam
626 2573 725 2630 papam
741 2558 897 2614 Romanurn
951 2573 1045 2628 parurn
1062 2557 1170 2612 dicere.

116 2643 231 2700 allectum
246 2653 272 2700 et
291 2644 427 2701 Calirtum
450 2648 627 2706 nominatum.
645 2655 792 2718 conquesta
818 2653 858 2701 est
872 2646 898 2702 ei
987 2646 1031 2700 at.
1050 2646 1109 2700 Fuit
1123 2645 1193 2700 enim
1208 2647 1266 2701 brec
1281 2645 1419 2702 llicheldis
1434 2645 1504 2700 sicut
1518 2661 1619 2717 genera
1635 2643 1752 2699 nobilis-

112 2749 191 2806 pcnus
213 2750 327 2789 sauma
355 2734 460 2790 tantillo
487 2734 584 2790 comite
609 2736 691 2791 luisse
719 2736 892 2806 vilipensum.
951 2733 1030 2802 sima,
1054 2733 1092 2789 sic
1113 2734 1181 2788 facie
1209 2734 1442 2804 pulcherrimast
1472 2734 1499 2788 in
1528 2734 1631 2789 actibus
1660 2732 1751 2788 aaeculi

112 2821 228 2875 Protinus
245 2822 291 2877 ille
315 2822 410 2877 litteris
428 2822 541 2878 directis
558 2823 669 2879 mandat
692 2824 835 2894 Radulpbo
850 2839 897 2878 ar·
950 2838 1068 2894 nequam
1091 2822 1291 2888 strenuissima,
1307 2838 1367 2891 quae
1386 2822 1479 2895 genuit
1503 2822 1665 2876 balduinum
1689 2820 1753 2893 pul-

113 2909 276 2980 cbiepiscopo
303 2911 443 2976 llcmensi,
463 2927 497 2966 ne
510 2911 655 2983 perjurium
682 2913 748 2967 illud
776 2912 897 2968 dillerret
949 2911 1118 2967 cherrimum
1129 2919 1155 2966 et
1168 2911 1363 2966 nobilissimum
1378 2909 1596 2980 adolescentem;
1611 2911 1669 2973 sed,
1681 2909 1751 2965 beul

110 2996 203 3053 ulcisci.
228 2997 329 3053 Praesul
349 2999 503 3055 convocatis
525 3000 662 3074 episcopis
686 3008 712 3056 et
739 3001 894 3066 abbatibus,
949 2999 978 3054 in
996 2999 1063 3056 llore
1075 3000 1226 3071 juventutis
1242 2999 1315 3055 lebrc
1335 3007 1486 3070 correptus,
1505 3015 1566 3053 cnm
1593 3007 1679 3053 morte
1696 3013 1750 3067 pa·

110 3085 215 3156 aliisque
235 3086 430 3142 ecclesiasticis
446 3089 535 3144 multis
556 3089 693 3161 personis,
707 3091 836 3145 comitem
849 3062 934 3159 ιἰι-Ο
950 3096 1021 3144 ctum
1040 3088 1107 3155 iniit,
1131 3089 1307 3161 sepultusque
1327 3096 1368 3142 εει
1394 3088 1422 3142 in
1435 3089 1550 3144 claustro
1575 3095 1676 3143 saneta
1701 3085 1753 3144 Dei

110 3171 150 3229 bet
163 3175 255 3230 adesse
270 3182 296 3231 et
311 3175 346 3230 de
360 3177 486 3247 pactione
501 3177 621 3251 conjugii
636 3178 813 3250 respondere.
831 3179 897 3236 Con·
950 3178 1091 3250 genitricis
1106 3178 1214 3247 llariae;
1231 3177 1372 3234 llichcldis
1388 3193 1452 3233 vero
1465 3175 1632 3234 Ererardum
1647 3183 1674 3232 et
1691 3176 1751 3232 Go-

112 3262 221 3333 queritur
235 3264 385 3320 Clementia
401 3265 474 3336 quod
492 3276 599 3338 neptem
615 3283 691 3322 suam
707 3284 737 3323 se
751 3268 897 3340 conjugem
951 3268 1090 3324 defridum
1119 3266 1358 3338 liliosspeciosos,
1376 3274 1402 3321 et
1423 3264 1665 3321 Jolendemliliam
1689 3280 1752 3321 mo·

112 3360 272 3422 accepturum
303 3353 349 3409 die
378 3353 490 3426 praelixa
509 3354 687 3424 jurejurando
718 3357 895 3427 promisisset,
951 3355 1225 3429 riensreliquit.Qui
1242 3354 1752 3410 Ererarduscumadlrucaetatetener

111 3440 268 3514 subjungens
302 3459 331 3497 se
357 3443 507 3499 habituram
535 3443 599 3499 inde
628 3452 765 3501 trecentos
792 3445 898 3502 nobiles
952 3455 1035 3513 esset,
1052 3453 1148 3500 terram
1165 3445 1267 3515 paterni
1280 3445 1350 3514 juris
1366 3444 1588 3499 malefactoribus
1603 3441 1746 3497 abundan-

112 3529 195 3598 testes,
212 3531 234 3585 si
257 3530 309 3587 hnc
322 3546 428 3603 negare
448 3532 585 3589 voluisset.
610 3534 767 3606 Respondet
783 3534 897 3589 Baldui·
952 3534 1052 3590 tissime
1070 3533 1222 3605 subjectam
1244 3532 1372 3588 frendens
1386 3531 1515 3587 dentibus
1540 3531 1652 3586 nimium
1667 3530 1748 3586 indo·

112 3632 156 3671 nus
174 3635 203 3674 se
228 3635 279 3674 nec
293 3618 373 3686 velle,
389 3635 443 3676 nec
465 3637 544 3691 posse
563 3621 635 3693 quod
656 3623 760 3677 dixerat
784 3639 895 3694 negare,
952 3622 1129 3695 luithuibus
1143 3639 1204 3679 cum
1219 3621 1406 3693 indignatione
1427 3631 1454 3676 et
1467 3621 1508 3675 ira
1527 3621 1673 3693 evaginato
1688 3619 1753 3693 gla-

112 3707 226 3777 quoniam
254 3724 347 3764 rerum
376 3710 517 3764 constabat
544 3725 606 3764 eam
631 3709 740 3777 dixisse,
767 3719 898 3767 tamense
952 3711 1110 3780 dio,oculis
1134 3711 1246 3766 turbatis
1268 3710 1409 3781 asperitate
1431 3709 1570 3779 superbias
1594 3717 1620 3763 et
1640 3708 1753 3764 leritatis

110 3793 160 3864 jara
180 3795 260 3852 aliam
287 3798 434 3871 conjugem
459 3799 577 3866 duxisse,
593 3807 619 3856 et
637 3799 807 3856 solemnibus
821 3801 899 3856 lactis
952 3801 980 3856 in
995 3815 1077 3855 manu
1092 3800 1181 3856 valida
1196 3816 1258 3856 curn
1284 3799 1389 3870 impetu
1403 3798 1531 3855 velociter
1545 3798 1670 3864 occurrit,
1691 3812 1754 3853 om-

113 3884 213 3954 nuptiis,
235 3885 260 3941 ei
287 3886 421 3942 sociatum
449 3886 544 3955 luisse,
572 3903 605 3943 ac
634 3887 733 3944 deinde
760 3889 900 3962 subjunxit
954 3889 1233 3961 nesqueiubrevide
1258 3887 1432 3943 llnibussuis
1456 3887 1620 3953 exturbavit,
1637 3893 1752 3940 terram-

113 3973 234 4044 quidquid
247 3975 399 4044 judicatura
413 3976 513 4033 exinde
528 3976 897 4044 luisset,selactummlore.
954 3996 1005 4052 que
1031 3994 1109 4034 suam
1133 3979 1204 4050 paci,
1220 3986 1246 4034 et
1273 3993 1370 4048 pacem
1396 3984 1473 4032 terrae
1493 3974 1665 4033 reformarit.
1693 3976 1754 4030 Post

112 4061 185 4115 llulta
206 4079 288 4135 super
314 4065 357 4118 bis
382 4064 489 4133 judices
517 4065 633 4122 invicem
662 4066 847 4135 conferentes,
864 4068 899 4123 ad
953 4069 1012 4124 haec
1027 4076 1118 4124 autem
1132 4066 1214 4122 filiam
1231 4065 1365 4123 lamberti
1380 4064 1538 4121 Leodiensis
1553 4063 1751 4127 comitis,Gar-

112 4150 222 4206 ultimum
234 4167 285 4223 pro
308 4154 461 4209 reverentia
482 4154 584 4210 domini
607 4172 686 4227 papa
709 4155 833 4211 inducias
848 4173 894 4227 pe·
953 4157 1061 4212 tradem
1077 4156 1196 4222 nornine,
1213 4172 1327 4211 uxorem
1339 4155 1456 4226 accepit,
1473 4153 1508 4209 de
1522 4169 1577 4224 qua
1591 4152 1752 4208 llalduinum

112 4238 211 4307 tiemnt,
228 4249 256 4296 et
271 4249 301 4296 ut
316 4249 393 4298 tanta
407 4258 491 4298 causa
502 4243 608 4313 judicio
622 4246 681 4313 ejus
701 4246 793 4301 Romae
804 4246 898 4301 deler-
952 4244 1035 4300 lilium
1049 4245 1144 4318 genuit
1158 4263 1165 4300 ε
1181 4244 1301 4300 dolendis
1325 4258 1390 4300 vero
1405 4257 1482 4299 soror
1510 4242 1568 4312 ejus
1588 4239 1750 4297 Flandrensi

111 4336 190 4396 retur,
214 4334 373 4386 oraverunt.
397 4332 509 4388 Factum
527 4345 579 4399 est,
595 4334 708 4390 Romam
722 4336 779 4406 (ll)
795 4335 899 4404 perlata
952 4333 1073 4406 dapifero
1090 4334 1207 4407 Rogerio
1222 4333 1322 4404 nupsit.

111 4425 158 4484 cst,
182 4429 367 4475 conuenerunt
386 4420 547 4487 cardinales,
564 4431 590 4478 et
612 4422 744 4478 voluntati
766 4439 844 4493 papa
858 4422 936 4482 ιιι-[ι
988 4427 1030 4478 35.
1047 4425 1126 4479 Nunc
1150 4431 1239 4478 autem
1258 4423 1292 4478 de
1316 4421 1450 4478 Balduino
1477 4419 1612 4476 Montensi
1641 4418 1750 4485 comite,

110 4513 208 4573 sentes,
236 4508 350 4578 primam
378 4508 470 4576 iidem,
499 4511 576 4580 juxta
603 4511 771 4581 Apostolum,
797 4510 899 4566 irritam
953 4511 1080 4583 quipatri
1104 4527 1151 4568 suo
1179 4511 1312 4566 Balduino
1333 4511 1361 4566 in
1385 4519 1463 4566 aetate
1483 4508 1597 4580 juvenili
1617 4507 1750 4564 defuncto

110 4593 163 4650 aine
176 4595 351 4653 damnatione
364 4612 418 4655 non
432 4614 517 4670 posse
532 4599 725 4671 fieri,ideoque
741 4615 801 4655 eam
817 4616 897 4673 quam
952 4609 1129 4668 successerat,
1145 4609 1171 4656 et
1185 4600 1291 4656 comitis
1304 4599 1499 4656 Namurcensis
1512 4613 1671 4671 germanam
1685 4611 1749 4651 con-

109 4683 190 4753 primo
208 4687 351 4754 iteraverat
372 4687 519 4762 conjugem
543 4689 644 4744 debere
673 4689 734 4745 duci
762 4689 897 4745 decerne-

109 4771 178 4828 bant.
193 4775 297 4831 Interea
320 4776 430 4850 quidam
449 4793 559 4851 magnae
581 4778 748 4834 auctoritatis
770 4779 897 4836 cardina-

107 4861 145 4929 lis,
159 4865 272 4921 nornine
285 4866 374 4921 Bruno
388 4866 457 4939 (lu),
475 4867 522 4940 qui
544 4868 651 4924 caeteris
672 4869 781 4923 diversa
800 4868 896 4924 dicen-

106 4950 171 5008 tibus
195 4953 307 5009 omnino
337 4953 509 5024 reticebata
537 4972 608 5027 papa
627 4957 790 5012 sententiam
818 4973 896 5012 suam

104 5039 190 5097 dicere
207 5044 398 5110 commonitus,
416 5045 557 5117 respondit
572 5063 602 5101 se
616 5045 731 5101 aliorum
747 5046 826 5103 dictis
840 5062 896 5101 nou

103 5140 328 5203 repugnaturum.
344 5133 396 5189 Ubi
416 5150 481 5190 vero
504 5151 575 5206 papa
596 5135 621 5191 ei
648 5151 698 5207 per
713 5135 894 5190 obedientlam

100 5220 227 5292 pracepit
241 5228 279 5287 ut,
295 5221 318 5276 si
333 5221 398 5292 qutd
413 5239 496 5295 super
510 5223 563 5280 hoc
577 5240 672 5281 revera
687 5224 810 5294 sentiret,
826 5240 895 5296 ape·

136 5370 194 5441 (l'l)
214 5372 341 5429 Romam.
358 5372 388 5427 ld
404 5379 453 5437 εει,
469 5373 502 5428 ad
517 5374 617 5429 curiam
630 5375 791 5442 Romanam,
803 5381 831 5429 ιιι
846 5388 897 5445 ego

102 5441 229 5498 arbitror.
242 5444 373 5499 Nondum·
384 5445 457 5500 enim
473 5445 596 5502 Callistus
610 5447 704 5503 Romae
719 5446 817 5501 lucrat.

137 5517 192 5586 (ta)
214 5515 318 5575 bruno.
335 5516 366 5572 ld
387 5524 430 5575 eat
451 5518 540 5575 bruno
555 5517 699 5591 episcopus
714 5517 851 5590 signinus,
868 5523 899 5572 ut

949 4688 1043 4761 jugem
1066 4690 1188 4755 duxerat,
1201 4689 1261 4758 jam
1283 4689 1443 4745 adolescens
1458 4687 1594 4759 milesque
1622 4695 1751 4741 strenuus

951 4787 1018 4845 erat,
1035 4778 1143 4850 quando
1166 4778 1261 4834 Carolo
1284 4778 1408 4849 principe
1424 4777 1533 4832 viduata
1548 4783 1590 4830 est
1613 4773 1750 4839 Flandria,

949 4883 1034 4940 pauca
1049 4867 1230 4937 explicemus.
1250 4866 1299 4920 llic
1321 4882 1388 4938 ergo
1405 4864 1556 4920 balduinus
1571 4863 1685 4919 audiens
1707 4879 1751 4919 re-

949 4973 1013 5029 gem
1034 4958 1197 5012 Francorum
1220 4955 1380 5009 Atrebatum
1400 4955 1518 5022 venisse,
1534 4962 1561 5008 et
1584 4952 1618 5007 tle
1643 4951 1750 5008 consti·

950 5045 1050 5100 tuendo
1066 5044 1198 5100 Flandriaa
1214 5044 1313 5100 comite
1328 5044 1473 5099 consilium
1489 5058 1624 5112 quaerere,
1639 5057 1748 5098 assum·

950 5133 1002 5205 ptis
1013 5149 1104 5189 secum
1124 5133 1260 5188 nobilibus
1276 5140 1302 5188 et
1316 5131 1483 5202 sapientibus
1499 5138 1580 5186 terrae
1596 5146 1655 5186 suae
1671 5128 1751 5202 prin-

951 5223 1066 5293 cipibus,
1082 5238 1176 5295 regem
1204 5221 1279 5289 adiit,
1304 5236 1385 5277 avum
1411 5237 1492 5277 suum
1518 5220 1689 5286 balduinum,
1706 5217 1753 5290 qui

953 5373 1061 5501 gaggam.
1079 5373 1146 5430 Vide
1161 5372 1322 5431 chronicon
1338 5373 1450 5431 Cassia.
1466 5373 1514 5432 lib.
1531 5387 1609 5440 1r,c.
1625 5371 1670 5441 at,
1687 5386 1751 5449 pag.
