3728 6000
168 264 220 319 sua
661 260 696 318 o.
716 258 848 318 ,incunt
868 256 1097 317 scuomsrrm
1116 256 1329 319 laoniensis
1383 216 1399 223 '⁵
1768 268 1821 324 arr.

167 387 238 442 nihil
252 386 277 442 ei
299 385 480 458 praejudicant
499 386 589 444 aliena
611 393 761 457 peccata.»
788 384 858 457 Quia
877 401 963 442 unus·
980 387 1081 452 Aest:
1098 386 1225 461 Laqueus
1234 386 1481 457 iuuenumomnes
1498 390 1768 463 coelicorum).
1787 392 1825 449 lit

168 477 283 546 quisque
299 491 367 531 onrrs
391 493 468 532 suurn
493 476 522 531 in
544 493 578 532 ea
609 475 737 548 portabit,
760 476 970 549 etquicunque
1022 489 1146 529 rursum:
1164 475 1328 532 Maledictus
1346 493 1418 548 puer
1437 485 1554 537 centum
1577 497 1722 538 annorum
1747 482 1819 551 (isa.

166 565 384 621 manducaverit
394 580 494 636 corpas
505 565 612 622 dlrrlati
626 564 751 637 indigne,
763 563 906 637 judicium
915 563 969 620 ribi
1021 576 1084 628 axv,
1099 562 1134 618 20
1147 563 1168 636 l.
1187 563 1270 631 Ecce,
1286 572 1315 621 ut
1328 565 1513 624 auctoritatem
1530 569 1689 637 habeamus,
1705 584 1759 626 uos
1773 584 1822 625 re·

167 652 326 709 manducat
339 656 369 709 et
386 651 456 709 bibit
472 653 497 721 (l
511 651 570 711 Cor.
592 667 634 720 ιι,
651 655 709 716 illl.
732 653 799 709 Cum
823 651 889 708 dicit
904 650 967 719 sibi,
1021 650 1115 724 gulam
1127 660 1155 707 et
1168 661 1308 724 precepta
1330 663 1490 713 sanctorum
1512 658 1546 713 ad
1562 673 1717 731 congruum
1732 666 1760 714 et
1775 674 1821 715 re·

167 741 234 796 satis
244 740 361 797 ostendit
374 739 438 813 quia
455 757 510 798 oon
525 741 613 810 alteri,
628 741 677 798 sed
691 741 744 797 sibi
758 759 765 796 :
780 745 869 813 portat
895 738 968 796 enim
1021 754 1081 795 rum
1100 737 1266 797 intellectum
1280 756 1362 813 posse
1380 745 1555 818 restringere,
1577 746 1651 819 quod
1667 746 1768 803 Paulus
1781 747 1823 803 di·

165 829 255 886 malus
269 843 381 886 causam
404 846 505 895 suam;
524 846 574 887 uec
594 829 755 902 praejudicat
778 829 864 896 alteri,
887 845 968 903 quem
1021 829 1059 885 cit
1073 829 1198 886 absolute
1225 837 1254 886 et
1284 832 1362 903 quasi
1388 834 1592 893 universaliter.
1609 859 1621 885 ι
1638 836 1704 893 liae
1719 834 1822 909 Grego-

166 918 193 975 in
208 918 388 975 consensione
403 919 467 975 mali
493 919 585 990 operis
600 935 655 976 uon
678 918 762 976 habet
784 919 888 976 socium
911 917 967 975 cri·
1021 917 1143 975 riusnou
1158 918 1193 974 ad
1207 935 1316 989 omnes,
1330 921 1379 978 sed
1394 923 1526 994 quasdam
1551 932 1657 981 tautum
1680 924 1821 986 seniorum

165 1008 257 1063 minis.
1020 1008 1116 1080 culpas
1130 1024 1185 1065 non
1199 1009 1379 1082 increpandas
1390 1013 1540 1086 restringit.

203 1128 267 1181 Cau.
283 1124 365 1181 XLV.
398 1127 474 1195 Quod
500 1127 718 1198 perlectionem
746 1133 788 1184 cst
814 1125 968 1183 descrendo
1020 1157 1085 1213 CM..

398 1199 540 1254 ,naporum
555 1198 737 1254 cohabitatio·
1101 1158 1221 1213 xcviii
1245 1159 1320 1229 Quod
1328 1165 1476 1218 stennocct
1484 1162 1575 1229 bortis,
1589 1163 1645 1219 etsi
1658 1176 1820 1223 sacramen·

1088 1234 1118 1285 tc
1133 1245 1197 1285 cum
1207 1231 1388 1288 rncltscticm
1403 1234 1754 1306 cognitiscomrnunicent.

198 1322 275 1378 Unde
291 1320 457 1376 Afflbffisius
467 1321 535 1392 (ἰΙηο
550 1322 649 1394 Greg,
664 1321 712 1381 lib·
725 1338 732 1377 ¹
749 1323 862 1389 millu
878 1338 902 1378 ⁰·
920 1323 964 1392 ¹)2
1056 1336 1110 1392 Sed
1125 1344 1154 1392 ut
1167 1337 1228 1394 haec
1242 1337 1316 1393 dicte
1331 1339 1394 1407 sint,
1416 1340 1450 1396 do
1473 1339 1616 1397 toleranda
1636 1341 1683 1398 vet
1711 1342 1821 1399 uitanda

165 1435 176 1461 a
193 1412 255 1466 Non
270 1419 314 1466 est
327 1411 408 1467 valde
429 1410 569 1468 laudabile
594 1411 693 1466 bonum
714 1427 776 1467 ease
793 1426 853 1468 cum
877 1410 964 1480 bonis,
1019 1424 1218 1482 coggbpquone
1234 1427 1376 1494 mamm,
1396 1428 1460 1500 quid
1476 1431 1623 1486 mendum
1638 1440 1679 1486 ρει
1691 1431 1726 1488 de
1741 1446 1819 1488 00⁰1.

162 1500 211 1556 Sed
225 1501 328 1555 h⁰¹¹¹¹¹¹¹
349 1515 408 1555 ⁰⁵⁵0
429 1516 490 1554 ⁰⁰¹⁰
515 1500 605 1555 malis·
632 1501 706 1556 5¹⁰⁸ss
730 1500 804 1555 enlm
829 1499 965 1572 diatim
1017 1513 1225 1585 participatione
1239 1525 1475 1573 sacramentorum
1496 1533 1559 1575 cum
1575 1519 1655 1575 illis?
1681 1520 1818 1591 Augusti-

160 1589 250 1660 culpm
265 1598 306 1645 est
320 1589 389 1643 inter
404 1589 491 1644 bonos
507 1589 607 1644 bonum
623 1605 677 1644 non
691 1605 761 1655 esse,
783 1589 819 1644 ita
836 1588 964 1644 immensi
1018 1619 1068 1657 nus
1083 1611 1176 1659 ,onim
1190 1604 1363 1661 pompm„
1387 1629 1398 1653 ,
1415 1606 1492 1674 Quos
1513 1607 1649 1680 miger,
1665 1623 1723 1663 110„
1742 1606 1820 1663 pale.

161 1686 203 1734 est
215 1678 357 1748 praeconii,
373 1677 474 1734 bonurn
491 1678 571 1733 otiam
591 1679 663 1733 inter
683 1678 770 1733 malos
785 1677 930 1733 exstitisse.
949 1699 961 1727 ι
1018 1708 1088 1759 τηυξ,
1104 1693 1210 1748 epuns,
1227 1695 1378 1750 necessita,
1392 1696 1537 1768 cogpgppo
1553 1696 1643 1752 ,glute
1658 1705 1817 1753 mmmm

160 1767 194 1821 Εῑ
209 1767 268 1822 ¹¹ae⁰
282 1766 392 1836 quidem
407 1766 532 1821 videniur
541 1764 666 1822 suffioeie
681 1767 716 1821 id
730 1765 902 1837 probandum
917 1766 963 1820 5¹²·
977 1746 1003 1807 Β
1017 1791 1047 1836 ut
1060 1780 1110 1836 Dei
1132 1790 1301 1838 sacramenta
1328 1783 1470 1839 uobiscum
1491 1785 1694 1843 communicent
1715 1786 1819 1843 tolere-

159 1860 269 1910 noxiam
294 1855 526 1911 cohabitationem
548 1855 692 1922 malorum,
719 1853 743 1909 si
767 1854 827 1926 quis
849 1854 882 1909 ud
905 1855 964 1912 haec
1017 1886 1088 1927 mus,
1107 1871 1227 1927 Peccatis
1242 1879 1335 1927 igme„
1361 1888 1454 1928 eorum
1479 1889 1534 1929 „011
1557 1875 1818 1931 communimus:

160 1943 237 1999 soriis
251 1951 302 2013 081,
320 1952 347 2000 Gi
362 1944 495 2000 &hibere
509 1944 595 2016 pOSSii
608 1945 649 2001 018
671 1943 841 2016 patiemim,
861 1951 887 1999 eb
908 1959 964 2000 110ss
1018 1960 1092 2031 quod
1106 1975 1161 2015 110ss
1175 1958 1204 2014 fil
1220 1960 1273 2016 nisi
1288 1962 1485 2018 consentiendo
1498 1971 1525 2019 οι
1544 1962 1670 2020 favendo·
1686 1964 1817 2019 Commu.

159 2047 311 2090 assensum·

159 2178 226 2233 Car.
246 2175 345 2232 XLVI.
377 2176 454 2243 Quod
475 2175 647 2248 quibuslibet
668 2175 793 2243 infirmis
820 2176 964 2231 mulorum

194 2251 281 2305 etiam
296 2249 483 2320 corporaliter
497 2246 652 2319 deserendo
666 2251 736 2302 aunt
745 2247 811 2317 (63),
825 2260 862 2302 ne
874 2244 908 2301 ab
923 2245 964 2300 eia

193 2324 427 2392 corrumpentur.

1018 2050 1064 2104 nio
1083 2047 1217 2105 malorum
1238 2065 1293 2106 uon
1320 2051 1440 2107 maculat
1469 2051 1587 2122 aliquem
1610 2051 1819 2125 participatione

1017 2147 1258 2206 sacramentorum,
1282 2139 1330 2195 sed
1352 2141 1532 2197 consensione
1554 2141 1698 2199 tactorum.
1719 2164 1731 2191 r
1751 2143 1818 2198 ltem

1017 2228 1183 2299 Augustinus
1196 2228 1231 2283 ad
1248 2228 1395 2284 Emeritum
1412 2230 1502 2301 (epist.
1520 2233 1564 2298 st,
1580 2248 1609 2286 n.
1624 2231 1668 2302 2):
1688 2230 1819 2287 «Ettttutt

1017 2324 1127 2372 nonest
1143 2317 1295 2384 tacendum,
1311 2317 1393 2374 etiam
1418 2319 1543 2390 cognitos
1567 2320 1655 2376 malos
1669 2320 1750 2376 bouis
1764 2336 1818 2376 uon

196 2414 224 2471 Si
244 2431 309 2472 uero
324 2415 460 2486 impotens
474 2422 524 2483 est,
540 2412 608 2485 quin
623 2430 717 2469 eorum
733 2412 962 2485 suggestionibus
1018 2405 1116 2462 obesse
1130 2405 1158 2461 iu
1174 2405 1305 2476 Ecclesia,
1316 2407 1338 2462 si
1353 2423 1400 2464 eos
1415 2425 1432 2462 a
1445 2411 1639 2466 communione
1653 2408 1816 2481 prohibendi

124 2496 129 2509 ‘
158 2504 203 2559 vel
221 2504 356 2574 exemplis
369 2503 528 2558 sollicitetur
541 2502 576 2557 ad
600 2502 715 2571 malum,
744 2503 838 2558 audiat
867 2502 960 2558 Isido-
1017 2502 1063 2549 aul
1076 2503 1196 2566 potestas
1211 2495 1293 2558 desit.
1309 2504 1357 2551 aut
1371 2496 1463 2568 aliqua
1478 2497 1547 2552 ratio
1564 2497 1750 2568 inpedienda
1765 2513 1816 2569 po-

157 2607 235 2647 rum:
255 2617 265 2639 ι
283 2591 316 2645 lli
330 2591 376 2662 qui
400 2607 546 2661 supernam
570 2590 688 2663 patriam
708 2590 874 2656 desiderent,
904 2605 959 2645 non
1016 2583 1055 2639 cis
1068 2582 1206 2655 impediat.
1226 2603 1237 2633 a
1255 2585 1322 2639 item
1338 2584 1373 2639 ad
1389 2585 1537 2640 Emeritum
1552 2587 1595 2656 (n.
1610 2585 1638 2657 3)
1654 2603 1660 2639 :
1676 2608 1687 2633 α
1706 2587 1818 2641 Maniie

156 2680 244 2735 solum
270 2679 403 2735 matorum
426 2695 526 2748 mores,
548 2678 596 2734 sed
620 2687 647 2735 et
674 2679 813 2735 consortia
842 2677 959 2750 tugiunt,
1016 2679 1086 2726 stum
1107 2678 1213 2727 estnon
1237 2672 1287 2728 hoc
1310 2671 1384 2728 inlici
1399 2672 1552 2742 hominem,
1576 2673 1649 2747 quod
1674 2674 1817 2730 estmelus

157 2768 186 2825 Si
201 2768 274 2823 enim
290 2767 375 2823 fueris
388 2767 604 2824 conversationis
626 2767 759 2823 bonorum
788 2767 890 2836 socius,
908 2767 962 2822 eris
1015 2759 1161 2831 quisquam
1176 2775 1237 2816 cum
1256 2761 1359 2832 quoad
1376 2762 1459 2816 altare
1479 2763 1629 2829 acceditur,
1647 2763 1816 2818 028185100·

157 2858 333 2913 elvirtutum
355 2872 459 2913 eorum.
492 2856 598 2911 Similis
624 2856 698 2912 enim
726 2856 808 2912 simili
830 2856 960 2927 conjungi
1014 2849 1128 2920 enimsi
1154 2849 1177 2903 ³5
1199 2856 1289 2904 tamen
1314 2865 1368 2905 ¹¹0ss
1400 2851 1575 2922 approbatur,
1607 2859 1631 2908 ΕΙ
1658 2852 1733 2908 1³⁰0ss
1750 2866 1817 2908 ⁰0¹¹·

156 2946 235 3002 goteg
262 2945 452 3002 Periculosum
476 2953 515 3001 est
548 2947 632 3001 vitam
656 2961 719 3001 cum
743 2945 823 3000 malis
847 2945 958 3000 ducere.
1014 2936 1129 2993 scicntia
1148 2937 1318 3008 displicendo
1343 2948 1525 3010 separatum
1552 2939 1621 2997 llem
1645 2940 1674 2995 ia
1698 2940 1819 2996 homiliis

156 3034 340 3091 Perniciosum
358 3042 396 3089 est
414 3050 475 3090 cum
494 3034 537 3088 his
558 3034 604 3105 qui
631 3048 725 3104 prauae
740 3032 885 3088 uoluntatis
899 3040 960 3087 sunt
1014 3027 1092 3082 suis:
1112 3049 1122 3074 u
1139 3027 1172 3082 Ut
1190 3026 1302 3098 patioris
1326 3029 1407 3083 otiam
1433 3045 1513 3099 quern
1539 3030 1609 3086 nosti
1633 3030 1749 3098 malum,
1775 3037 1816 3084 at-

156 3123 264 3179 sociari.
292 3122 388 3179 lleiius
412 3130 453 3177 est
475 3123 608 3177 malorum
637 3122 738 3177 habere
769 3121 859 3177 odium
880 3105 1094 3192 quamCtende
1117 3116 1276 3187 Apostolum
1306 3117 1458 3173 dicentem:
1492 3118 1567 3176 Unde
1591 3119 1719 3192 quisquis
1747 3134 1817 3177 ottus

154 3213 336 3270 consortium.
354 3213 430 3268 Sicut
447 3211 532 3267 multa
548 3210 620 3266 hona
635 3211 717 3266 habel
741 3209 892 3266 eommunis
907 3211 960 3265 uita

154 3309 324 3371 sauctorum,
355 3301 395 3356 sic
425 3309 451 3355 et
479 3300 648 3372 pluramalo
682 3298 797 3355 alienant
826 3298 960 3355 tholorum

153 3391 302 3447 consortia.
321 3414 332 3438 a
353 3389 432 3446 Unde
448 3390 632 3460 Hieronymus
648 3389 683 3443 ad
703 3397 822 3444 matrem
836 3397 862 3445 et
875 3386 959 3442 filiam

153 3481 181 3533 in
194 3478 282 3534 Gallia
312 3485 473 3534 manentes:
501 3502 512 3525 υ
530 3477 602 3546 Quid
611 3477 659 3533 tibi
683 3492 796 3533 necesse
821 3464 861 3532 est
882 3475 910 3530 in
927 3491 960 3532 ea

153 3567 350 3624 versaridomo
365 3568 391 3622 iu
417 3582 470 3638 qua
497 3582 614 3623 necesse
642 3564 747 3621 habeas
775 3565 960 3637 quotidieaut

153 3658 243 3727 perire
259 3665 305 3712 aut
320 3658 456 3712 vincere?
479 3655 546 3724 Quis
561 3670 680 3727 unquam
703 3653 860 3710 mortalium
881 3653 959 3723 juxta

157 3744 279 3814 viperam
295 3760 407 3799 securos
422 3759 534 3798 somnos
549 3744 623 3813 capit
638 3744 652 3796 ‘l
667 3742 734 3812 Quae
749 3741 799 3798 etsi
822 3757 876 3796 uon
891 3758 958 3812 pcr-

158 3832 242 3886 cutiat
255 3839 329 3886 certe
345 3831 484 3886 sollicitat.
501 3832 633 3887 Securius
647 3839 688 3887 est
703 3832 793 3902 perire
809 3846 862 3885 non
877 3845 959 3901 posse

155 3935 237 3992 quam
250 3920 330 3988 juxta
345 3919 497 3991 periculum
519 3920 703 3991 conperisse.
730 3920 760 3973 ln
780 3919 866 3974 altero
881 3928 956 3972 tran-

155 4006 283 4079 quillitas,
301 4008 327 4062 in
344 4008 430 4063 altero
447 4008 617 4078 gubernatio.
648 4009 689 4062 lbi
718 4009 883 4080 gaudemus,
913 4007 959 4063 hie

155 4091 308 4146 evadimus.
326 4090 439 4146 Difficile
455 4092 524 4146 inter
547 4090 642 4161 epulas
659 4107 768 4146 seruare
781 4091 928 4161 jejunium.
946 4114 957 4139 s

157 4179 234 4236 Unde
246 4189 272 4236 et
286 4179 448 4249 Gregorius,
461 4195 521 4250 cap.
534 4182 585 4234 to:
604 4203 614 4227 ι
628 4179 760 4235 italorum
775 4196 834 4236 oum
851 4179 959 4235 ineante

158 4268 285 4324 amicitiis
310 4268 462 4340 Jungimur,
492 4269 579 4338 culpis
612 4268 739 4340 ligamur.
772 4268 816 4324 Ab
844 4267 891 4324 illo
913 4268 959 4340 qui

156 4374 261 4414 summe
275 4366 366 4413 rectus
381 4362 433 4427 cst,
451 4372 484 4412 eo
500 4357 560 4427 ipso
572 4356 632 4426 jam
646 4357 793 4428 discrepat,
820 4373 874 4431 quo
897 4374 959 4430 per·

157 4463 296 4504 versorum
306 4445 432 4501 amicitiis
448 4445 503 4502 vita
519 4453 610 4501 nostra
624 4446 779 4503 coneordat.
798 4470 809 4495 a

158 4572 225 4625 Car.
244 4569 351 4626 xhl'll.
374 4569 958 4642 Quodsenlordistricteincrepcndusest,

203 4643 316 4715 qucrtdo
326 4642 490 4714 junioribus
500 4642 610 4698 rnatum
626 4644 789 4714 exemplum
800 4642 915 4715 prrebet.

194 4757 368 4829 Quapropter
381 4758 495 4813 multum
517 4774 615 4815 revera
634 4767 674 4814 est
697 4759 862 4831 arguendus,
879 4759 958 4829 eujus

155 4847 259 4903 malitia
275 4849 309 4902 ad
325 4849 383 4903 haec
398 4848 562 4918 prorumpit,
579 4855 608 4902 ut
625 4864 675 4918 per
689 4864 752 4903 eum
771 4848 817 4903 alli
832 4864 958 4904 corrrum-

155 4944 262 5008 panlur.
284 4935 360 4991 Unde
375 4937 529 5009 Gregorius
543 4935 571 4991 in
587 4936 701 5007 epistola
721 4953 770 4992 sua
781 4937 840 5007 (lib.
853 4939 894 5008 11)
907 4938 956 4994 Je-

154 5025 252 5080 nuario
263 5025 392 5096 episcopo
405 5041 412 5081 ε
433 5046 443 5072 a
459 5025 560 5079 Paulus
574 5024 650 5091 dicit,
659 5023 808 5081 Seniorem
820 5042 856 5081 ne
867 5027 957 5083 incre·

154 5112 302 5186 poneris(l
312 5114 385 5169 Tim.
398 5129 426 5173 u,
440 5113 476 5182 l).
504 5112 598 5168 Sedet
613 5116 670 5168 haec
685 5113 745 5182 ejus
760 5115 859 5186 regula
873 5114 902 5169 in
920 5130 954 5171 eo

154 5201 290 5257 servande
304 5210 354 5267 est,
377 5217 438 5257 cum
460 5199 539 5271 culpa
562 5200 678 5257 senioris
696 5200 821 5272 exemplo
835 5216 886 5257 suo
900 5218 955 5258 noa

154 5290 236 5344 trahil
251 5290 286 5345 ad
306 5290 443 5345 interitum
464 5289 549 5345 corda
563 5290 723 5360 juniorum:
746 5289 792 5345 ubi
808 5298 954 5347 autemsa-

154 5377 217 5431 nior
227 5379 375 5447 juvenibus
396 5379 550 5449 exemplum
571 5378 607 5432 od
624 5378 761 5434 interitum
781 5378 895 5450 prebet,
918 5379 956 5436 ibi

154 5464 275 5522 districta
289 5465 475 5539 increpatione
497 5465 634 5522 feriendus
658 5476 708 5524 est.
731 5468 803 5523 Naar
825 5469 956 5540 scripturn

190 5590 247 5662 (6³)
263 5590 376 5649 Videtur
387 5591 432 5648 hic
444 5589 548 5663 aliquid
558 5590 666 5664 deesse,
678 5607 706 5651 t.
719 5607 751 5665 g.
765 5592 967 5652 contubernio.

1014 3221 1098 3261 suum
1112 3207 1236 3278 portabit
1249 3203 1358 3276 (Galat.
1374 3224 1412 3272 ru,
1431 3208 1469 3275 5).
1485 3207 1546 3262 Non
1561 3224 1622 3262 rum
1638 3207 1685 3262 illo
1699 3222 1817 3263 commu·

1014 3294 1091 3349 uices
1107 3295 1259 3361 auaritiam,
1286 3295 1336 3350 sed
1366 3295 1538 3351 corumunica
1560 3295 1658 3351 Christi
1680 3312 1814 3363 mensam,

1014 3390 1042 3438 et
1070 3382 1136 3452 quid
1165 3382 1242 3439 obest
1272 3384 1296 3438 si
1327 3385 1513 3441 communicas
1539 3384 1641 3440 Christi
1664 3386 1816 3442 mensam?

1017 3471 1069 3540 Qui
1086 3470 1242 3528 manducat
1262 3474 1357 3545 etqui
1374 3472 1441 3528 bibit
1463 3474 1590 3545 tridigne,
1603 3473 1749 3546 judicium
1766 3474 1817 3531 sibi

1013 3558 1170 3616 mortducat
1185 3566 1214 3616 et
1228 3561 1296 3616 bibit
1308 3561 1334 3630 (I
1347 3561 1408 3617 Cor.
1422 3579 1458 3627 ur,
1475 3563 1531 3634 at).
1554 3561 1624 3631 Sibi,
1645 3563 1745 3634 inquit,
1762 3578 1814 3619 uon

1013 3647 1075 3702 libi.
1095 3647 1167 3704 Sane
1182 3649 1204 3704 si
1224 3649 1309 3719 judex
1325 3666 1364 3718 es,
1390 3650 1412 3705 si
1431 3651 1567 3720 judicanti
1587 3659 1753 3723 potestatem
1767 3667 1812 3708 aa·

1013 3736 1121 3807 cepisti,
1138 3737 1161 3792 si
1176 3738 1361 3794 ecclesiastica
1377 3739 1474 3810 regula
1490 3739 1563 3810 apud
1578 3747 1604 3795 te
1620 3748 1775 3806 accusatur,
1791 3741 1812 3795 si

1015 3824 1087 3881 ueris
1107 3824 1278 3882 documentis
1308 3827 1474 3898 testibusque
1493 3829 1667 3887 conuincitur
1682 3845 1691 3898 ;
1707 3845 1811 3899 coerce,

1014 3914 1133 3984 corripe,
1148 3915 1364 3987 excommunica,
1386 3918 1514 3990 degrada.
1534 3942 1545 3967 r

1015 4054 1085 4111 Car.
1097 4056 1195 4112 xttx.
1213 4058 1357 4126 euoenon
1368 4065 1468 4118 noceat
1479 4067 1662 4121 sacramenta
1671 4064 1812 4135 suscipere

1050 4130 1161 4185 ematis
1167 4133 1295 4200 prelatis
1303 4133 1534 4188 consecrantibus
1544 4140 1572 4189 et
1580 4135 1812 4191 ministrantibus

1051 4215 1093 4266 cc,
1104 4203 1230 4271 quamuis
1243 4205 1292 4258 troc
1307 4206 1401 4258 suncti
1415 4204 1647 4275 quibasdcutsais
1659 4207 1811 4263 secuntiis

1050 4272 1172 4327 innuere
1187 4273 1349 4329 videantur.

1051 4402 1106 4460 Sed
1117 4402 1182 4476 quid
1196 4403 1230 4460 de
1245 4407 1422 4478 susceptione
1437 4416 1667 4466 sacramentorum
1692 4411 1728 4467 ab
1749 4410 1813 4483 ipsis

971 4477 1134 4563 Dproelatis
1168 4496 1392 4551 consecrantibus
1424 4504 1451 4552 et
1482 4498 1707 4555 ministrantibus.
1745 4499 1813 4556 Dicit

1015 4583 1088 4636 euim
1102 4581 1285 4655 Hieronymus
1300 4583 1327 4638 in
1338 4585 1478 4656 sophonia
1487 4587 1521 4642 de
1530 4586 1596 4645 illis:
1614 4586 1809 4655 «Sacerdotes,

1014 4669 1060 4741 qui
1073 4671 1243 4728 eucharistiae
1266 4674 1399 4744 seruiunt,
1414 4675 1577 4748 sanguinem
1587 4676 1697 4731 Domini
1707 4677 1811 4749 populis

1013 4755 1073 4826 ejus
1086 4755 1223 4823 dividunt,
1238 4757 1320 4829 impie
1335 4767 1420 4831 agunt
1434 4760 1461 4813 in
1482 4760 1571 4832 legem
1588 4761 1698 4831 Christi,
1711 4771 1810 4832 putau-

1012 4851 1053 4900 tos
1076 4845 1267 4901 eucharistiam
1298 4846 1510 4916 imprecantibus
1535 4849 1627 4906 iacere
1650 4851 1736 4906 uerba
1758 4866 1810 4908 nou

1010 4935 1093 4991 uitam
1104 4948 1113 5002 3
1126 4941 1154 4990 el
1168 4935 1352 4991 necessariam
1368 4944 1458 4992 tamen
1480 4937 1634 4996 solemnem
1648 4940 1809 5007 orationem,

1011 5031 1037 5079 et
1052 5023 1292 5081 consacerdotum
1306 5027 1441 5082 merita.»
1458 5026 1535 5083 Unde
1552 5027 1704 5100 Gregorius
1720 5028 1748 5083 in
1765 5030 1809 5084 Pe·

1008 5111 1253 5184 storalibus(psrl.
1275 5118 1296 5185 t)
1311 5129 1371 5185 cap.
1388 5114 1441 5169 ill:
1465 5116 1590 5173 «Cuncti
1610 5115 1714 5188 liquide
1737 5117 1810 5174 uoti·

1009 5217 1069 5256 mus
1084 5201 1158 5272 quie,
1175 5204 1287 5259 eumad
1313 5219 1364 5258 nos
1379 5204 1425 5275 qui
1441 5203 1567 5276 displicet
1587 5205 1621 5260 ad
1646 5204 1811 5264 interceden·

1009 5290 1075 5345 dum
1089 5292 1210 5358 mittitur,
1225 5292 1285 5347 irati
1306 5294 1414 5348 animus
1429 5293 1463 5348 ad
1487 5293 1621 5351 deteriora
1638 5305 1809 5366 provocatur.

1010 5378 1138 5454 Quiergo
1153 5381 1240 5437 adhuc
1265 5386 1379 5438 terrenis
1409 5383 1557 5439 desideriis
1581 5385 1755 5457 astringitur,
1771 5402 1813 5444 ee·

1010 5476 1071 5527 ucat
1086 5485 1120 5526 ue
1131 5470 1246 5529 districti
1266 5471 1294 5527 in
1314 5487 1345 5528 se
1359 5473 1427 5529 irum
1447 5472 1560 5544 judiciis
1586 5474 1704 5547 gravius
1718 5491 1812 5535 accen·
