3728 6000
62 197 118 253 ser
206 235 211 241 .
309 160 315 166 ’
385 195 594 253 omrurluo
613 196 749 253 rursus
767 197 949 256 nuvsasus
967 200 1203 258 nescrnumr.
1224 230 1256 242 -
1278 160 1342 257 us.
1362 203 1398 257 n.
1663 204 1717 261 sea

63 322 134 378 sima
146 322 239 394 (best.
256 321 351 392 xxxiv).
370 343 381 368 ι
398 321 453 377 Pro
468 320 561 377 lurore
583 322 636 376 isto
655 320 788 377 clamabat
813 329 865 377 tre·
879 325 906 383 A
921 322 994 389 dicti,
1019 323 1047 378 in
1067 324 1160 397 ignem
1171 333 1311 396 eternum,
1326 325 1372 399 qui
1387 328 1499 398 paratus
1513 330 1554 382 est
1569 325 1680 384 diabolo
1690 333 1717 383 et

63 411 222 466 mebundus
236 409 283 466 ille
296 409 324 464 in
337 409 453 480 psalmo,
470 411 517 480 qui
530 409 693 466 inscribitur
715 434 726 459 u
748 411 801 467 Pro
815 426 866 468 oc·
920 412 1026 484 angelis
1035 413 1094 482 ejus
1121 412 1234 482 (bottis.
1246 414 1327 486 xxv);
1341 439 1351 463 ι
1366 431 1427 471 cum
1442 423 1566 486 potentes
1593 423 1718 486 potenter

64 506 127 554 tava
143 517 152 554 ι
168 498 774 570 Domine,neinluroretuoarguosme(Pml.
784 502 834 571 vr).
852 521 864 552 ι
919 507 1053 557 tormenta
1071 502 1218 573 patientur,
1235 518 1297 559 cum
1312 503 1413 559 vermis
1427 519 1524 559 eorum
1544 518 1599 558 non
1613 504 1719 559 morie·

65 589 142 645 Sicut
171 604 240 660 ergo
264 603 312 659 per
335 586 467 643 humilem
487 589 652 660 sapientiam
672 596 698 643 et
717 589 866 660 sapientem
920 596 973 656 tur,
999 598 1027 645 et
1053 589 1125 663 ignis
1148 607 1243 647 eorum
1272 607 1327 647 non
1340 592 1624 662 exstinguetur3cum
1638 598 1719 658 caput

64 676 247 733 humilitatem
276 676 348 731 lacta
371 675 421 732 luit
435 679 554 732 hnmsua
582 677 745 748 redemptio,
766 677 805 734 sic
819 694 868 749 per
920 678 1083 749 iniquorum,
1101 687 1232 750 potestate
1246 680 1393 737 seducendi
1408 680 1514 752 penitus
1538 695 1645 750 eversa,
1660 682 1719 736 suis

63 765 219 837 sapientem
242 765 403 838 potentiam,
432 773 459 821 et
481 770 620 836 potentem
635 766 798 837 sapientiam
822 765 867 823 liet
920 768 1063 823 tormentis
1077 768 1217 840 subjectus
1231 767 1389 841 perenuiter
1409 769 1631 836 incarcerabitur,
1656 785 1717 825 cum

63 861 193 910 extreme
211 853 356 909 discussio.
372 854 433 909 Non
445 854 517 910 enim
530 853 559 908 iu
574 854 681 910 Christo
689 856 752 910 lesu
760 855 867 926 sapien·
920 854 955 911 de
970 854 1144 912 damnatione
1159 856 1305 929 impiorum
1324 857 1402 913 electi
1416 858 1614 930 purgabuntur.
1630 857 1720 914 claret
1808 904 1811 909 ,

66 943 106 998 tia
120 942 300 1013 vetpotentia
314 941 467 999 accidentia
491 948 565 1008 sunt,
581 958 644 999 cum
669 942 729 1015 ipse
748 942 869 999 Christus
920 942 1012 1014 igitur,
1028 944 1102 1015 quod
1117 945 1145 999 in
1164 944 1269 1014 jndicio
1297 946 1425 1016 potentiae
1458 946 1499 1000 vis
1527 945 1713 1002 exercebitur.

63 1032 98 1087 sit
113 1031 179 1103 ipse
193 1030 411 1102 sepientic,ipsa
435 1031 566 1103 potentie,
591 1032 651 1102 ipse
678 1033 787 1098 veritas,
808 1032 869 1104 ipsa
922 1032 1061 1088 veraciter
1086 1048 1152 1105 ergo
1167 1038 1257 1104 potest
1284 1033 1421 1101 concludi,
1446 1034 1576 1104 quonism
1594 1035 1642 1105 qui
1665 1033 1719 1093 boc
1752 1038 1755 1043 ’

63 1120 192 1191 equitas,
216 1120 268 1176 vite
291 1119 426 1186 vivorum,
442 1126 469 1175 et
497 1120 659 1176 resurrectio
683 1128 863 1176 mortuorum.
921 1120 1091 1188 contradicit,
1120 1123 1265 1177 mentitur.
1298 1123 1336 1178 At
1358 1122 1486 1190 quoniam
1514 1123 1560 1178 dia
1580 1123 1719 1194 estquod

64 1208 191 1264 Potentia
205 1209 290 1282 igitur
299 1207 407 1276 Christi,
424 1223 505 1279 quam
521 1209 617 1263 Petrus
645 1218 764 1266 removet
777 1224 793 1263 a
807 1209 866 1264 dis·
922 1211 1019 1264 herum
1051 1209 1278 1281 blasphemiarum
1310 1211 1571 1268 contradictionibus
1608 1213 1720 1269 inhesi-

64 1298 196 1354 oussione
219 1296 327 1368 judicii,
355 1295 473 1352 maxima
500 1301 566 1353 tunc
593 1297 654 1364 erit,
673 1313 735 1353 cum
763 1298 869 1354 venerit
921 1313 993 1363 mus,
1011 1297 1197 1370 relinquamus
1211 1299 1322 1356 arbitrio
1336 1298 1494 1372 legentium,
1510 1316 1571 1372 quae
1593 1316 1648 1356 non
1669 1316 1720 1372 per

66 1386 193 1441 Christus
208 1386 236 1441 in
253 1386 395 1454 maJestcte
414 1402 473 1455 sua,
489 1390 517 1441 et
530 1385 625 1456 Patris,
654 1394 681 1442 et
713 1393 868 1443 sanctornm
921 1394 1043 1441 nostram
1066 1386 1247 1454 scientiolam,
1276 1387 1324 1444 sed
1351 1404 1401 1459 pcr
1429 1397 1582 1445 sanctorum
1610 1390 1719 1445 Petrum

65 1474 230 1547 angelorum
244 1490 325 1542 ;cum
341 1475 453 1530 virtutes
468 1475 601 1532 coelorunt
615 1476 867 1541 commovebuntur,
922 1475 1076 1532 doctrinam
1105 1475 1246 1548 disputata
1260 1485 1324 1532 sunt
1339 1492 1346 1532 τ
1363 1477 1562 1549 siquldvemm
1591 1477 1719 1548 diximus,

67 1579 129 1619 mm
149 1563 285 1619 elementa
312 1564 402 1618 calore
425 1562 572 1630 solventur,
598 1578 661 1619 cum
684 1579 778 1619 omnes
800 1572 871 1619 asta·
921 1564 956 1619 de
970 1565 1030 1620 beo
1046 1583 1054 1631 ;
1070 1564 1111 1619 sin
1126 1580 1213 1631 secus,
1231 1565 1265 1621 de
1283 1574 1377 1621 nostro
1391 1571 1445 1622 est.
1465 1566 1506 1622 lle
1529 1566 1627 1621 erratis
1651 1582 1721 1639 ergo

69 1653 140 1709 bunt
154 1652 357 1708 antc‘·tribnoal
370 1652 483 1716 iudicis,
500 1652 632 1708 reddituri
646 1653 776 1707 rationem
792 1652 827 1709 de
836 1669 869 1709 ao
925 1668 979 1708 uon
992 1653 1137 1709 timeamus
1151 1654 1328 1724 reprebendi.
1346 1654 1444 1710 Nullus
1454 1655 1528 1710 enim
1536 1658 1723 1727 reprehensor

70 1741 339 1814 quodunusquisquc
355 1741 440 1813 gessit
467 1757 517 1812 per
542 1756 651 1812 corpus,
678 1742 737 1797 sive
757 1741 869 1810 bonnm,
926 1741 1086 1797 metuendus
1101 1748 1144 1796 est
1153 1742 1279 1797 veritatis
1294 1749 1409 1800 amator.
1425 1741 1533 1797 Etenim
1557 1753 1603 1799 ent
1618 1743 1722 1801 amicus

68 1832 129 1887 sive
143 1831 249 1886 malum
265 1848 272 1894 ;
288 1846 349 1886 cum
365 1829 495 1886 videbunt
521 1828 549 1885 iu
579 1846 660 1902 quem
687 1839 870 1903 pupugerunt,
925 1829 1109 1886 autinimieus
1129 1831 1343 1902 reprehensurus
1370 1838 1423 1887 est.
1442 1829 1471 1886 si
1499 1846 1568 1904 ergo
1597 1831 1722 1888 inimicus

69 1935 133 1976 cum
151 1920 264 1976 tolletur
281 1919 390 1990 impius,
406 1934 441 1974 ne
456 1918 545 1973 videat
574 1919 691 1992 gloriam
720 1918 781 1984 Dei,
807 1935 871 1975 cum
925 1918 1033 1974 insultat
1048 1918 1175 1974 ferendus
1193 1919 1472 1974 estAmicusautem
1492 1918 1607 1988 slerrat,
1624 1920 1725 1976 docen-

70 2009 207 2082 plangent
219 2023 306 2080 snper
319 2024 348 2063 se
363 2023 458 2064 omnes
478 2006 565 2063 tribus
585 2016 676 2074 terrie,
692 2022 755 2064 cnm
780 2008 872 2064 dicent
925 2006 997 2074 dus3
1014 2006 1037 2062 si
1050 2007 1141 2076 docet,
1155 2006 1309 2063 audiendus
1334 2016 1384 2064 est.
1400 2007 1455 2064 Sed
1471 2023 1533 2080 quae
1559 2016 1720 2079 sequnntur,

68 2098 213 2154 montibus
231 2115 238 2151 :
257 2119 268 2144 u
286 2096 528 2168 Caditesupernos
545 2115 552 2162 ;
569 2104 597 2151 et
606 2095 722 2152 collibus
739 2095 872 2167 :Operite
924 2095 1036 2152 alterius
1051 2096 1115 2152 tomi
1129 2098 1270 2152 sumantur
1284 2096 1409 2153 exordio.

69 2203 121 2244 noa
140 2189 226 2260 (buc.
241 2188 340 2257 xxur);
359 2210 370 2236 ·
387 2201 449 2244 cum
464 2185 573 2242 audient
583 2185 655 2243 baedi
671 2205 678 2241 ι
695 2208 707 2236 a
723 2186 773 2257 Ite,
789 2185 873 2242 malc-

621 2500 786 2594 Ltsstltt
841 2499 1160 2594 SECUNDUS.

105 2912 184 2977 Scio,
213 2912 295 2969 Pater
309 2911 421 2984 optime,
437 2927 521 2984 quarn
536 2911 667 2984 immune,
697 2929 779 2987 qnam
807 2927 875 2985 pro·
890 2916 1088 2985 conansque
1103 2910 1155 2980 sol,
1171 2927 1263 2986 nequo
1278 2911 1352 2982 lana,
1364 2910 1725 2971 sedCbristnsluccmaesl:

68 3001 199 3069 fundum,
215 3010 243 3056 et
256 3016 338 3073 qnam
358 3001 511 3072 proximum
527 3001 560 3057 ait
576 3001 782 3074 praecipitationi
801 3018 875 3073 prae·
930 3000 1132 3072 pretiosissimis
1147 3001 1273 3056 virtutum
1289 3000 1426 3072 lapidibus
1444 3001 1592 3058 Salvatoris
1613 3001 1727 3058 bumili-

67 3090 248 3163 cipitium,et
275 3089 347 3161 quod
363 3089 519 3145 nullatenus
544 3090 661 3146 evadere
685 3088 876 3163 possitimpu·
930 3097 971 3145 tas
998 3089 1103 3146 stravit.
1132 3090 1197 3146 llaec
1224 3088 1329 3146 idcirco
1352 3088 1478 3158 dixerim,
1502 3091 1629 3163 quouimn
1657 3090 1728 3146 dum

68 3179 223 3236 oimstutte
233 3177 593 3252 presumptioniscndacia.
607 3178 664 3235 Hoc
675 3187 701 3235 et
709 3179 874 3251 sapientium
930 3178 1116 3235 ecclesiastica
1152 3187 1322 3235 sacramenta
1353 3186 1511 3248 tractentur,
1540 3180 1602 3235 dum
1625 3179 1659 3236 de
1686 3180 1727 3236 eis

69 3267 215 3333 doctrinis,
243 3275 271 3323 et
296 3268 469 3339 antiquorum
498 3267 635 3338 exemplis
659 3275 686 3323 et
701 3267 875 3338 presentium
929 3271 1068 3335 tractetur,
1103 3266 1218 3323 scientie
1250 3265 1370 3322 Platonis
1396 3275 1424 3323 et
1452 3267 1606 3323 Aristotelis
1628 3267 1729 3325 fatiscit

69 3358 144 3414 satis
157 3356 338 3412 exclamatum
353 3365 403 3412 est.
415 3355 538 3428 Cumque
561 3356 595 3411 sit
609 3372 718 3427 semper
732 3365 759 3412 et
774 3356 875 3429 ubique
930 3356 1046 3429 argutis,
1061 3354 1343 3411 intematuromtnum
1369 3354 1466 3426 peritis
1488 3356 1663 3425 prudentium
1692 3356 1728 3413 ad

69 3447 167 3514 noxia,
183 3446 229 3501 illa
240 3454 330 3502 tsmen
342 3445 424 3517 longe
440 3445 615 3516 praecaeteris
628 3445 752 3500 infestior
760 3445 877 3500 babetur
929 3443 1002 3499 illam
1019 3443 1196 3515 scripturam,
1225 3445 1302 3512 cujns
1316 3442 1455 3499 altitudine
1476 3445 1586 3516 superbi
1605 3445 1726 3500 irriden-

69 3547 154 3607 atque
167 3534 368 3602 detestabilior,
384 3551 446 3606 quae
460 3534 738 3599 sulsviribusnitens,
749 3533 875 3589 derebus
928 3542 981 3600 tur,
1012 3530 1192 3604 profunditate
1218 3532 1311 3588 attenti
1344 3540 1491 3601 terrentur,
1508 3533 1727 3608 veritetemagni

69 3624 174 3682 divinis
200 3623 293 3679 abdita
324 3625 463 3694 presumit
497 3622 643 3692 inquirere,
673 3631 701 3677 et
737 3622 875 3679 secularis
929 3628 1084 3694 pascuntur,
1114 3618 1272 3676 affabilitate
1291 3620 1369 3691 parvi
1395 3621 1557 3678 nnhluntur.
1584 3622 1727 3681 llacducc

68 3714 197 3770 scientim
212 3712 281 3766 tastu
306 3727 360 3766 non
376 3710 470 3783 plena,
486 3711 661 3780 sedtumids,
691 3710 781 3765 lumen
809 3709 875 3764 ildei
928 3725 993 3766 vera
1021 3709 1055 3764 de
1085 3709 1144 3764 Deo
1169 3709 1252 3774 novit,
1269 3708 1315 3781 qui
1331 3725 1392 3764 vere
1406 3709 1503 3767 credit.
1524 3714 1725 3783 Argumentum

68 3802 161 3876 sequi,
177 3808 369 3857 etsanctorum
384 3801 497 3855 Petrum
512 3799 633 3872 vestigia
648 3799 873 3854 contemnitimi·
927 3798 994 3853 milri
1027 3804 1078 3864 est,
1108 3797 1181 3869 quod
1208 3796 1371 3868 impulsione
1400 3798 1471 3853 nulla
1503 3806 1598 3855 nutare
1623 3806 1725 3872 potest,

69 3894 135 3950 tari.
151 3892 215 3947 Non
242 3890 315 3945 enim
329 3905 380 3961 per
394 3890 506 3944 inanem
520 3886 734 3960 philosophiam,
755 3903 817 3959 quae
839 3888 874 3944 dc
928 3886 1060 3958 quidquid
1076 3887 1180 3943 veritas
1194 3886 1259 3943 dicit
1273 3885 1301 3940 in
1315 3888 1457 3957 Propheta,
1473 3887 1500 3943 in
1518 3888 1679 3962 Evangelio,
1695 3889 1725 3947 in

68 3992 143 4040 terra
158 3987 210 4046 est,
226 3986 256 4034 nt
270 3981 385 4034 testatur
401 3977 550 4049 Apostolus
564 3975 679 4047 (dolose.
696 3977 740 4045 nl,
758 3977 805 4032 sed
824 3992 875 4047 per
927 3974 1070 4045 Apostolo.
1101 3975 1194 4030 vitans
1221 3974 1303 4047 igitur
1320 3975 1536 4047 presumptionis
1560 3978 1723 4050 pericnlum,

68 4086 132 4130 eam
143 4066 322 4138 sapientiam,
336 4065 484 4138 qnaejuxte
494 4066 645 4122 Jacobum«
662 4065 807 4121 desursum
822 4073 872 4131 est,
927 4078 982 4119 non
996 4063 1024 4118 in
1039 4063 1163 4119 humanis
1176 4063 1426 4130 adinventionibus,
1454 4064 1546 4121 nonin
1561 4066 1630 4122 meis
1657 4069 1724 4125 viri-

68 4160 191 4234 primum
201 4157 310 4228 quidem
326 4155 435 4226 pudica,
454 4155 555 4211 deinde
565 4153 679 4224 pacifica
693 4154 769 4224 (dac.
789 4155 841 4224 ru),
859 4176 871 4203 s
927 4152 979 4207 bns
991 4151 1118 4209 lltluciam
1133 4150 1222 4208 babeo
1233 4166 1240 4221 ;
1253 4151 1301 4208 sed
1316 4151 1570 4210 lucisilliusducatu
1581 4155 1639 4229 regi
1649 4156 1724 4226 volo,

69 4247 239 4307 Christiane
266 4244 419 4316 religionis,
436 4243 465 4298 id
498 4248 541 4299 est
567 4243 700 4311 veritatis,
719 4243 912 4331 referanturD
928 4240 1143 4312 dequodicitur:
1157 4263 1169 4289 ι
1182 4241 1305 4297 buoeme
1313 4240 1429 4312 pedibus
1439 4241 1507 4297 meis
1516 4243 1721 4312 verbumtunm,

68 4351 183 4395 arcam.
200 4334 287 4405 Cujus
300 4333 441 4405 sapientiae
454 4349 504 4404 per
518 4332 649 4403 Spiritum
677 4347 767 4388 sermo
791 4331 871 4388 dutus
926 4329 1044 4385 Domine
1058 4330 1267 4399 (psalernum
1286 4353 1298 4380 ι
1316 4330 1401 4385 Denta
1415 4330 1484 4395 Deo,
1501 4333 1579 4400 cujus
1589 4333 1685 4403 spiritu
1696 4342 1724 4390 et
1824 4368 1827 4373 .

68 4425 205 4485 velociter
214 4423 311 4490 currit,
319 4421 403 4477 vivus
416 4424 445 4477 et
457 4419 565 4487 efficax,
588 4419 782 4491 penetrebilior
795 4420 872 4475 omni
927 4416 1039 4473 tundam
1054 4426 1080 4473 et
1090 4417 1239 4474 illuminata
1254 4423 1307 4475 est.
1320 4418 1482 4490 Concipiens
1493 4433 1561 4493 ergo
1571 4435 1608 4475 ex
1620 4436 1722 4491 suprs-

67 4516 177 4591 gladio,
194 4520 223 4570 et
233 4510 369 4583 simplicis
385 4508 551 4566 credulitatis
573 4523 694 4566 corusco
716 4509 870 4565 vibramine
924 4505 1061 4562 dictorum
1091 4506 1223 4563 catholica
1246 4507 1438 4580 prosecutione
1461 4508 1560 4563 bonam
1583 4525 1671 4579 spem,
1693 4509 1721 4565 in

67 4615 212 4663 terrenum
254 4599 481 4669 tenebrosamque
517 4596 722 4670 spissitudinem
748 4597 871 4653 dissecat
924 4594 1043 4651 Domino
1055 4595 1112 4652 Deo
1122 4611 1183 4651 meo
1197 4594 1323 4651 fiduciam
1334 4596 1431 4660 habeo,
1448 4598 1511 4666 quie
1537 4596 1609 4668 quod
1634 4597 1719 4669 coepit

67 4708 197 4752 ermrum
212 4708 221 4754 ς
236 4705 291 4746 non
318 4685 431 4743 artificio
445 4689 573 4752 humano,
592 4686 640 4741 sed
656 4693 795 4757 potentatu
823 4685 869 4740 dl·
923 4684 952 4737 in
967 4683 1057 4751 nobis,
1069 4682 1202 4754 perficiet,
1214 4683 1631 4757 solidabitque.Exhibitioeoim
1646 4702 1720 4758 prae·

69 4783 145 4841 vino.
153 4782 229 4838 Deus
237 4778 328 4835 enim«
342 4774 469 4848 superbis
483 4774 751 4844 resistit,bumilibus
776 4781 868 4830 autem
922 4772 1065 4827 teritorum
1076 4770 1225 4826 futurorum
1241 4779 1281 4826 est
1295 4772 1439 4828 certitudo.
1453 4772 1581 4829 Securior
1594 4790 1664 4848 ergo
1692 4783 1721 4832 et

67 4872 116 4928 dat
141 4870 261 4945 gratiam
274 4867 300 4936 (l
312 4868 389 4923 Pctr.
405 4881 432 4932 v,
458 4863 520 4920 elac.
547 4864 596 4934 tv).
625 4863 667 4919 Ad
694 4862 868 4935 aperiendam
923 4860 1041 4916 alacrior
1054 4876 1179 4916 errorum
1195 4860 1314 4915 latebras
1328 4859 1454 4917 invadam
1471 4869 1516 4917 :et
1531 4878 1579 4918 eos
1594 4879 1719 4924 nonmeo

68 4961 175 5034 regiam
189 4955 321 5031 paradisi,
350 4967 540 5017 namurcum,
556 4967 610 5009 non
624 4958 792 5025 argenteam,
820 4950 869 5007 sed
922 4965 1016 5017 sensu,
1039 4948 1087 5004 sed
1110 4948 1210 5003 divinis
1234 4948 1363 5016 oraculis,
1392 4949 1421 5005 id
1448 4958 1489 5006 est
1502 4952 1717 5010 orthodoxorum

68 5052 192 5126 ligneam
205 5046 308 5103 olorem
323 5042 422 5099 summi
433 5042 505 5097 fabri
516 5040 585 5097 lilius
591 5040 697 5096 malleis
710 5039 868 5112 passionum
921 5038 1036 5094 verbis«
1054 5037 1186 5094 refellam.
1205 5040 1287 5094 »Vox
1302 5038 1374 5095 enim
1386 5039 1513 5108 hominis,
1528 5041 1603 5111 quod
1613 5042 1719 5101 Seneca

68 5143 98 5200 in
113 5139 203 5197 crucis
216 5133 315 5192 incude
330 5131 480 5187 labriravit.
505 5130 593 5196 Viam,
610 5145 671 5201 qrrae
685 5128 745 5185 sola
759 5137 800 5185 est
820 5129 868 5184 iti·
921 5126 995 5193 dicit,
1008 5126 1043 5180 de
1053 5126 1111 5182 Deo
1125 5142 1189 5182 vera
1198 5127 1333 5199 loquentis
1348 5127 1471 5184 divinum
1496 5130 1634 5185 omculum
1649 5141 1691 5186 cst
1706 5147 1715 5202 ;

68 5227 236 5289 nermtibus
249 5219 442 5279 inlerasalem
455 5218 604 5285 coelestem,
620 5235 681 5290 qum
695 5233 799 5273 sursum
816 5224 866 5288 est,
922 5230 954 5271 ac
969 5231 1018 5286 per
1026 5215 1078 5270 boc
1092 5214 1235 5286 pestilems
1249 5230 1355 5272 ermrcs
1369 5225 1395 5272 et
1422 5216 1619 5289 improbandos
1646 5218 1717 5277 lide·

66 5325 187 5392 qoaeest
201 5316 288 5370 meter
301 5317 403 5372 nostra,
414 5325 476 5380 quae
502 5306 650 5364 edificatur
675 5307 703 5361 in
725 5306 866 5377 idipsum;
923 5303 983 5359 liter
996 5303 1152 5375 expediam,
1163 5303 1186 5358 si
1201 5303 1308 5360 dederit
1335 5303 1471 5372 effectum,
1500 5306 1546 5378 qui
1560 5307 1634 5363 dedit
1646 5307 1717 5365 cilc-

65 5409 228 5481 inqneoon
242 5401 350 5458 cuditur
363 5398 477 5454 malleus
488 5397 531 5453 vel
542 5396 644 5453 securis
659 5414 667 5463 ;
681 5394 708 5450 in
724 5411 802 5467 qnam
813 5409 868 5452 non
923 5400 1010 5449 ctum.
1026 5392 1085 5448 Nec
1104 5391 1131 5447 id
1151 5391 1393 5449 laciameoordine
1405 5409 1458 5465 quo
1472 5395 1553 5465 positi
1568 5404 1630 5452 sunt
1646 5415 1653 5460 ;
1668 5397 1717 5454 sed

64 5494 222 5573 ingreditur
231 5491 337 5557 bostis;
353 5487 387 5545 de
398 5503 450 5560 que
464 5502 517 5542 oon
529 5485 719 5560 peregrinatur
733 5484 802 5542 civis
817 5501 824 5549 ;
838 5482 866 5540 io
922 5496 955 5537 eo
970 5496 1051 5557 quem
1065 5480 1134 5538 mihi
1147 5496 1297 5555 suggerere
1315 5480 1470 5556 dignabitur
1484 5481 1575 5540 divine
1588 5485 1721 5559 propitia·

208 5616 345 5682 Ptraot.
368 5608 524 5677 CLXXX.
1481 5606 1522 5679 it)
