3728 6000
34 186 41 194 ι
93 229 145 282 903

585 212 621 276 b.
640 218 766 276 hLGElll
787 212 1014 277 suttotast'tct
1034 218 1241 280 LEODIENSIS

1695 220 1744 277 aut

95 350 131 405 tui
146 349 204 406 haec
216 320 358 422 putaverit!
370 346 576 420 supprimenda.
592 344 625 401 Et
638 353 667 401 ut
683 347 777 417 pateat
791 361 892 417 peeca-
906 346 934 407 A
952 368 963 394 s
981 347 1081 402 Paulus
1092 346 1158 404 dicit
1170 365 1176 400 z
1188 349 1332 406 Seniorcm
1343 365 1381 406 cc
1396 347 1625 422 increpaverim!
1637 348 1707 406 Tim.
1719 365 1747 415 v,

96 442 156 495 turn
166 455 226 495 esse
241 437 394 495 consentire
408 436 435 491 in
450 436 533 501 malo,
549 442 576 490 et
589 450 644 491 non
669 449 798 491 accusare
825 451 899 506 prae-

96 526 177 595 latos,
187 534 330 583 accusatur
346 524 418 596 apud
435 523 603 596 Gregoriurn
625 522 685 593 (lib.
697 539 736 588 rx,
748 523 830 594 epist.
851 523 896 592 63)

99 615 221 672 Lucillus
235 615 334 672 bliletae
346 613 462 671 ciuitatis
477 613 633 684 episcopus,
650 618 677 667 et
704 611 776 666 illata
789 611 901 669 crimina

99 704 136 760 ab
161 704 296 776 episcopis
324 703 547 774 coepiscoporum
572 700 725 756 testimonio
751 715 816 755 uera
838 716 901 756 esse

100 808 281 866 cognoscens,
298 791 397 863 deponi
414 807 475 846 eum
490 790 616 862 imperat,
627 798 654 845 et
669 790 771 860 pariter
789 789 902 860 presby-

100 888 216 938 teroset
232 883 374 949 diaconos,
399 881 445 952 qui
469 879 571 937 conscii
596 878 640 934 rel
669 879 815 950 participes
841 879 902 947 ejus

103 971 216 1028 sceleris
245 970 363 1035 fucrant,
391 970 461 1024 sicut
486 970 513 1023 in
542 968 651 1038 scriptis
678 967 737 1040 ejus
757 967 900 1038 reperitur,

101 1061 221 1115 dunrnat.

104 1168 171 1223 Car.
191 1167 261 1222 Xl'l.
276 1166 338 1230 Quo
357 1167 525 1222 discretione
549 1164 756 1236 accipiendum,
775 1165 814 1219 sit
830 1162 902 1235 quod

120 1240 216 1295 abacti
227 1241 324 1293 uetant
335 1253 370 1293 ne
383 1238 498 1309 proeluti
511 1254 529 1292 a
543 1236 662 1292 subditis
683 1240 843 1306 arguuntur
857 1235 901 1289 vel

121 1307 902 1381 accurentur:iterumqueirnperurrtutulrcisaccusen-

124 1381 395 1450 rtur-eturqountur.

142 1470 207 1526 Cum
225 1476 329 1542 ergoet
344 1476 498 1538 usurpatum
515 1467 558 1533 sit,
580 1474 605 1522 ει
629 1465 759 1522 canonice
785 1465 903 1537 impera-

104 1568 172 1627 tum,
203 1567 229 1614 et
257 1556 308 1611 nisi
334 1556 434 1611 iactum
460 1554 731 1620 tueritrindicatum,
760 1553 824 1624 quid
834 1567 902 1624 ergo

106 1647 234 1718 estquod
250 1644 335 1701 sancti
360 1650 451 1699 vetant
469 1659 504 1698 ne
523 1643 627 1713 praelati
656 1659 671 1697 a
694 1642 811 1697 subditis
829 1641 902 1694 iuiu-

957 437 984 505 t)
997 450 1003 504 ;
1017 435 1066 491 sed
1081 438 1140 492 haec
1155 436 1215 505 ejus
1229 437 1325 510 regula
1341 437 1369 492 in
1383 453 1415 492 ea
1430 438 1611 493 reservanda
1631 445 1682 503 est,
1691 453 1751 492 cunr

954 524 1033 596 culpa
1049 525 1165 581 senioris
1180 525 1305 597 exemplo
1320 542 1370 582 suo
1384 542 1439 581 non
1461 526 1540 581 trahit
1561 526 1596 581 ad
1615 526 1752 582 interitum

955 613 1038 669 corda
1049 613 1201 682 juniorum.
1217 614 1271 671 Ubi
1279 623 1370 670 autem
1387 615 1478 670 senior
1489 614 1643 686 junioribus
1659 629 1753 670 exem-

955 702 1030 772 plurn
1045 702 1079 757 ad
1097 703 1235 759 interilum
1252 703 1363 774 praebet,
1379 703 1546 759 ibidistricta
1567 703 1751 774 increpatione

955 791 1095 847 feriendus
1110 800 1160 848 est.
1175 793 1245 848 Nam
1260 793 1389 864 scriptum
1404 802 1443 848 cst
1461 810 1467 846 :
1483 792 1754 865 LaqueusJuuenam

955 897 1054 938 omnes
1077 898 1124 936 uos
1148 883 1215 952 (lau.
1231 897 1300 947 anu,
1325 882 1388 952 ii);
1407 886 1435 936 ει
1457 898 1549 936 rursus
1565 899 1572 936 :
1590 881 1754 937 tieledictus

953 974 1155 1040 prtacrceutum
1171 987 1314 1026 antrorum
1331 971 1398 1039 tiso.
1414 986 1477 1036 uxr,
1494 972 1551 1040 ib).
1570 970 1663 1025 »Ecce
1674 976 1754 1023 utau-

957 1057 1109 1114 ctoritatem
1136 1058 1283 1114 habeamus
1308 1066 1463 1114 sanctorum
1491 1058 1549 1113 rias
1573 1056 1682 1129 regulas
1705 1073 1753 1128 pro

957 1146 1039 1202 rariis
1053 1147 1178 1218 personis
1193 1147 1228 1202 ad
1242 1162 1337 1202 rerum
1358 1145 1521 1201 intellectum
1539 1162 1620 1216 posse
1640 1146 1753 1200 restrin-

958 1251 1035 1306 gere,
1053 1235 1126 1305 quod
1152 1234 1251 1290 Paulus
1274 1235 1397 1291 absolute
1421 1243 1447 1289 et
1465 1234 1543 1307 quasi
1566 1234 1755 1290 uniuersaliter

956 1324 1033 1392 dixit,
1050 1325 1102 1379 boc
1118 1324 1270 1396 Gregorius
1285 1339 1338 1378 non
1354 1325 1388 1378 ad
1403 1340 1506 1392 omnes,
1522 1323 1570 1379 sed
1580 1324 1615 1378 ad
1623 1323 1754 1396 quasdam

956 1413 1093 1469 seniorum
1110 1413 1203 1483 culpas
1220 1429 1273 1468 non
1290 1413 1471 1484 increpandas
1487 1411 1636 1469 restrinxit.

957 1523 1022 1574 ttae.
1035 1521 1110 1574 xtx.
1125 1520 1201 1587 Quod
1210 1537 1268 1576 uon
1279 1535 1376 1576 enarres
1394 1521 1515 1592 episcopi
1528 1524 1596 1575 suut
1619 1521 1752 1592 episcopi.

993 1617 1062 1672 Sunt
1079 1616 1149 1671 enirn
1173 1616 1295 1672 seniores
1317 1631 1370 1670 non
1396 1616 1530 1685 seniores,
1546 1622 1609 1669 sunt
1632 1614 1755 1685 episcopi

106 1744 222 1801 menter,
235 1740 385 1806 arguantur
411 1737 457 1786 aut
480 1733 670 1788 accusentur?
697 1730 815 1785 maxime
843 1745 904 1785 cum
918 1706 946 1770 B
962 1721 1015 1760 non
1030 1705 1162 1777 episcopi.
1172 1705 1249 1762 Unde
1262 1706 1445 1774 Hieronymus
1456 1705 1490 1760 ad
1501 1704 1659 1759 Eliodorunr
1669 1703 1757 1773 (epist.

26 1846 31 1859 ·
110 1822 370 1882 silvesterconsenti
398 1829 426 1877 et
449 1820 644 1891 subscriptione
670 1820 790 1875 omnium
815 1819 841 1873 in
858 1835 905 1889 sy-

105 1915 180 1970 nodo
194 1911 331 1969 constituit
347 1910 485 1974 distincte,
502 1917 530 1964 ut
545 1909 634 1964 nullus
663 1909 746 1964 laicus
774 1907 905 1963 aduersus

105 2001 246 2069 clericum,
262 1999 350 2055 nullus
364 1998 473 2054 minoris
500 1997 604 2053 ordinis
633 1997 750 2053 clericus
774 1997 906 2052 adversus

106 2090 227 2164 aliquem
239 2088 349 2157 majoris
364 2087 469 2143 crimen
485 2086 583 2141 audeat
610 2085 721 2150 inierre,
741 2085 906 2156 insuperque

107 2179 249 2236 aliisancti
264 2175 422 2246 hujusmodi
445 2175 624 2230 infamatores
647 2174 831 2244 praelatorum,
861 2180 906 2226 uut

107 2268 226 2325 infames
236 2281 305 2329 esse,
317 2272 362 2320 aut
377 2264 485 2334 proprio
501 2263 589 2333 gradu
609 2261 745 2327 decidere,
764 2268 808 2315 aut
836 2276 906 2332 qua·

109 2355 175 2411 libet
189 2351 369 2409 inhonestatis
392 2359 456 2406 nota
474 2351 608 2420 imperant
631 2350 704 2405 aihci
725 2348 836 2404 debere.
858 2350 905 2402 ln·

109 2443 208 2516 quibus
223 2441 478 2496 omnihusmaxima
501 2438 630 2494 discretio
660 2452 836 2508 personarum
864 2452 907 2492 ao

110 2530 264 2588 cusantium
292 2531 334 2585 vol
358 2535 548 2584 accusatorum
577 2526 716 2598 pensanda
745 2532 907 2597 astatque

19 2654 25 2663 ·
108 2620 269 2685 intentione,
298 2616 341 2671 vel
371 2631 424 2687 quo
454 2615 551 2670 ordine
580 2614 678 2670 iaciant
701 2614 904 2669 attendendum.

111 2707 193 2777 Quod
207 2705 373 2777 Augustinus
401 2703 428 2758 in
455 2702 614 2774 Soliloquiia
637 2702 803 2766 discernens,
833 2703 871 2757 ait
898 2716 905 2755 τ

113 2794 225 2850 «Aliud
253 2800 295 2848 est
310 2791 511 2862 reprehendere
538 2789 581 2847 rel
592 2790 757 2861 improbare,
781 2789 907 2844 aliudac-

110 2899 211 2941 cusnre
225 2896 414 2952 quemcunque
430 2899 438 2946 3
455 2879 519 2952 quia
542 2885 709 2950 praesumunt
722 2878 824 2950 praelati
853 2894 907 2934 non

113 2973 215 3030 debere
230 2987 261 3027 se
271 2968 444 3040 reprehendi,
463 2984 510 3039 pro
526 2984 559 3024 eo
574 2969 648 3039 quod
658 2983 778 3023 canones
793 2982 848 3023 non
861 2983 908 3024 eos

959 1794 986 1860 5,
1000 1795 1039 1848 ol,
1059 1795 1085 1861 l)
1103 1811 1108 1847 :
1128 1817 1139 1842 a
1158 1795 1218 1848 Non
1231 1810 1328 1849 omnes
1342 1793 1462 1864 episcopi
1478 1799 1541 1847 sunt
1562 1793 1698 1863 episcopi.
1711 1795 1760 1846 ht-

960 1883 1049 1938 tendis
1076 1884 1192 1948 Petrum,
1218 1883 1265 1938 sed
1288 1883 1385 1937 ludam
1409 1882 1567 1938 considera.
1591 1880 1759 1951 Stephanum

961 1971 1085 2041 suspicis,
1102 1971 1148 2026 sed
1164 1979 1191 2025 et
1205 1970 1347 2026 Nicolaum
1366 1971 1482 2042 respice.
1500 1972 1561 2025 Non
1582 1970 1645 2025 iacit
1669 1969 1760 2025 eccle-

961 2060 1071 2116 siastiea
1095 2060 1217 2131 dignitas
1242 2059 1435 2115 Christianum.
1461 2058 1607 2114 Cornelius
1639 2058 1759 2113 centurio

960 2148 1049 2203 adhuc
1065 2148 1189 2203 ethnicus
1206 2148 1278 2202 dono
1293 2148 1382 2203 sancti
1397 2147 1513 2218 Spiritus
1527 2147 1685 2212 mundatur,
1697 2161 1759 2216 pre·

961 2237 1084 2307 sbyteros
1105 2237 1200 2291 Daniel
1224 2252 1291 2306 puer
1309 2236 1423 2304 judicat.
1439 2237 1502 2291 Non
1525 2244 1565 2292 est
1587 2236 1666 2291 facile
1688 2244 1760 2290 stare

961 2325 1021 2379 loco
1037 2325 1106 2379 Petri
1121 2333 1147 2379 ot
1164 2324 1251 2389 Pauli,
1269 2332 1362 2380 tenere
1375 2325 1491 2397 gradum
1501 2324 1560 2393 jorn
1571 2340 1633 2380 cum
1652 2325 1760 2379 Christo

961 2413 1145 2484 regnantium,
1158 2413 1320 2467 infatuatum
1337 2413 1424 2469 saled
1440 2414 1554 2468 nihilum
1568 2413 1692 2484 prodest,
1707 2412 1759 2466 nisi

961 2510 990 2556 ut
1014 2501 1173 2573 projiciatur
1181 2501 1264 2571 lorus,
1280 2509 1331 2556 eta
1346 2501 1437 2572 porcis
1461 2503 1644 2558 conculcetur.
1660 2502 1760 2556 Mona-

960 2591 1027 2646 chus
1043 2592 1065 2644 si
1079 2589 1215 2658 ceciderit,
1226 2590 1334 2662 rogabit
1349 2607 1398 2661 pro
1413 2606 1446 2646 eo
1454 2591 1580 2646 sacerdos
1591 2609 1599 2657 ;
1609 2606 1661 2661 pro
1669 2603 1761 2647 sacer-

960 2678 1032 2733 dotis
1046 2678 1125 2748 lapsu
1141 2679 1203 2751 quis
1220 2687 1366 2750 rogaturus
1382 2681 1446 2734 est‘l
1464 2699 1475 2730 ι
1492 2680 1560 2735 ltem
1580 2680 1759 2751 hugustinns,

961 2766 1073 2822 homilia
1082 2771 1097 2823 o
1107 2773 1193 2832 ttract.
1202 2768 1260 2839 6,in
1277 2768 1368 2832 toan,
1378 2769 1438 2836 ni)
1451 2785 1457 2824 ι
1472 2791 1484 2816 «r
1497 2769 1556 2822 Non
1568 2768 1657 2822 ornnis
1665 2768 1711 2837 qui
1722 2767 1760 2821 di·

961 2856 1017 2911 cit:
1035 2857 1089 2910 Pax
1104 2857 1255 2922 vobiscum,
1272 2857 1425 2912 audiendus
1439 2865 1481 2912 est
1503 2856 1573 2912 sieut
1594 2855 1731 2913 colurnba.
1749 2879 1759 2904 ι

961 2946 1078 3014 llloxque
1094 2960 1232 3001 corrurna
1248 2945 1376 3000 columba
1391 2944 1558 3011 discernens,
1573 2945 1611 3000 ait
1627 2963 1633 2999 ε
1651 2967 1663 2993 s
1682 2944 1762 3002 Corui

111 3062 215 3135 passim
238 3058 411 3116 constituunt
425 3057 600 3125 accusandos,
626 3056 796 3129 qnodtamen
822 3056 909 3111 solum
924 3056 949 3119 C
964 3033 998 3089 de
1021 3042 1108 3090 “wile
1130 3041 1280 3104 Daiiuflffli
1296 3053 1303 3089 ²
1317 3037 1368 3089 ¹¹⁰⁰
1390 3034 1519 3090 00¹¹¹¹¹¹b⁸
1540 3050 1595 3090 ¹¹⁰⁰
1618 3034 1711 3104 habet,
1726 3035 1761 3090 ‘¹⁰

110 3158 227 3224 negatur
254 3147 418 3215 criminosis,
448 3162 510 3202 eum
554 3145 776 3216 reprehendendo
804 3145 909 3201 Veritas

114 3241 171 3312 ipsa
186 3238 331 3296 constituat
348 3252 354 3291 :
371 3237 400 3293 Si
410 3236 485 3291 mule
497 3235 609 3293 locutus
621 3250 694 3302 suoi,
714 3236 910 3291 testimonium

113 3329 225 3402 perhibe
236 3327 268 3383 de
277 3326 352 3382 moto
360 3326 451 3395 (loon.
463 3339 539 3392 xvru,
551 3324 607 3394 23).

114 3443 181 3499 Car.
202 3442 287 3498 xvtt.
306 3439 384 3505 Quod
395 3441 482 3496 etiam
493 3441 558 3496 honi
569 3439 635 3496 laici
650 3439 686 3494 ud
701 3440 910 3496 accusationem

275 3515 464 3584 episcoporum
484 3517 552 3567 runt
569 3511 749 3566 admittendi.

149 3629 227 3687 Unde
238 3644 271 3684 ex
284 3626 501 3683 chalcedonensi
517 3625 641 3693 concilio,
656 3640 717 3696 cap.
732 3629 777 3694 at,
794 3625 911 3683 clericos

30 3733 32 3736 ·
114 3718 259 3776 autlaicos
271 3722 439 3780 accusantes,
451 3723 476 3770 ct
491 3714 601 3786 passim,
618 3723 645 3770 et
664 3716 724 3770 sine
751 3714 911 3787 probatione

113 3806 256 3878 episcopos
280 3808 307 3859 et
337 3802 452 3860 clericos
480 3803 513 3856 ad
536 3803 733 3859 accusationem
759 3803 841 3874 recipi
857 3818 912 3857 non

113 3895 224 3961 debere,
249 3892 301 3947 nisi
329 3892 404 3964 prius
424 3907 517 3947 eorum
554 3891 712 3947 discutiatur
725 3891 912 3948 aestimationis

113 3983 216 4057 opinio.
238 3982 266 4036 ln
296 3996 349 4051 quo
376 3996 429 4035 non
464 3979 552 4034 solum
575 3979 674 4047 clerici,
703 3982 750 4035 sed
766 3979 911 4037 otluiciad

115 4071 317 4131 accusationem
332 4069 521 4140 episcoporum
538 4068 716 4139 recipiuntur,
733 4069 755 4124 si
766 4085 819 4125 non
849 4085 912 4141 pas·

117 4162 168 4218 sim
185 4168 210 4215 et
225 4157 387 4223 inordinate,
403 4157 451 4212 sed
467 4172 528 4212 cum
542 4156 736 4227 approbatione
750 4158 913 4230 culpaealie·

116 4267 170 4318 nae,
182 4257 208 4306 ει
220 4263 281 4304 cunr
297 4245 425 4317 opinione
440 4245 517 4300 bonae
528 4260 583 4301 suaa
596 4245 753 4301 intentionis
780 4246 912 4317 bonaeqno

115 4341 181 4396 uitae
196 4343 332 4395 accusent.
349 4335 425 4391 Unde
438 4350 472 4390 ex
488 4333 605 4392 concilio
616 4335 834 4408 Carthaginensi,
849 4352 910 4407 cap.

115 4435 142 4495 8,
156 4425 300 4484 Numidius
322 4425 467 4495 episcopus

117 4515 311 4591 quamplurimi
336 4528 391 4568 non
415 4513 495 4568 bonae
520 4513 743 4582 conuersationis,
759 4513 806 4584 qui
821 4513 912 4569 existi·

116 4613 191 4663 mant
220 4603 338 4672 maiores
371 4602 488 4657 natural
504 4602 648 4674 episcopos
676 4605 778 4673 passim
789 4618 912 4674 vageque

117 4697 144 4751 in
156 4691 329 4750 accusatione
340 4690 499 4761 pulsandos.
515 4689 625 4746 Debent
640 4700 693 4745 tuna
708 4690 787 4748 facile
810 4690 913 4745 admitti

117 4799 204 4841 necne
219 4782 234 4836 ‘i
247 4778 372 4836 Aurelius
399 4780 542 4851 episcopus
570 4779 655 4836 dixit:
676 4803 686 4830 r
716 4781 808 4836 Placet
830 4780 915 4852 igitur

118 4869 246 4929 charitati
269 4875 376 4937 restrae,
403 4877 430 4923 nt
455 4868 479 4923 is
495 4867 540 4938 qui
555 4868 690 4939 aliquibus
708 4869 857 4926 sceleribus
880 4868 915 4923 ir-

118 4961 273 5024 retitusest,
287 4973 382 5014 uocem
397 4956 530 5013 adversus
547 4957 667 5028 maiores
687 4963 755 5014 natu
778 4973 834 5014 non
861 4959 913 5014 ha·

118 5051 185 5107 beat
198 5045 349 5104 accusandi.

120 5163 301 5223 Car.Xl'lll.
323 5161 397 5228 Quod
420 5161 611 5233 ionijuuccer
632 5162 765 5220 districta
780 5165 915 5238 increpu-

268 5233 440 5290 tioncmulos
455 5250 535 5290 serres
549 5237 639 5305 scrire
650 5235 771 5291 deierat..

155 5354 209 5410 Sed
220 5356 293 5427 quod
304 5355 345 5410 his
358 5356 437 5412 malis
451 5357 630 5420 interdicitur,
646 5360 700 5417 hoc
722 5360 788 5416 alibi
813 5363 915 5417 aduer-

120 5456 167 5496 sus
177 5443 390 5515 malosmajores
403 5447 719 5519 natubonisJ'nnioribus
743 5450 913 5507 conceditur.

120 5528 197 5587 Unde
212 5531 361 5606 Gregorius
375 5533 567 5608 (lib.rx,epist.
578 5539 740 5612 t)Januario
760 5540 890 5614 episcopo
905 5555 913 5598 :

495 4422 656 4479 tffutiranus
675 4424 745 4479 dixit
769 4442 776 4480 :
807 4448 818 4473 a
840 4410 949 4480 SuntD

965 3121 1089 3194 irugibus
1108 3130 1187 3177 terrae
1202 3122 1286 3188 ririt;
1304 3123 1434 3178 innocens
1449 3132 1490 3178 est
1504 3123 1591 3179 victus
1604 3122 1673 3190 ejus.
1684 3121 1762 3191 Quod

965 3226 1044 3276 vere,
1060 3210 1169 3278 iratres,
1187 3211 1341 3265 mirandum
1356 3211 1383 3265 in
1402 3212 1547 3274 columba;
1564 3209 1611 3266 scd
1636 3226 1762 3281 passeres

966 3298 1118 3353 brevissimi
1143 3298 1187 3355 vel
1210 3316 1320 3355 muscas
1342 3300 1477 3355 occidunt.
1500 3298 1573 3353 Nihil
1600 3301 1699 3353 horum
1720 3313 1763 3354 co·

967 3386 1080 3453 lumba;
1097 3402 1150 3443 non
1165 3388 1199 3443 de
1214 3396 1300 3443 morte
1313 3390 1440 3458 pascitur.
1453 3410 1464 3436 r
1477 3386 1547 3456 Quia
1562 3402 1628 3459 ergo
1643 3386 1762 3458 episcopi

964 3490 1019 3530 non
1034 3483 1098 3530 sunt
1111 3475 1242 3546 episcopi,
1257 3477 1434 3547 presbyteria
1449 3476 1561 3532 Daniele
1582 3491 1668 3547 puero
1686 3476 1762 3545 judi·

965 3572 1083 3630 cantnr;
1100 3565 1140 3618 sal
1156 3564 1345 3626 infatuatur,a
1363 3565 1455 3636 porcis
1466 3565 1661 3631 conculcatur;
1678 3565 1760 3636 etqui

965 3652 1048 3709 dicit:
1073 3654 1128 3707 Pax
1144 3653 1297 3722 vobiscum,
1315 3662 1421 3709 nonest
1440 3653 1575 3719 columba,
1592 3655 1639 3707 sed
1665 3668 1763 3709 corvus

965 3745 1116 3812 reputatur.
1135 3742 1196 3797 Non
1212 3758 1281 3813 ergo
1297 3759 1404 3813 semper
1419 3758 1468 3814 pro
1483 3742 1571 3798 officio
1586 3745 1629 3798 vel
1642 3742 1760 3798 auctori-

967 3834 1020 3885 tate
1033 3846 1156 3901 personae
1171 3839 1266 3886 eontra
1281 3847 1378 3902 pueros
1399 3839 1440 3886 cst
1455 3829 1604 3902 agendum,
1621 3846 1682 3886 cum
1707 3844 1764 3887 orn·

965 3921 1008 3977 nis
1032 3934 1149 3990 persona
1171 3919 1352 3974 criminaliter
1383 3935 1508 3990 peccans,
1534 3919 1655 3982 alterata,
1675 3927 1704 3974 ut
1727 3919 1762 3973 ita

966 4010 1064 4076 dicam,
1079 4016 1107 4063 et
1119 4008 1208 4077 capite
1222 4007 1311 4061 minor
1328 4006 1440 4078 legibus
1453 4014 1609 4063 censeatur.
1627 4006 1681 4076 Qui
1690 4007 1761 4062 enim

965 4096 1027 4152 iacit
1041 4104 1185 4167 peccatum
1210 4111 1309 4151 seruus
1332 4103 1372 4151 est
1393 4096 1498 4165 peccati
1520 4096 1687 4166 (doemunt,
1704 4098 1756 4165 at),

967 4195 1023 4242 tam
1039 4186 1065 4240 in
1080 4199 1161 4257 poena
1176 4199 1256 4255 quarn
1272 4184 1299 4238 in
1314 4186 1408 4256 culpa.

967 4293 1030 4349 Car.
1043 4293 1106 4348 XX.
1118 4289 1197 4359 Quod
1205 4290 1409 4362 aliquismolcs
1422 4292 1566 4363 episcopus
1583 4292 1626 4347 uel
1637 4291 1763 4362 impudi-

997 4380 1057 4429 cus,
1074 4365 1155 4419 canu
1168 4365 1258 4433 magia
1272 4361 1407 4418 dicecdus
1419 4369 1462 4418 est
1472 4379 1554 4434 quum
1570 4363 1728 4435 episcopua.

1000 4461 1078 4517 Unde
1093 4459 1243 4531 Gregorius
1259 4479 1264 4514 :
1292 4482 1301 4507 ι
1319 4459 1369 4528 Qui
1386 4476 1435 4515 nec
1448 4459 1589 4531 regiminis
1604 4459 1763 4516 insecutio

966 4565 1029 4605 uem
1053 4549 1163 4616 habuit,
1178 4565 1229 4606 nec
1251 4565 1298 4603 sua
1322 4548 1422 4605 delicta
1447 4549 1565 4614 detersit,
1589 4565 1639 4604 nec
1660 4549 1764 4605 crimen

968 4637 1084 4694 filiorum
1111 4638 1241 4704 correxit,
1259 4637 1334 4693 canis
1357 4637 1446 4710 magis
1468 4637 1597 4692 dicendus
1620 4645 1663 4693 est
1685 4652 1764 4709 quarn

968 4726 1119 4798 episcopis.
1142 4749 1153 4776 r
1171 4725 1276 4795 Quibus
1292 4742 1359 4798 ergo
1374 4726 1568 4796 Hieronymus,
1584 4726 1763 4798 Augustinus,

968 4815 1119 4888 Gregorius
1141 4815 1269 4870 unierunt
1291 4830 1392 4870 nornen
1415 4815 1548 4870 columbae
1569 4812 1615 4869 vei
1634 4813 1764 4885 episcopi,

970 4920 1061 4961 nonne
1076 4911 1102 4960 et
1116 4902 1292 4975 privilegium
1313 4903 1490 4959 arrterendum
1512 4910 1563 4969 est,
1579 4908 1609 4957 ut
1632 4904 1764 4972 possinta

969 4993 1093 5064 subiecto
1109 4993 1270 5064 reprehendi
1282 4994 1296 5045 ‘l
1312 4992 1388 5048 Unde
1399 5000 1425 5046 et
1435 4991 1579 5062 Scriptura
1590 4991 1764 5048 dissimulans

969 5082 1141 5154 privilegium
1157 5097 1248 5153 pravae
1272 5079 1427 5145 senectutis,
1443 5080 1501 5134 ait:
1519 5079 1696 5146 Maledictus,
1712 5095 1765 5136 non

970 5171 1072 5238 senior,
1087 5171 1136 5227 aad
1147 5187 1220 5243 puer·
1234 5173 1350 5226 cantum
1365 5185 1507 5225 annorum
1520 5169 1585 5240 (lec.
1598 5184 1660 5236 cxv,
1673 5170 1730 5242 ιθ).

969 5296 1034 5351 Car.
1050 5296 1125 5351 xxt.
1149 5294 1226 5362 Quod
1247 5311 1264 5348 a
1285 5295 1442 5419 minor-qius
1461 5308 1518 5348 uon
1538 5293 1576 5348 sit
1599 5291 1766 5365 refugiendo

1287 5381 1382 5421 corrcc
1400 5382 1438 5419 ro.

1005 5456 1073 5526 Quia
1087 5471 1154 5528 ergo
1174 5471 1224 5511 usu
1238 5462 1266 5509 et
1280 5455 1441 5509 auctoritate
1459 5453 1562 5509 obtinet
1587 5453 1722 5522 Ecclesia,
1740 5458 1768 5508 ut

967 5544 1097 5617 praelatos
1110 5544 1211 5601 subditi
1225 5542 1425 5614 reprehendant
1437 5549 1464 5599 et
1476 5549 1617 5608 accusent;
1634 5543 1676 5600 sic
1686 5543 1767 5600 etiarn
