3728 6000
97 230 147 314 bbi
640 237 830 299 Expostulo
847 240 987 302 atram
1005 243 1043 301 IN
1061 245 1198 304 carario.
1692 254 1747 315 5⁰2

97 368 160 424 quoe
173 357 276 426 caruis,
292 375 353 431 qne
366 359 466 429 saecrrli,
480 362 524 419 rel
539 371 667 421 creatura
681 365 780 435 omnis,
796 367 934 431 cunctaA
949 369 1055 437 dieitur,
1073 381 1100 427 ιιι
1115 389 1131 428 a
1144 372 1207 431 titiis
1222 375 1320 447 sponsi
1344 376 1387 433 lac
1410 375 1473 433 inde
1488 394 1625 436 sacrorum
1654 382 1742 440 nutri-

98 443 125 498 ei
139 444 286 517 desipiant,
303 460 332 504 ιιι
344 451 425 505 libeat
437 452 554 518 immori,
566 453 631 508 dum
645 454 724 511 liceat
739 457 891 513 immorari.
948 467 1099 515 mentorum
1113 462 1234 537 sugatur.
1258 466 1317 522 Duo
1338 465 1409 522 enim
1434 468 1492 524 hec
1517 470 1600 525 ubera
1615 471 1740 541 Sponsae,

96 530 219 607 Cumque
234 538 317 593 sentit
332 540 404 609 quod
419 540 515 608 nescit,
530 546 590 597 orat
604 544 678 613 quod
697 543 815 618 ignorat,
832 545 893 617 quia
947 549 1081 619 sapientia
1109 555 1135 606 et
1162 553 1276 609 scientia
1309 562 1389 618 sunt.
1413 557 1447 612 de
1469 557 1565 629 quibus
1590 562 1743 631 Apostolus

95 620 214 692 Spiritus
236 635 278 681 est
301 627 346 700 qui
371 644 419 699 pro
443 646 475 685 eo
495 630 779 700 postulatsecuudum
795 635 892 701 Deum,
946 636 1011 690 dicit
1028 639 1133 695 :cdlii
1156 641 1232 697 datrrr
1255 645 1446 715 perspiritum
1470 663 1559 702 sermo
1587 649 1741 719 sapientias,

94 725 149 766 non
165 714 317 770 secundum
329 717 485 783 bominem
504 720 549 790 qui
566 721 669 776 sentire
681 738 742 776 eum
754 737 787 777 ac
797 729 893 793 postu·
947 725 990 779 alii
1005 743 1094 783 sermo
1108 729 1228 786 sciautiae
1243 733 1268 802 (l
1282 733 1342 788 Cor.
1355 740 1414 803 ιιι.)
1430 759 1441 784 ι
1461 736 1496 790 Er
1513 735 1555 790 his
1570 739 1670 793 etenim
1686 746 1743 794 tra·

94 797 152 854 lare
180 809 205 856 et
228 801 383 861 desiderare
406 806 486 872 iacit,
509 808 626 879 idipsum
651 810 724 880 quod
749 811 892 867 sentiendo
948 815 1011 869 hunt
1028 813 1073 870 lilii
1087 816 1188 888 Sponsi
1203 836 1273 876 verae
1289 823 1351 877 vitas
1366 823 1525 889 subsidium,
1543 825 1594 881 hoc
1611 835 1649 881 est
1665 843 1743 883 amo·

92 888 189 956 nescit,
215 906 246 947 ac
270 895 521 952 nesciendoscotit.
546 897 625 953 Solus
646 899 716 954 enirn
741 899 786 971 qui
809 917 888 956 scru-
945 919 1002 959 rem
1019 906 1077 960 Dei.
1093 906 1199 962 Conditi
1214 923 1283 965 sane
1307 911 1343 965 ad
1365 911 1512 984 imaginem
1537 923 1563 969 et
1588 915 1744 972 similitudi-

92 983 164 1034 tatur
188 995 245 1051 cor,
261 982 312 1037 scit
326 983 389 1055 quid
404 985 538 1041 desiderat
555 987 682 1057 Spiritus,
699 990 751 1045 hoc
764 997 804 1045 est
819 990 892 1060 qued
946 1008 1008 1049 nem
1023 993 1160 1052 Creatoris
1178 998 1362 1054 cecideramus
1376 1014 1392 1054 t
1407 1002 1465 1056 Dco
1480 1002 1506 1056 in
1523 1019 1572 1059 nos
1586 1020 1634 1074 par
1648 1021 1742 1075 pecea-

91 1068 249 1126 desiderare
277 1071 341 1127 facit
367 1074 576 1132 desiderantem.
596 1078 691 1149 Agitur
719 1085 811 1134 autem
839 1081 892 1135 hoc
945 1088 1013 1148 tum,
1030 1086 1057 1138 et
1078 1100 1094 1139 a
1118 1085 1196 1140 nobis
1222 1086 1291 1141 inira
1315 1104 1373 1155 nos,
1397 1089 1424 1144 in
1449 1095 1555 1146 tantum
1578 1092 1743 1162 protundum

90 1173 212 1224 curruca,
230 1160 273 1215 rel
289 1160 317 1215 in
333 1177 365 1217 ea
379 1164 468 1218 aniana
484 1181 544 1235 qaae
566 1166 671 1236 Sponsa
695 1184 755 1222 esse
782 1168 889 1234 meruit,
945 1169 1182 1240 dissimilitudinis,
1200 1182 1228 1229 ut
1253 1176 1324 1231 nulla
1345 1186 1417 1233 esset
1440 1195 1513 1248 spes.
1536 1180 1590 1236 Sed
1607 1181 1681 1236 venit
1698 1182 1742 1237 Fl-

89 1261 154 1302 cum
179 1264 211 1303 er
236 1249 285 1316 eis,
301 1249 449 1322 dequibus
464 1253 593 1309 Dominus
608 1255 687 1324 dixit,
706 1279 716 1302 u
735 1255 891 1326 etquidem
945 1257 998 1313 lius
1012 1260 1071 1328 Dei,
1085 1270 1187 1317 aeterna
1207 1264 1349 1334 sapientia,
1366 1275 1393 1320 et
1407 1266 1546 1323 inclinarit
1571 1268 1654 1325 coelos
1676 1286 1743 1326 suos

88 1351 121 1391 aa
135 1353 198 1408 quae
213 1337 247 1393 de
262 1353 303 1393 mo
318 1347 389 1408 sunt,
406 1339 485 1395 linem
500 1342 601 1398 lrabeat
616 1345 696 1414 (iun.
713 1347 793 1413 ιιιι),
807 1369 817 1393 ι
837 1345 890 1401 sai-
946 1355 973 1403 et
986 1348 1135 1420 descendit,
1148 1359 1175 1407 et
1190 1351 1253 1408 iecit
1268 1353 1301 1409 dc
1316 1356 1462 1426 semetipso
1477 1357 1607 1429 quiddam
1622 1357 1649 1412 in
1665 1358 1744 1414 nobis

88 1423 155 1481 licet
174 1425 209 1480 de
229 1426 428 1498 dispensatione
443 1428 597 1488 Dominicae
612 1433 798 1501 humanitatis,
815 1442 841 1488 et
856 1450 890 1489 ex
945 1437 1017 1509 quod
1032 1437 1120 1494 simile
1144 1448 1217 1496 esset
1240 1443 1330 1509 nobis,
1356 1444 1428 1515 quod
1450 1445 1741 1516 apprehenderemus:

88 1513 284 1585 multiplicibus
299 1516 451 1586 beneflciis,
467 1535 527 1589 quaa
543 1520 643 1576 exinde
658 1520 738 1576 nobis
753 1521 891 1593 profluxe-
945 1532 972 1580 et
985 1526 1075 1583 simile
1090 1528 1142 1582 sibi
1165 1545 1214 1599 per
1238 1531 1309 1602 quod
1335 1532 1485 1588 levaremur
1501 1550 1507 1588 :
1525 1535 1601 1602 cujus
1620 1533 1742 1605 mysterii

89 1608 175 1669 runt,
203 1602 356 1674 symbolum
385 1604 445 1662 fidei
472 1610 549 1678 quasi
578 1609 725 1680 quemdam
756 1609 890 1682 colligans
945 1613 1072 1671 continua
1100 1617 1234 1674 memoria
1270 1620 1395 1676 eorrtinua
1421 1629 1494 1677 esset
1521 1622 1670 1678 medicina.
1709 1623 1742 1678 Et

89 1689 255 1749 fasciculum
272 1695 401 1764 myrrhae,
416 1695 506 1751 locum
521 1696 545 1752 ci
558 1697 662 1767 praebet
673 1698 699 1752 in
717 1699 808 1755 medio
824 1699 930 1786 ube-B
946 1702 1090 1760 fasciculus
1105 1708 1221 1778 myrrhae
1233 1715 1275 1762 est
1290 1710 1362 1780 quod
1386 1711 1628 1781 apprehendimus
1645 1711 1741 1768 botrus

87 1797 149 1835 rum
167 1797 287 1851 suorum,
303 1783 331 1837 in
347 1785 440 1851 corde,
464 1785 490 1839 in
513 1785 578 1841 sede
603 1794 678 1841 certa
702 1788 840 1843 memoriae
864 1795 890 1843 et
945 1808 1008 1848 rere
1021 1794 1110 1864 Cypri,
1127 1811 1177 1866 per
1190 1795 1262 1866 quod
1276 1796 1406 1853 levamur.
1417 1799 1456 1854 De
1466 1816 1519 1871 quo
1530 1799 1620 1854 subdit
1628 1809 1655 1858 ct
1665 1799 1738 1857 dicit.

87 1871 275 1927 teneritudine
289 1873 359 1928 bene
374 1872 675 1943 allectaeeonscientiae,
693 1892 749 1946 quo
772 1893 823 1931 nec
847 1875 888 1931 ia·
983 1904 993 1930 ι
1023 1880 1125 1938 Botrus
1148 1884 1230 1957 Cypri
1254 1886 1369 1941 dilectus
1393 1903 1472 1944 meus
1496 1889 1579 1956 milri,
1604 1889 1633 1944 in
1653 1889 1740 1946 uineis

86 1958 143 2014 cile
157 1975 299 2015 accessum
315 1962 413 2017 babeat
428 1962 539 2017 inimica
550 1964 671 2033 tentatie,
683 1980 733 2020 nec
747 1965 888 2021 laesiouem
944 1970 1079 2043 Engaddi.
1089 1995 1100 2019 ι
1112 1971 1187 2040 eros
1202 1974 1276 2028 enim
1290 1975 1441 2030 amaritudo
1457 1978 1573 2047 myrrhae
1588 1977 1739 2043 contristat,

87 2047 132 2103 rel
148 2048 290 2103 minimam
306 2049 368 2104 lidei
384 2050 439 2120 pati
464 2051 550 2120 possit
574 2052 636 2124 ipsa
660 2053 762 2109 auroris
787 2054 889 2109 teneri·
945 2057 1036 2112 vinum
1053 2059 1177 2116 laetilicat.
1199 2062 1228 2116 ln
1243 2064 1352 2133 myrrlra
1376 2063 1448 2118 enim
1472 2063 1631 2136 intelligitur
1660 2079 1740 2120 ama-

90 2135 169 2191 todo.
201 2137 311 2206 llyrrlra
325 2139 424 2208 quippe
440 2149 605 2195 mortuorum
622 2156 740 2212 corpora
754 2142 887 2196 condiun·
944 2147 1031 2202 riturlo
1046 2148 1196 2218 passionis;
1212 2150 1240 2205 in
1250 2151 1312 2206 vino
1323 2152 1394 2207 botri
1410 2152 1501 2207 laetitia
1516 2152 1736 2217 resurrectionis;

87 2231 142 2288 tur,
170 2232 198 2279 et
219 2225 425 2297 amarisaporis
449 2236 487 2281 est
510 2229 658 2283 secundum
679 2230 888 2285 amaritudinem
942 2235 1244 2310 infasciculomyrrhae
1272 2256 1319 2310 per
1347 2239 1453 2296 lidelcrn
1480 2242 1640 2297 memoriam
1661 2256 1738 2312 quae·

87 2313 230 2384 passionis
251 2330 332 2385 quam
348 2331 447 2385 passus
460 2324 501 2370 est
514 2317 646 2372 Dominus
662 2325 772 2389 propter
786 2335 846 2385 nos,
863 2327 889 2374 et
943 2340 1050 2397 cunque
1066 2326 1176 2381 iurarunt
1190 2326 1217 2381 in
1232 2328 1336 2384 Christo
1358 2329 1486 2385 humanae
1505 2329 1696 2401 passibilitatis
1709 2335 1738 2386 et

87 2402 238 2458 odorisest
255 2402 317 2458 boni
341 2405 489 2459 secundum
520 2405 681 2461 suauitatem
710 2408 811 2461 amoris
836 2424 888 2477 qim
941 2414 1124 2481 mortalitatis,
1141 2415 1169 2469 in
1184 2415 1246 2470 vino
1268 2415 1337 2470 botri
1352 2432 1399 2486 per
1414 2433 1490 2486 spem
1517 2426 1544 2473 et
1568 2416 1736 2473 intellectum

87 2488 184 2544 dilexit
201 2504 266 2544 nos.
297 2490 330 2544 Et
343 2490 407 2545 vide
421 2491 569 2562 spiritualis
582 2493 682 2548 amoris
693 2494 825 2562 jucundus
838 2494 888 2550 de·

84 2576 178 2633 licias.
202 2579 268 2633 Post
283 2578 393 2633 monilia
416 2588 442 2635 et
466 2581 628 2646 murenulas,
645 2589 706 2654 post
721 2582 822 2637 donum
842 2599 888 2638 sa·
941 2591 1025 2663 gaddi
1048 2600 1075 2648 et
1099 2593 1220 2648 balsamo
1244 2609 1293 2663 per
1315 2608 1439 2648 amorem
1466 2594 1582 2664 Spiritus
1610 2593 1700 2650 unctio
1722 2610 1739 2650 a

85 2666 210 2738 pientiae,
240 2671 302 2738 post
326 2668 442 2740 gratiam
470 2668 641 2739 eloquentis,
672 2670 780 2726 additur
809 2670 887 2743 quasi
942 2688 1053 2745 sancto,
1083 2688 1109 2736 et
1135 2681 1268 2752 gaudium
1296 2681 1324 2735 in
1352 2681 1454 2753 Spiritu
1487 2690 1592 2738 sancto.
1630 2683 1735 2753 Cyprus

84 2754 288 2812 olfactoriolum
317 2758 422 2827 pectori
450 2757 632 2829 alligandum,
658 2759 692 2813 ud
714 2758 886 2815 afficiendam
941 2777 1030 2824 autem
1052 2768 1140 2824 insula
1155 2769 1277 2824 mariset
1291 2770 1413 2840 Engaddi
1436 2771 1513 2827 locus
1535 2771 1628 2827 Judeae
1651 2771 1735 2842 longe

79 2843 158 2917 jugis
172 2844 309 2900 suavitate
328 2844 421 2900 odoris
444 2846 567 2902 devotum
584 2846 696 2916 Suousae
712 2848 885 2916 memoriam.
941 2858 976 2912 ab
1004 2857 1120 2913 invicem
1147 2858 1326 2929 disparantur,
1352 2869 1406 2914 tam
1428 2859 1549 2915 locorum
1580 2859 1736 2915 diversitate

84 2933 249 3004 passionum
265 2932 374 2989 Domini
388 2949 420 2989 ac
434 2934 528 2990 mortis
540 2935 644 3007 jugiter
664 2936 771 3006 spirans
794 2937 886 2992 ebari-
941 2961 1022 3017 quam
1037 2960 1178 3016 generosae
1188 2945 1331 3001 fertilitatis
1358 2945 1594 3002 dissimilitudine.
1614 2946 1734 3018 Cyprum

84 3029 181 3076 tatem.
218 3022 288 3076 liam
317 3022 399 3077 etiam
424 3023 571 3078 seeundum
598 3023 740 3095 physicam
767 3027 885 3097 myrrlrae
914 3032 1040 3102 ,etenim
1068 3032 1203 3103 insignem
1230 3032 1319 3088 reddit
1345 3031 1470 3088 fertilitas
1490 3033 1648 3102 vinearam3
1677 3033 1737 3088 lin·

84 3110 228 3177 uirtutem,
242 3117 337 3182 gustus
352 3109 412 3178 ejus
428 3110 483 3164 ιιιιι
500 3112 638 3168 mcnmriae
662 3111 817 3169 confortare
841 3114 886 3169 di·
940 3117 1023 3190 gaddi
1039 3133 1103 3172 vero
1118 3115 1233 3172 balsami
1247 3116 1383 3172 nobilitas.
1409 3118 1464 3174 Sed
1488 3118 1693 3190 conjunguntur
1707 3117 1735 3173 iu

84 3198 164 3255 citur.
183 3197 342 3254 Fasciculus
356 3208 456 3264 autern,
473 3215 527 3254 non
543 3199 635 3268 fascis,
652 3201 716 3272 quia
730 3210 812 3257 ιοιιιιιι
829 3203 887 3258 Do·
941 3222 1023 3261 unum
1039 3205 1144 3276 pietatis
1158 3214 1369 3272 sacramentum,
1387 3210 1418 3261 ut
1433 3207 1642 3262 amaritudinem
1658 3222 1736 3276 myr-

942 2502 1070 2574 gaudium
1093 2504 1127 2559 de
1152 2504 1250 2561 virtute
1276 2505 1494 2569 resurrectiorris;
1518 2506 1547 2560 in
1569 2505 1657 2561 uineis
1678 2505 1738 2561 En·
1839 2548 1845 2555 .

84 3286 194 3343 minicae
209 3287 343 3358 passionis
358 3287 460 3343 fascem
472 3287 548 3343 nulla
559 3301 653 3359 posset
668 3291 790 3346 bumana
803 3290 888 3347 virtus

83 3374 209 3431 sufferre.
240 3375 400 3431 Fasciculus
428 3376 532 3448 quippe
560 3377 719 3434 delicianrm
749 3388 806 3443 est;
837 3394 888 3437 neo

84 3463 225 3536 deprimit,
241 3464 288 3520 aed
304 3465 428 3520 subleuat
449 3474 602 3537 portantem
616 3468 662 3538 pie
677 3469 886 3524 commemorari

83 3562 111 3610 et
124 3553 282 3626 recogitare
298 3553 413 3609 dulciter
429 3555 573 3610 bonitatem
590 3563 616 3610 et
630 3570 737 3611 causam
759 3556 887 3628 patientia

84 3643 225 3698 etamoris
251 3641 312 3712 ejus
341 3644 519 3708 suavitatem
550 3651 749 3699 sacramentum
776 3645 886 3701 redem-

83 3731 199 3803 ptionis,
215 3729 373 3802 exemplum
394 3731 562 3800 humilitatis,
579 3734 804 3803 provocationem
818 3736 885 3789 eha-

84 3821 171 3875 ritatis
199 3836 231 3875 ao
258 3820 472 3875 resurrectionis
501 3821 638 3876 uirtutem.
660 3822 688 3877 Si
712 3837 794 3887 uero,
818 3823 887 3878 sicut

82 3909 151 3965 dicit
177 3910 339 3982 Apostolus,
366 3934 377 3958 ι
406 3917 507 3964 tantam
536 3909 741 3983 neglexerimus
770 3911 886 3967 salutem

84 3999 175 4066 (aas.
191 3998 232 4064 ιι),
247 4022 258 4047 ι
276 4005 303 4054 et
316 3997 344 4053 in
357 3997 463 4068 judicio
478 3997 610 4067 crucifixi,
626 3998 725 4067 crucis,
742 4007 769 4055 ct
784 3999 887 4070 passio-

84 4087 127 4143 nis
142 4095 170 4144 et
185 4087 335 4143 conculcati
350 4086 410 4156 ejus
426 4087 566 4159 sanguinis
582 4088 718 4160 exigimur
741 4087 885 4156 rationem,

84 4175 213 4241 Domine,
228 4175 354 4241 Domine,
383 4174 443 4245 quis
470 4175 635 4230 sustinebit?
651 4200 661 4224 u
680 4176 822 4232 Terribilis
838 4175 885 4231 illa

84 4273 127 4320 est
155 4264 329 4336 exspectatio
352 4264 459 4333 judicii.
474 4281 535 4336 qua·
556 4254 752 4335 consumptura
776 4273 818 4320 est
832 4263 884 4321 ad·

83 4352 224 4408 versarios
239 4354 328 4420 (Febr.
340 4360 379 4422 ι).
397 4375 408 4401 ι
427 4351 480 4406 Sed
497 4360 522 4408 et
537 4354 583 4422 qui
598 4353 716 4425 geminae
732 4353 759 4408 in
775 4353 884 4410 Christo

941 3295 998 3350 rbae
1020 3295 1054 3349 dc
1075 3294 1170 3349 dolore
1192 3293 1328 3365 passionis
1351 3301 1482 3366 temperet
1506 3295 1599 3350 botrus
1615 3295 1696 3366 Cypri
1711 3301 1738 3349 et

941 3383 1033 3437 vinum
1050 3381 1197 3448 laetificans,
1214 3383 1251 3437 ob
1263 3383 1389 3438 virtutem
1411 3389 1436 3438 et
1457 3381 1578 3439 letitiam
1594 3398 1738 3439 resurrec-

941 3467 1037 3529 tionis;
1067 3465 1273 3536 balsamumque
1299 3467 1323 3522 ei
1350 3465 1525 3538 conjungitur
1551 3465 1678 3538 Engaddi
1702 3466 1738 3521 ad

941 3555 1029 3612 omnis
1056 3555 1298 3611 consummationis
1326 3554 1556 3626 perfectionisque
1579 3554 1660 3610 finem
1687 3570 1739 3625 per

940 3643 1105 3699 inlusionem
1120 3642 1243 3714 Spiritus
1255 3643 1352 3699 sancti.
1367 3642 1523 3699 Fasciculus
1537 3659 1603 3715 ergo
1618 3645 1740 3714 myrrhae

940 3741 966 3789 et
982 3733 1074 3788 botrus
1089 3732 1169 3804 Cypri
1194 3748 1222 3786 ιιι
1247 3732 1337 3788 medio
1357 3732 1469 3787 uberum
1485 3733 1597 3802 Sponsae
1618 3747 1740 3788 commo·

941 3829 1022 3886 ratur,
1039 3836 1103 3877 curn
1127 3820 1159 3876 de
1183 3821 1289 3890 Sponsa
1313 3819 1409 3875 affecta
1431 3821 1575 3887 memoria,
1589 3820 1624 3876 de
1643 3821 1738 3890 altero,

941 3912 993 3966 boc
1016 3918 1057 3965 est
1079 3909 1114 3965 de
1138 3911 1251 3979 myrrha
1272 3910 1448 3977 humiliatum
1470 3910 1505 3965 do
1518 3909 1613 3977 altero,
1631 3909 1683 3964 huc
1697 3916 1742 3964 est

939 3999 973 4055 de
989 3999 1067 4053 botro
1082 3998 1238 4054 sublevatur
1254 4015 1259 4055 :
1278 4007 1409 4054 neutrum
1426 4005 1516 4052 tamen
1531 3999 1580 4052 nisi
1598 3999 1624 4052 in
1645 3997 1740 4053 balsa-

940 4103 984 4143 mo
999 4086 1139 4159 Engaddi,
1157 4087 1208 4142 hoc
1232 4093 1274 4142 est
1298 4086 1350 4141 nisi
1373 4086 1496 4142 visitante
1512 4086 1628 4156 Spiritus
1653 4088 1739 4142 sancti

939 4175 1036 4247 gratia,
1054 4183 1079 4229 et
1094 4173 1223 4229 memoria
1246 4173 1386 4237 adiciatur.
1414 4181 1440 4231 et
1463 4174 1618 4231 intellectus
1635 4174 1739 4231 illumi-

939 4269 1026 4329 netur,
1042 4266 1070 4317 el
1085 4276 1162 4317 amor
1183 4263 1355 4318 accendatur.
1377 4263 1473 4318 Botrus
1488 4263 1570 4318 stiam
1585 4262 1612 4317 in
1629 4279 1738 4320 memo·

937 4351 979 4406 ria
993 4350 1092 4422 Spousi
1106 4351 1142 4407 ob
1158 4349 1356 4406 multitudinem
1378 4352 1522 4408 acinorum
1546 4350 1735 4422 multiplicem,

82 4449 190 4497 naturae
216 4441 375 4497 altissimum
404 4439 564 4510 mysterium
593 4458 642 4513 per
670 4440 723 4496 vim
751 4442 880 4497 naturalis
895 4432 921 4491 D
936 4440 1039 4512 Cyprus
1055 4455 1119 4495 vero
1139 4439 1274 4511 insignem
1298 4439 1424 4512 designat
1445 4439 1587 4495 materiam
1612 4440 1734 4512 gaudio-

82 4529 191 4604 inqenii
205 4536 347 4600 penetrare
362 4545 392 4585 se
406 4527 548 4585 confidens
562 4530 660 4585 altiora
670 4545 699 4584 se
711 4529 879 4602 requisierit,

81 4617 127 4675 ael
143 4616 308 4688 promiserit,
325 4633 436 4689 grauem
452 4633 574 4689 superse
590 4617 648 4672 tulit
665 4617 778 4683 lasccm,
796 4626 822 4673 et
838 4617 881 4674 cni

81 4722 146 4763 eum
159 4704 336 4761 succumbere
352 4706 524 4761 accessesit.
558 4706 685 4776 llagnum
701 4705 800 4761 etenim
814 4705 881 4761 illud

81 4796 110 4851 in
141 4795 247 4850 Christo
273 4793 379 4863 pietatis
408 4803 622 4860 sacramentam,
645 4793 713 4850 sicut
734 4794 880 4863 apostolas

80 4882 158 4951 dicit,
173 4881 224 4938 etsi
239 4880 437 4938 manifestatum
455 4889 493 4936 est
517 4882 544 4937 in
566 4897 662 4948 carne,
679 4897 733 4938 non
745 4880 880 4954 justifica-

82 4980 126 5028 tur
139 4970 192 5027 nisi
205 4971 235 5024 in
250 4969 347 5042 spiritu
363 4969 388 5040 (l
403 4971 472 5026 Tim.
489 4972 541 5040 ιιι),
557 4971 610 5027 hoc
634 4978 675 5026 est
694 4971 806 5040 justitiae
820 4989 880 5044 quae

80 5084 133 5142 per
147 5066 231 5124 fldem
247 5074 298 5137 eat,
314 5066 388 5122 nulla
408 5067 512 5123 homini
527 5085 575 5124 seu
589 5084 639 5140 per
653 5067 792 5123 hominem
811 5069 881 5125 ratio

80 5164 159 5220 reddi
173 5166 262 5236 potest
276 5160 401 5236 dignitati
414 5163 454 5218 rei
469 5162 615 5231 sufficiens,
631 5161 683 5218 nisi
702 5163 745 5220 cui
760 5163 881 5237 Spiritus

80 5271 193 5321 sanetm
213 5262 342 5335 dignatus
363 5262 443 5320 tuerit
468 5262 604 5319 revelare.
629 5264 737 5335 Sponsa
751 5277 816 5320 vcro
830 5262 880 5318 sub

79 5360 211 5419 iascioulo
232 5375 282 5416 suo
305 5376 359 5416 non
383 5359 506 5429 laborat,
532 5360 596 5432 quia
620 5369 702 5416 amat.
736 5360 809 5416 Nam
835 5360 881 5433 qui

79 5464 163 5529 amat,
178 5471 234 5514 non
247 5456 366 5512 laborat.
386 5456 440 5512 Sed
461 5464 489 5512 et
515 5456 577 5513 ideo
601 5456 628 5512 in
652 5455 743 5512 medio
766 5457 880 5512 uberum

79 5556 195 5631 Sponsae
221 5555 356 5614 memoria
379 5554 476 5630 sponsi
504 5552 630 5613 collocari
658 5561 686 5612 et
713 5553 880 5612 commorari

936 4546 998 4585 rum
1024 4546 1030 4583 :
1056 4527 1203 4583 balsamum
1234 4535 1323 4584 autern
1352 4529 1477 4601 Engaddi
1517 4529 1605 4598 majus
1631 4529 1734 4601 aliquid

935 4616 1098 4689 digniusque
1131 4617 1205 4671 omui
1228 4616 1308 4683 aino,
1332 4617 1383 4673 boc
1405 4626 1448 4673 est
1471 4617 1544 4673 omni
1569 4616 1629 4674 ritae
1653 4618 1734 4688 hujus

935 4705 1047 4777 gaudio,
1062 4704 1152 4761 oleum
1167 4704 1269 4761 scilicet
1284 4705 1392 4774 letitiae,
1410 4712 1438 4761 et
1452 4706 1606 4761 unctionem
1617 4705 1735 4776 Spiritus

935 4795 1030 4860 sancti,
1040 4810 1094 4866 quo
1109 4794 1197 4865 ipsum
1213 4793 1296 4849 etiam
1308 4794 1446 4864 Sponsum
1458 4795 1545 4849 Deum
1557 4794 1638 4850 unxit
1653 4795 1735 4852 Pater

936 4883 1008 4937 Deus
1023 4897 1077 4953 pne
1092 4880 1271 4952 participibus
1280 4881 1343 4937 suis.
1353 4880 1421 4950 Quae
1432 4881 1503 4938 onim
1515 4896 1550 4938 ex
1562 4881 1616 4938 lide
1631 4892 1657 4939 et
1671 4900 1731 4955 spe,

935 4987 968 5025 ex
984 4969 1117 5025 memoria
1140 4977 1167 5025 et
1188 4968 1325 5026 intellectu
1349 4973 1421 5036 sunt,
1450 4970 1571 5042 aliquem
1587 4972 1689 5028 amoris
1705 4980 1733 5029 et

935 5065 1031 5140 gaudii
1055 5066 1179 5123 videntur
1209 5067 1311 5123 habere
1341 5065 1488 5137 affectum
1514 5067 1650 5140 gaudium
1669 5084 1735 5125 vero
1836 5068 1840 5073 '

934 5162 961 5219 in
975 5164 1075 5235 Spiritu
1094 5172 1204 5232 sancto,
1220 5164 1248 5218 in
1263 5163 1433 5236 plenitudine
1448 5164 1559 5232 amoris,
1584 5164 1612 5219 in
1637 5181 1736 5236 super-

935 5261 1098 5318 eminentem
1130 5263 1205 5318 omni
1238 5261 1337 5334 gaudio
1369 5261 1514 5336 quemdam
1556 5261 1736 5319 beatitudinis

935 5358 1040 5431 proiicit
1058 5358 1206 5416 edentum:
1225 5359 1270 5431 qui
1286 5358 1313 5414 in
1328 5375 1361 5415 eo
1377 5357 1523 5433 perficitur,
1545 5360 1617 5432 quod
1641 5360 1736 5417 oculus

935 5470 990 5510 noo
1005 5455 1084 5523 vidit,
1108 5471 1160 5512 nec
1181 5455 1256 5511 auris
1279 5456 1398 5525 audivit,
1424 5472 1475 5512 nec
1499 5455 1528 5511 in
1549 5471 1597 5514 cor
1619 5457 1737 5514 hominia

934 5555 1066 5623 ascendit,
1082 5554 1235 5613 incivitate
1251 5554 1298 5611 illa
1311 5556 1373 5626 Dei,
1389 5555 1425 5612 de
1440 5571 1493 5626 qua
1518 5557 1547 5612 in
1574 5556 1682 5612 Psalmo
1696 5557 1739 5612 le-
