3728 6000
82 215 99 270 5
649 210 834 270 EPISTOLAE
854 209 898 268 ET
916 208 1117 268 Pnivltettta
1664 204 1734 270 1526

82 340 168 396 entius
181 339 380 397 obviandum.
396 340 496 397 bilecti
514 340 569 397 lilii
581 338 786 410 (Manegaudil
802 336 853 394 ab·
870 338 894 393 A
907 335 1036 392 dunensi
1047 335 1175 393 concilio
1188 338 1386 393 statutumesl
1398 334 1471 392 nulli
1482 333 1545 405 regi
1555 334 1735 406 relimpera·

82 431 102 484 is
115 431 143 485 S.
159 430 308 485 Michaelis
319 445 441 500 gravem
457 445 553 503 nuper
567 429 721 502 querelam
737 427 852 499 accepi·
908 426 973 491 tori,
995 442 1048 481 seu
1065 425 1222 489 advocato,
1241 424 1315 481 nulli
1330 424 1534 481 ecclesiasticen
1558 424 1733 482 saecrrlarive

82 534 103 585 s,
120 518 203 590 quod
215 534 317 574 eomes
332 519 505 591 haynaldus
517 534 585 575 euin
611 524 639 574 et
650 516 804 573 ecclesiam
825 515 851 571 ei
908 529 1041 586 personae
1053 514 1141 571 liceat
1156 514 1363 570 decedentium
1376 513 1670 587 archiepiscoporum
1680 529 1732 570 seu
1836 582 1840 589 1

82 608 219 661 imissam
235 606 437 678 multipliciter
465 606 622 678 inquietat,
648 610 677 661 et
691 604 772 661 hona
788 604 851 675 ejus
905 603 1160 675 presbyterorum,
1181 604 1225 659 vel
1241 603 1425 675 reliquorum
1445 601 1620 659 clericorum
1632 604 1732 659 treve·

82 710 160 766 pere,
177 694 376 768 hominesque
391 696 485 767 ipsius
511 695 616 751 illicitis
631 693 849 760 exactionibus,
904 691 1000 747 reneis
1008 691 1231 748 Ecclesiaehona
1239 692 1403 763 pervadere
1414 707 1466 747 seu
1476 692 1614 763 diripere,
1623 691 1733 764 sedpo·

82 783 157 843 tertis
172 790 201 840 et
213 784 362 856 pressuris
381 784 513 854 affligere
528 800 588 840 uon
604 784 728 840 desistit.
905 781 962 836 tius
970 780 1033 837 haec
1047 781 1110 853 ipsa
1123 781 1161 836 ad
1169 796 1246 852 opus
1255 781 1384 854 eligendi
1394 780 1534 837 antistitis
1539 779 1732 852 juxtadispo·

82 886 113 927 er
137 872 303 944 apostolica
317 873 417 945 itaque
442 872 523 928 robis
549 871 660 944 scripta
671 872 850 928 mandamns
905 870 1043 926 sitionem
1059 870 1208 925 oeconomi
1221 874 1249 925 et
1259 868 1434 925 clericorum
1449 868 1541 925 libere
1553 884 1730 926 conserven-

82 965 174 1016 .tenus
191 961 332 1017 eumdem
344 962 483 1017 comitem
498 961 658 1017 districtius
666 960 850 1016 moneatisut
905 963 959 1015 tur.
977 958 1021 1014 Ob
1037 959 1182 1029 majorem
1195 973 1318 1030 quoque
1333 957 1530 1014 reverentiam
1549 962 1578 1014 et
1590 958 1730 1015 decorem

82 1049 188 1106 raedicti
211 1050 263 1106 filii
287 1051 379 1106 nostri
393 1056 421 1106 et
436 1049 567 1106 ecclesiae
582 1066 645 1105 sum
661 1049 850 1106 intestatione
903 1047 1068 1104 commissae
1082 1048 1133 1104 tibi
1156 1046 1290 1104 Eeclesiae
1300 1051 1362 1103 tarn
1373 1047 1410 1103 de
1424 1046 1587 1120 equitando
1602 1062 1656 1120 per
1674 1052 1732 1104 sta·

82 1139 157 1205 istat,
174 1140 281 1211 injuste
294 1139 716 1209 ablataeirestituat,irrogata
735 1139 849 1195 damna
905 1137 998 1192 tiones
1020 1152 1088 1192 cum
1108 1152 1213 1203 nacco,
1226 1151 1319 1209 quarn
1332 1136 1422 1191 etiam
1439 1135 1477 1191 de
1501 1151 1589 1192 cruce
1614 1141 1683 1193 ants
1702 1141 1730 1192 te

82 1228 165 1284 irciai
175 1234 203 1285 et
215 1228 353 1285 homines
363 1230 428 1300 ejus
443 1229 532 1284 nullis
546 1227 849 1285 indebitissxaotioni·
902 1225 1063 1282 deferenda
1074 1242 1081 1280 ε
1094 1224 1177 1298 quod
1189 1224 1602 1297 epreedecessoribusnostris
1612 1228 1730 1297 aposto·

96 1322 148 1373 aut
161 1317 286 1373 servitiis
301 1317 339 1374 de
360 1324 466 1374 caetero
492 1317 614 1387 fatigare
631 1321 801 1389 praesumat.
819 1314 848 1371 si
903 1314 966 1370 licre
986 1314 1138 1371 memoriae
1160 1313 1230 1370 viria
1243 1313 1473 1370 Treverensibua
1493 1313 1728 1386 archiepiscopis

82 1406 251 1462 ammonitis
264 1407 366 1462 vestris
378 1406 500 1463 obedire
512 1405 743 1477 comtempserit,
756 1404 847 1460 eccle·
902 1410 946 1460 est
961 1418 1152 1469 concessum,
1172 1408 1201 1460 ei
1222 1403 1399 1458 authenticis
1416 1402 1579 1474 privilegiis
1603 1402 1727 1459 robora·

82 1494 147 1551 ilica
162 1511 289 1552 censura
301 1495 666 1562 sumtalitercoercsre‚ut
680 1493 848 1551 antedictus
903 1498 977 1559 tum,
991 1508 1047 1549 nos
1061 1507 1183 1566 quoque
1194 1491 1246 1548 tibi
1256 1491 1421 1564 apostolica
1432 1493 1608 1548 auctoritate
1624 1506 1728 1548 conce·

83 1600 116 1639 aa
131 1584 169 1640 ad
181 1600 236 1640 noe
252 1600 305 1656 pro
317 1583 433 1641 deiectu
445 1583 571 1657 justitiae
587 1584 719 1640 clamare
736 1584 775 1639 de
789 1598 847 1639 cea·
901 1581 1012 1638 dimus.

82 1695 85 1723 ι
101 1688 162 1729 non
182 1680 316 1745 cogatur.
865 1688 886 1742 B
937 1670 1011 1726 illud
1026 1675 1171 1743 praterea
1181 1668 1349 1742 jurisquod
1358 1667 1479 1725 illustris
1488 1667 1642 1724 memoriae
1655 1668 1728 1725 Con·

83 1768 166 1820 atum
182 1763 301 1834 Signia,
317 1779 366 1820 rur
383 1763 534 1820 Kalendas
549 1762 639 1820 iunii.
901 1759 993 1815 radus
1005 1760 1210 1816 Romanorum
1221 1774 1282 1828 rex,
1295 1759 1356 1814 sive
1369 1758 1464 1829 ipsius
1480 1762 1684 1813 antecessores
1694 1758 1724 1813 in

378 1880 473 1936 own.
900 1848 1023 1905 abbatia
1032 1849 1130 1905 Sancti
1141 1847 1294 1904 Maximini
1304 1845 1450 1903 habuisse
1463 1850 1637 1912 noscuntur,
1648 1860 1727 1919 prae-

172 1984 208 1996 ..
263 1985 269 1998 .
517 1989 522 2001 ,
642 1987 648 2000 ,
722 1985 728 1997 .
899 1937 1046 1994 decessori
1067 1936 1223 1994 tuobonre
1244 1933 1725 2006 reeordationisAlberonietper

125 1986 320 2058 mmmmm
333 2001 391 2056 pm
406 1988 541 2104 ΜΨ
560 1989 737 2045 mmm·
900 2042 968 2083 eum
981 2026 1153 2082 Treverensi
1168 2025 1303 2081 Ecclesiae
1316 2023 1471 2080 abeodem
1483 2022 1620 2080 Conrado
1635 2021 1724 2080 colla·

270 2092 368 2165 (Ᾱῃῃο
385 2097 463 2158 “52⁹
477 2094 542 2149 ⁵¹⁸ss
556 2094 613 2165 2Τ)
900 2121 961 2172 tum
975 2131 1027 2172 seu
1043 2115 1211 2171 restitutum
1226 2112 1574 2186 estquemadmodumin
1588 2112 1725 2183 eiusdem

82 2201 210 2265 tharnen,
227 2200 298 2256 Cod.
313 2201 435 2270 diplom.
448 2201 685 2265 Rheno-Maseli,
697 2201 719 2264 l,
734 2200 811 2274 334]
899 2206 976 2274 regis
991 2205 1146 2276 scriptode
1160 2203 1346 2259 restitutione
1359 2207 1387 2258 et
1398 2201 1626 2258 confirmatione
1639 2200 1725 2256 ratio-

82 2303 192 2344 ueeruos
208 2290 492 2360 episcopusservus
509 2306 664 2345 servorum
678 2290 741 2356 Dei,
757 2306 846 2346 vene·
899 2292 1035 2350 habiliter
1049 2295 1229 2361 continetur,
1237 2292 1287 2348 tibi
1295 2293 1412 2365 tuisque
1424 2288 1725 2347 successoribuscon·

82 2375 105 2430 ili
120 2375 201 2432 tratri
214 2379 327 2432 Hirtino
342 2378 512 2434 treverensi
525 2378 754 2449 archiepiscopo
767 2378 845 2450 ejus·
900 2382 1066 2439 firmamus.
1088 2384 1193 2438 Pacem
1214 2396 1334 2453 quoque
1347 2388 1438 2452 atque
1454 2378 1646 2435 concordiam
1662 2378 1723 2434 sive

90 2465 314 2522 successoribus
326 2468 471 2523 canonice
483 2466 844 2540 promovendisinperpa·
897 2472 1130 2528 transactionem
1147 2486 1216 2542 quae
1234 2471 1309 2525 inter
1326 2468 1502 2542 praedictum
1522 2466 1723 2539 praedecesso·

82 2570 117 2609 Ἠ·
897 2576 960 2616 rem
974 2564 1060 2616 tuum
1071 2566 1099 2616 et
1113 2558 1245 2616 nobilem
1259 2558 1354 2614 virum
1370 2557 1527 2614 ilenrieum
1542 2559 1722 2612 Namurcon-

82 2689 84 2696 ,
99 2642 240 2698 eminenti
253 2642 512 2714 apostolicaesedis
523 2641 653 2715 specula,
668 2642 844 2714 disponente
897 2649 1109 2705 semcomiteru
1121 2647 1320 2721 inpraesentia
1331 2645 1488 2702 memorati
1502 2643 1641 2716 regisper
1652 2643 1722 2701 cha-

82 2730 156 2796 rino,
170 2732 331 2793 constituti.
348 2732 415 2788 licet
427 2731 569 2788 omnibus
585 2731 716 2788 ecclesiis
727 2736 788 2787 tam
800 2731 842 2788 vi·
896 2732 1721 2794 tissimumliliumuostrunrBeruardumclarevallenseur

82 2836 91 2873 r
112 2835 205 2891 quarn
219 2819 309 2893 longe
324 2821 428 2893 positis
452 2826 480 2876 et
495 2821 689 2877 eeclesiarum
712 2820 843 2892 pretatis
896 2826 1087 2883 abbatemet
1107 2827 1256 2898 principes
1274 2823 1426 2881 Teutonici
1445 2823 1528 2892 regni
1550 2821 1721 2878 rationabili

82 2908 166 2963 liores
177 2909 355 2980 exiujuncto
366 2909 454 2965 nohis
469 2924 487 2965 a
504 2913 562 2966 beo
573 2909 762 2981 apostolatus
777 2909 841 2965 olii-
896 2915 1091 2987 providentia,
1112 2914 1320 2971 sicutinlerius
1340 2912 1517 2978 continetur,
1530 2911 1609 2967 laeta
1624 2914 1678 2977 est,
1693 2914 1722 2966 et

82 2996 240 3052 existamus
255 2997 331 3068 ;illis
344 3005 442 3055 tamen
457 2997 531 3054 locis
544 3004 634 3071 atque
647 2998 783 3070 personis
798 3002 838 3055 at·
859 3032 879 3090 G
895 3003 1030 3075 ejusdem
1043 3004 1121 3074 regis
1136 3005 1246 3076 scripto
1259 3002 1388 3066 firmata,
1409 3007 1506 3057 ratam
1520 3006 1547 3057 et
1562 2997 1719 3056 inconvul-

82 3084 133 3140 iori
149 3089 178 3141 ei
193 3087 378 3158 propensiori
394 3103 450 3143 nos
469 3086 765 3143 convenitoharitatis
778 3093 840 3143 stu·
894 3109 959 3149 sam
983 3092 1089 3149 tuturis
1111 3091 1298 3164 temporibus
1322 3104 1499 3161 permanere
1519 3089 1719 3146 deceruimus.

82 3173 247 3240 imminere,
264 3191 332 3247 ‘1¹1ae
346 3182 545 3232 sacrosanctae
560 3181 589 3232 et
601 3175 771 3248 apostolieae
785 3178 840 3231 Ro·
894 3183 998 3238 Comes
1008 3181 1156 3253 siquidem
1168 3178 1548 3251 antedictoarchiepiscopo
1557 3177 1721 3250 peremnia

82 3279 111 3319 ,te
124 3263 259 3319 Ecclesie
270 3263 411 3321 devotiori
424 3270 453 3320 et
464 3264 594 3320 uberiori
601 3265 800 3320 lamiliaritate
811 3270 840 3320 et
893 3269 1077 3326 satisfaciens
1090 3271 1115 3325 ei
1131 3268 1304 3325 fidelitatem
1323 3267 1427 3323 iterato
1438 3268 1559 3337 juravit,
1577 3271 1668 3339 atque
1681 3265 1720 3322 de

82 3353 160 3425 equio
175 3352 339 3409 adhesisse
352 3360 525 3408 noscuntur.
542 3355 714 3425 liapropter,
731 3353 838 3409 dilecte
892 3358 1031 3429 praedicta
1046 3356 1168 3413 abbatia
1177 3357 1273 3413 eidem
1285 3355 1513 3427 archiepiscopo
1526 3368 1720 3410 omnemom-

82 3440 185 3497 cmino
199 3440 637 3513 iraterllillinearchiepiscope,
647 3440 837 3497 devotionem
892 3446 964 3503 nino
982 3462 1019 3502 ex
1033 3461 1069 3502 ea
1087 3444 1270 3501 calumniam
1282 3443 1441 3510 relutavit;
1455 3442 1608 3515 sicitaque
1618 3440 1658 3498 ab
1670 3456 1718 3498 ar·

82 3530 211 3585 inceium
239 3529 379 3586 affectum
400 3529 586 3586 treverensis
601 3529 750 3596 Ecclesia,
777 3530 835 3595 cui.
891 3535 1081 3607 ehteptscopo
1103 3533 1323 3590 ahsolutionem
1345 3531 1522 3602 impetravit,
1549 3537 1578 3586 si
1595 3535 1719 3602 excepto

82 3619 834 3690 auctore,proeessedignosceris,acpraedecessorum
891 3630 988 3680 castro
1001 3624 1036 3679 de
1051 3621 1343 3680 llaudirscheidcum
1357 3621 1422 3675 auis
1432 3619 1719 3693 pertiuentiisbene·

82 3724 130 3762 um
144 3724 215 3778 erga
230 3708 353 3765 beatum
366 3711 481 3764 Petrum
498 3715 526 3764 et
537 3707 771 3779 predecessores
785 3723 836 3764 no·
890 3713 992 3769 licium
1002 3729 1088 3769 suum
1100 3727 1170 3767 cum
1183 3710 1349 3780 integritate
1360 3709 1470 3781 recepit
1483 3726 1489 3765 :
1503 3708 1614 3780 juravit
1626 3710 1717 3765 etiam

82 3816 89 3852 i
104 3805 194 3871 atque
205 3814 260 3853 nos
275 3800 356 3869 ipsos
368 3798 469 3854 dehita
484 3798 665 3867 benignitate
684 3797 835 3853 attenden-
889 3801 968 3857 idern
983 3817 1085 3857 comes
1096 3800 1179 3873 quod
1191 3797 1503 3870 liodollisbergneque
1514 3797 1715 3865 reedificaret,

82 3887 236 3957 dignitates
254 3903 306 3942 seu
321 3888 451 3943 honores
470 3891 500 3943 ei
515 3887 667 3943 libertates
683 3903 701 3942 a
723 3888 834 3958 prede·
889 3905 984 3962 nequa
998 3887 1321 3962 aliquemretsdilieare
1333 3887 1462 3958 juvaret.
1478 3885 1564 3952 Quod
1577 3886 1602 3942 si
1613 3887 1717 3942 adrer-

82 3976 183 4032 orihus
214 3977 324 4032 nostris
356 3976 469 4032 luanne
493 3976 557 4039 llill,
587 3976 744 4032 Benedicta
775 3976 832 4040 Vll,
889 3996 940 4034 sus
955 3979 1009 4034 ista
1027 3984 1228 4050 presumeret,
1252 3981 1280 4032 et
1299 3975 1378 4032 inlra
1398 3979 1429 4031 ¹8
1445 3975 1628 4047 septimanas
1641 3989 1716 4031 con·

82 4080 108 4120 te
124 4066 167 4129 lll,
181 4066 294 4121 victore
312 4065 335 4118 ll
347 4069 375 4119 et
387 4065 559 4120 Innocentio
574 4064 666 4120 felicis
681 4065 833 4120 memorias
888 4083 994 4138 gruum
1010 4067 1252 4124 emendationem
1266 4065 1406 4121 exhihere
1418 4064 1541 4121 minime
1553 4064 1648 4130 vellet,
1661 4070 1717 4121 ter-

85 4153 149 4208 auis
166 4153 367 4224 pontificibus,
379 4152 680 4223 autimperatoribus‚
697 4152 741 4208 vel
756 4154 834 4223 regi·
887 4171 953 4212 ram
968 4171 1053 4213 suam
1068 4156 1108 4213 itu
1124 4155 1154 4210 in
1175 4170 1267 4210 manu
1291 4151 1509 4224 archiepiscopi
1527 4151 1669 4225 obligavit
1682 4158 1717 4209 ut

82 4242 172 4297 eidem
185 4241 317 4297 Ecclesiae
332 4257 503 4305 concessas,
520 4241 570 4297 tibi
584 4241 701 4313 tuisque
716 4258 835 4298 succes·
887 4243 1053 4301 beneficiati
1069 4244 1211 4316 deinceps
1230 4242 1377 4299 beneficia
1392 4257 1448 4298 sua
1467 4256 1503 4296 ex
1517 4241 1566 4297 illa
1581 4246 1659 4298 terra
1674 4240 1714 4299 ab

82 4346 128 4385 rus
141 4329 491 4401 atrctoritateapostolica
502 4329 833 4402 confirmamusetprae·
850 4374 873 4430 D
888 4335 1116 4406 archispiscopo
1130 4332 1221 4388 libere
1239 4331 1503 4403 recipereutatque
1518 4333 1660 4385 tenerent.

86 4434 99 4472 s
114 4418 213 4488 scripti
223 4418 618 4490 privilegiocommuniiuus.
627 4419 833 4475 statuentesut
924 4422 1116 4479 Decernimus
1127 4437 1198 4494 ergo
1210 4427 1241 4476 ut
1249 4415 1617 4475 nulliomninohominum
1625 4416 1715 4475 liceat

82 4507 832 4580 tcunquepossessiones,quaecunquebonaeadem
887 4506 1714 4585 proelatamEcclesiamtemereperturbareautejuspos·

82 4596 140 4651 asia
154 4595 424 4665 impraesentiarum
437 4596 515 4667 juste
533 4602 560 4651 et
579 4598 721 4653 canonice
740 4598 832 4670 possi·
887 4602 1037 4658 sessiones
1054 4599 1169 4654 aulerre
1181 4596 1225 4652 vel
1236 4594 1648 4660 ablatasretinere,miuuere.
1662 4600 1714 4652 aut

82 4690 134 4740 aut
149 4684 178 4740 in
194 4684 326 4739 loturum
343 4685 535 4739 concessione
550 4685 736 4755 pontificum,
746 4685 833 4756 largi·
887 4689 1037 4761 aliquibus
1050 4686 1257 4742 vexationibus
1271 4684 1405 4755 fatigare.
1422 4683 1476 4742 Sed
1490 4683 1714 4753 omntrintegra

82 4794 87 4828 i
101 4789 206 4843 regum
220 4772 264 4829 vel
278 4773 457 4845 principum,
467 4773 618 4829 oblatione
629 4774 763 4830 lidelium
779 4792 832 4831 seu
887 4779 1110 4844 conserventur,
1126 4790 1230 4830 eorum
1246 4789 1300 4846 pro
1315 4787 1445 4845 quorum
1457 4772 1673 4843 gubernatione
1685 4776 1714 4828 at

92 4862 304 4935 justismodis,
322 4864 533 4933 lieopropitio,
559 4863 666 4936 polerit
693 4862 831 4936 adipisci,
888 4865 1103 4921 sustentatione
1126 4877 1270 4918 concessa
1294 4869 1373 4926 suut,
1398 4859 1504 4917 usibus
1526 4859 1711 4917 omnimodis

82 4966 94 5006 a
113 4951 166 5007 tihi
182 4949 296 5022 tuisque
312 4951 536 5007 successoribus
551 4958 579 5007 et
587 4951 700 5008 illibata
715 4968 831 5024 perma-
887 4949 1512 5027 protutura,salvainornnibusapostolicoe
1522 4949 1714 5005 sedisaucto·

82 5045 106 5103 t,
122 5047 149 5095 et
158 5039 336 5095 nominatim
351 5039 551 5096 castrumTris
561 5041 744 5113 appellatum
761 5057 829 5097 curn
886 5045 980 5099 ritate.
992 5042 1020 5097 Si
1034 5056 1096 5114 qua
1111 5041 1199 5111 igitur
1212 5040 1241 5094 in
1256 5039 1388 5094 laturum
1403 5037 1605 5095 ecclesiastica
1620 5053 1713 5093 weu-

82 5144 109 5183 io
119 5133 148 5184 et
160 5128 345 5200 appendiciis
360 5129 420 5183 suis
435 5129 518 5200 quod
538 5130 645 5185 nobilis
661 5129 705 5184 vir
728 5145 831 5186 comes
884 5128 1333 5202 larisvopersona,hancnostrm
1342 5126 1559 5182 constitutionis
1567 5125 1711 5197 paginam

88 5232 214 5272 assensu
235 5223 262 5271 et
276 5215 604 5273 voiuntateuxorissuas
616 5218 831 5275 GertrudisPa·
885 5223 991 5286 sciens,
1000 5223 1101 5275 contra
1109 5233 1176 5274 earn
1183 5221 1294 5273 temere
1301 5215 1712 5283 veniretentaverit,secundo

82 5322 102 5360 e
121 5304 283 5362 comitissae
300 5304 448 5376 predicte
463 5305 600 5362 Ecclesia
615 5305 830 5365 rationabiliter
884 5309 1006 5365 tertiove
1021 5307 1213 5374 commonita,
1231 5306 1257 5362 si
1276 5320 1336 5361 nou
1352 5302 1556 5361 satisfactione
1576 5318 1712 5375 congrua

82 5394 139 5450 alit.
884 5395 1095 5462 emendaverit,
1112 5394 1282 5467 protestatis
1301 5393 1482 5465 honorisque
1503 5392 1549 5448 sui
1567 5392 1711 5463 dignitata

83 5483 202 5540 scimus
219 5482 308 5539 etiam
323 5486 354 5538 ut
366 5482 451 5555 juxta
466 5482 548 5558 quod
565 5483 596 5541 in
610 5499 697 5542 sacro
710 5482 828 5542 Chalca·
884 5487 996 5552 caroat,
1009 5498 1154 5558 reamque
1170 5498 1201 5542 se
1214 5482 1315 5541 divino
1325 5480 1439 5556 jndicio
1453 5481 1579 5541 existere
1590 5482 1628 5540 de
1642 5497 1709 5556 per-
