3728 6000
182 254 236 308 523

693 245 896 314 obtuentur.
910 247 1058 310 ,tonans
1072 247 1106 307 S.
1132 245 1354 310 absosoluta

1774 248 1830 315 Μ

181 375 266 430 dium
278 397 297 423 -ι
314 375 347 432 ιιι
360 387 416 431 ιιι
435 370 580 441 suscitetis,
598 371 652 439 eit,
667 385 757 445 neque
784 371 916 445 evigilare
930 371 975 430 ta·
988 374 1016 437 Α
1029 372 1119 428 cordis
1136 370 1178 429 sui
1197 371 1241 428 ιιι
1259 371 1288 427 in
1307 386 1393 444 pauca
1420 372 1478 429 bare
1495 371 1579 429 rerba
1601 375 1741 446 evaporet.
1755 389 1830 433 ..eum

180 463 258 520 ciatis
273 464 399 532 emicem,
424 461 580 534 donecipsa
607 459 684 517 velit.
700 484 713 509 ι
742 460 857 533 Cogitur
869 461 977 532 Sponsa

181 552 326 624 evigilare,
341 567 402 607 cum
417 547 780 620 asomuocoutempletionis
792 547 976 618 inquietetur;

181 640 335 708 suscitetur,
350 655 413 697 eum
428 648 540 696 uocetur
562 638 596 693 ed
624 637 755 693 laborem.
772 637 834 692 Vult
857 644 977 692 ιιιιιιι

180 728 269 783 somni
283 728 325 783 sni
337 727 429 801 quiete
443 725 588 799 aliquando
603 725 745 798 evigilare,
759 724 905 794 aliquando
922 740 976 780 non

181 817 248 883 vult,
266 815 374 889 quirin
394 831 490 871 somno
514 813 750 885 contemplationis
767 813 825 868 sola
851 812 875 867 ei
906 812 979 884 sapit

181 905 296 961 charitas
322 904 455 960 ueritatis.
485 903 563 960 Unde
586 901 710 958 suscitari
735 910 762 957 et
789 900 899 958 avocari
921 915 977 957 nou

179 995 245 1059 uult,
255 993 305 1049 nisi
317 1010 378 1049 cunr
393 1009 454 1049 eam
469 1007 486 1048 a
499 988 727 1062 contemplatione
748 991 838 1045 ebera
858 989 975 1044 veritatis

179 1091 277 1138 evocat
290 1082 350 1153 ipsa
361 1082 464 1136 veritas
479 1080 616 1136 cherimtis
632 1094 639 1149 ;
653 1088 680 1135 et
707 1086 773 1135 tuuc
799 1093 974 1149 nequaquam

179 1177 286 1225 recusat
300 1185 368 1240 opus
383 1169 425 1226 ιιι
440 1167 557 1224 officium
572 1166 752 1222 necessitatis.
768 1164 872 1220 Deinde
886 1164 913 1219 in
928 1181 976 1220 ex·

179 1273 322 1313 cassusne
338 1273 386 1312 seu
407 1256 517 1322 exstasi,
546 1257 575 1310 in
604 1269 700 1311 somno
728 1252 836 1325 quietis,
860 1253 975 1309 audiens

178 1345 285 1416 Sponsa
301 1362 394 1402 rocem
410 1344 577 1415 adjurantis;
592 1345 643 1399 hoe
658 1347 701 1399 est
718 1341 838 1397 sentiens
860 1341 973 1414 gratiam

1031 458 1097 516 dicit
1111 477 1119 515 r
1136 481 1148 509 ι
1165 459 1223 517 Vos
1232 459 1323 517 dilecti
1332 459 1424 516 rnei..·
1440 459 1536 533 Fitque
1546 475 1598 519 uox
1611 460 1673 533 ipsa
1685 469 1714 519 et
1726 461 1829 535 Sponsi

1030 547 1065 602 ed
1079 547 1224 619 Sponsam,
1244 555 1271 604 ιι
1299 548 1412 621 Sponsae
1439 548 1475 604 ad
1492 548 1638 620 Sponsum,
1666 547 1696 605 in
1725 551 1830 622 gaudio

1030 635 1337 707 mutuaeeoajunetiouis
1351 644 1378 693 ιι
1391 634 1539 703 fruitionis,
1555 637 1582 692 in
1593 653 1647 710 quo
1653 638 1757 711 jugiter
1775 638 1829 695 sibi

1030 723 1176 794 loquuntur
1188 732 1216 780 et
1234 724 1410 797 respondent,
1423 732 1451 781 ιι
1464 724 1572 781 bonitas
1585 726 1684 793 dantis,
1700 734 1725 783 et
1748 743 1831 785 amer

1030 812 1197 884 accipientis.
1219 812 1318 884 Sieque
1331 813 1359 868 in
1385 813 1454 870 eelle
1474 813 1587 882 vinaria,
1609 814 1637 870 in
1664 813 1829 874 terrorest

1028 900 1132 973 gaudio
1146 909 1341 957 eonsummatos
1354 900 1500 970 eharitatis,
1514 902 1543 957 in
1557 902 1628 960 lecto
1647 903 1829 963 conscientiae

1029 987 1161 1055 florentis,
1177 989 1351 1062 componitur
1363 989 1462 1061 sponsi
1476 997 1504 1046 et
1525 990 1650 1062 Sponsae,
1665 1001 1692 1049 ιι
1719 1001 1829 1066 coepta·

1029 1076 1181 1134 turbertus
1195 1078 1240 1134 itte
1254 1079 1406 1148 accubitus,
1421 1078 1457 1134 de
1470 1079 1609 1149 quoidam
1625 1079 1751 1153 Sponsus
1759 1097 1829 1154 pre-

1028 1166 1109 1222 mittit
1122 1166 1216 1223 dioens
1233 1185 1239 1223 :
1259 1189 1270 1216 a
1287 1166 1386 1240 Siquis
1400 1166 1489 1240 diligit
1503 1184 1559 1234 me,
1574 1165 1708 1241 diligetur
1719 1184 1737 1225 a
1747 1171 1828 1231 Patre

1026 1269 1088 1311 meo
1105 1269 1112 1310 :
1127 1261 1154 1310 et
1168 1269 1220 1326 eqo
1234 1254 1347 1328 diligam
1362 1271 1434 1322 enm,
1459 1263 1486 1312 et
1506 1255 1690 1314 manifestabo
1710 1257 1826 1315 ιιιιιι-

1027 1359 1106 1413 psum
1123 1362 1129 1398 :
1146 1351 1173 1398 et
1186 1343 1220 1398 ed
1235 1359 1296 1399 eum
1311 1345 1452 1402 veniemus
1461 1353 1488 1401 et
1503 1344 1825 1417 mansionemapudenm

178 1435 349 1505 inspirantis,
365 1442 392 1488 et
410 1433 536 1489 virtutem
563 1418 668 1486 videns'
694 1430 843 1501 operantis,
859 1430 973 1502 illasque
1027 1431 1157 1487 iaciemus
1171 1432 1262 1501 (ioue.
1279 1434 1345 1504 ιιι).
1360 1456 1371 1481 ι
1388 1434 1825 1495 rtmoramorumcuiservitCau·

176 1524 227 1578 sibi
242 1523 406 1589 deferentes,
420 1536 472 1577 nee
480 1529 569 1575 tamen
578 1520 668 1574 minus
676 1516 864 1589 proficientes:
879 1519 971 1586 «Vox,
1027 1519 1110 1576 ticum
1118 1520 1296 1589 canticorum,
1313 1520 1534 1591 quodaseumere
1549 1539 1599 1593 per
1612 1538 1645 1579 os
1666 1540 1745 1579 suum
1761 1525 1823 1595 qui·

175 1613 272 1683 inquit,
286 1611 377 1666 dilecti
393 1610 486 1664 mein
511 1609 585 1674 Haee,
609 1606 708 1679 inquit,
737 1605 883 1676 adjuratio,
914 1605 973 1662 baee
1025 1615 1387 1680 cunqueutounquepotest
1408 1624 1462 1664 non
1489 1625 1599 1674 emans;
1623 1627 1705 1667 neruo
1732 1619 1826 1669 umen

174 1700 326 1770 inspiratio,
342 1699 402 1753 brec
416 1697 515 1768 gratie.
532 1712 584 1752 ιοι
609 1695 699 1752 dilecti
713 1694 766 1750 mei
795 1701 844 1761 est,
861 1693 906 1764 qui
932 1694 972 1749 sie
986 1725 1013 1785 Β
1028 1702 1117 1766 potest
1131 1702 1241 1752 eantare
1261 1697 1311 1751 nisi
1326 1712 1421 1752 rimans
1444 1704 1471 1753 et
1495 1714 1558 1753 uere
1577 1713 1673 1755 amans
1688 1715 1696 1753 r
1712 1707 1740 1756 ιι
1769 1701 1825 1758 scis

174 1790 302 1860 diligens,
322 1788 467 1857 plurimum
489 1783 644 1856 diligendus
667 1790 719 1839 est.
752 1783 826 1848 lloee,
843 1782 891 1848 ait,
906 1797 969 1852 pan,
1026 1784 1098 1855 qnod
1109 1784 1212 1839 ambiat
1225 1800 1274 1840 eor
1289 1801 1389 1851 meum,
1412 1786 1554 1843 tractando
1579 1787 1712 1844 canticum
1733 1797 1822 1849 ιιιιι.

173 1879 232 1933 baec
247 1875 379 1941 stravires,
396 1875 439 1928 hie
466 1889 579 1929 somnus
599 1871 708 1942 quietis,
733 1887 749 1925 ι
772 1870 889 1926 Domino
912 1878 969 1935 est,

171 1983 225 2022 vor
240 1964 410 2030 Dominiest,
430 1961 604 2035 praeparantis
618 1975 761 2016 cervorum
787 1959 918 2014 hinnulos
942 1957 970 2012 in

172 2053 337 2126 profectibus
350 2051 475 2116 liliamm,
492 2050 558 2104 mihi
580 2064 645 2104 uero
659 2047 765 2104 dilectae
783 2063 840 2102 suae
863 2047 891 2100 in
918 2062 969 2101 ex·

172 2143 238 2197 stasi
252 2140 360 2205 mentis,
376 2138 525 2194 revelantis
540 2137 679 2192 condensa
690 2135 876 2206 mysteriorum
886 2141 912 2189 et
922 2150 965 2188 sa·

170 2238 370 2288 crementorum
387 2242 508 2282 suorum.
527 2247 538 2274 ι
554 2226 624 2292 Vox,
640 2222 730 2278 dilecti
752 2222 818 2278 mei.
840 2247 851 2272 e
883 2224 968 2277 Pauca

169 2319 263 2384 uerba,
276 2317 324 2371 sed
339 2315 468 2385 opulenta
480 2312 577 2386 qratia.
593 2314 625 2367 ln
653 2312 706 2367 boc
734 2310 871 2382 siquidem
896 2318 967 2367 statu

170 2406 267 2460 mentis
284 2417 456 2475 nequequam
472 2400 566 2456 verbis
580 2416 623 2455 res
641 2400 739 2471 agitur,
756 2399 805 2455 sed
819 2399 967 2471 spiritualis

100 2501 103 2507 '
170 2495 266 2548 uirtute
283 2491 434 2546 intellectus
448 2496 474 2544 et
489 2487 741 2559 affectuumpietate
755 2504 838 2543 unum
852 2488 890 2543 ibi
903 2503 967 2543 uer-

167 2582 232 2636 bum
248 2579 276 2635 sit
293 2597 298 2636 :
311 2579 430 2634 Verbum
441 2578 513 2651 quod
523 2576 643 2647 estapud
655 2577 751 2643 Deum,
765 2578 837 2632 Deus
848 2577 966 2631 Verbum

169 2670 240 2741 quod
252 2670 280 2724 tit
294 2669 320 2722 in
335 2669 452 2738 Sponsa,
467 2667 495 2721 iu
516 2681 549 2721 eo
565 2666 637 2736 quod
660 2676 786 2736 operatur
807 2666 834 2719 in
850 2681 891 2720 ea.
908 2665 966 2720 Vox

167 2766 258 2813 temen
272 2757 363 2828 potius
378 2756 476 2811 dieitur
491 2770 573 2826 quam
585 2754 710 2823 verbum,
723 2753 850 2825 quianon
865 2753 966 2806 distin-

169 2847 261 2920 guitur
271 2845 393 2916 syllabis,
413 2859 465 2899 non
481 2844 574 2915 lingna
598 2841 740 2907 formatur,
765 2841 813 2897 sed
841 2856 909 2912 puro
937 2840 966 2895 tir

172 2934 308 2991 affectuin
328 2932 480 2987 illuminato
505 2930 654 2996 intellectu,
683 2930 772 2999 sopito
798 2929 840 2984 vel
868 2927 965 2983 feriato

168 3023 242 3078 omni
253 3038 334 3076 sensu
350 3018 475 3088 corporis
489 3016 534 3074 rel
549 3017 660 3073 rationis
673 3031 679 3086 ;
695 3025 722 3072 et
751 3024 833 3071 totum
856 3016 896 3071 rei
912 3033 963 3071 ne-

168 3112 377 3183 gotiumsancto
406 3107 506 3178 Spiritu
529 3108 660 3177 operante
685 3104 711 3159 in
736 3120 816 3160 sensu
844 3105 960 3160 emeris.

167 3200 225 3254 Vox
241 3197 403 3265 verbibujus
418 3196 501 3250 virtus
516 3202 557 3249 est
572 3193 667 3250 efficax
682 3192 833 3248 diuinitatis
849 3192 969 3248 conirin·

170 3304 239 3359 gens
261 3288 360 3343 cedros
381 3284 488 3352 Libani,
519 3283 602 3338 fastus
626 3284 751 3337 hnmanae
779 3281 929 3352 sepientiae,
944 3288 970 3336 et

170 3375 318 3430 altitudinis
334 3373 489 3428 mundanae.
511 3371 570 3425 Vox
584 3371 634 3425 ista
658 3369 784 3425 nonnisi
813 3369 840 3423 in
869 3369 967 3424 silentii

169 3463 399 3528 secretoauditur,
422 3476 477 3515 non
502 3460 553 3514 nisi
577 3459 603 3512 in
623 3459 724 3513 mundo
737 3457 819 3513 eorde
832 3464 966 3528 operatur,

169 3553 221 3608 Ubi
235 3567 300 3607 uero
316 3549 445 3604 sonatvel
460 3554 598 3619 operatur,
615 3562 668 3601 non
689 3546 768 3600 aliter
790 3561 871 3617 quam
901 3545 969 3602 siout

168 3642 229 3711 ipsa
244 3648 285 3694 est
300 3645 437 3709 operatur.
452 3636 574 3691 Verbum
595 3643 714 3689 nostrum
730 3633 808 3705 quasi
824 3633 851 3687 in
871 3633 968 3689 litteris

169 3736 299 3791 creatum,
317 3727 344 3780 in
373 3723 483 3795 syllabis
507 3723 673 3787 distinctum,
702 3721 731 3775 in
767 3720 880 3776 uerbum
908 3721 966 3778 lor-

170 3824 271 3871 matnm
283 3830 344 3869 eum
359 3812 500 3884 profertur
514 3827 529 3865 a
544 3809 683 3881 loquente,
698 3809 785 3864 simile
800 3810 864 3881 quid
879 3817 906 3865 et
924 3810 966 3865 si·

169 3904 269 3959 militer
292 3908 420 3971 operatur
438 3900 466 3955 in
492 3897 628 3963 audiente,
651 3898 761 3953 easdem
788 3898 968 3966 litteras,ees·

170 3994 231 4047 dem
247 3990 373 4061 syllabas,
390 3989 461 4043 idem
476 3987 599 4043 uerbum.

206 4079 251 4134 Sic
265 4086 292 4132 et
304 4076 421 4132 Verbum
437 4076 498 4142 Dei,
512 4075 540 4129 in
556 4075 643 4130 torma
659 4074 707 4130 Dei
729 4081 822 4130 netum
846 4076 880 4132 de
907 4077 967 4132 lieo

171 4166 396 4236 inseparabiliter,
423 4163 450 4218 stt
479 4164 506 4217 in
535 4163 640 4234 Sponsa
663 4164 690 4218 in
712 4179 746 4220 eo
773 4163 846 4236 quod
861 4164 925 4221 lacit
939 4164 967 4220 in

172 4259 296 4328 Sponse;
335 4261 360 4309 et
396 4251 426 4307 lit
451 4252 661 4318 indissimiliter,
700 4252 763 4323 quie
798 4268 966 4325 quaeeunque

1023 1871 1196 1946 Nunquid,o
1224 1872 1339 1944 Spiritus
1366 1881 1493 1929 scrutans
1516 1875 1608 1930 omnia
1632 1879 1661 1931 ιι
1683 1877 1824 1935 seientiam

1024 1960 1129 2016 babens
1147 1961 1236 2016 omnis
1247 1961 1333 2030 uocis,
1348 1961 1420 2016 aliud
1435 1962 1463 2016 in
1491 1963 1543 2019 hoe
1565 1963 1661 2035 querit
1673 1981 1721 2021 eor
1749 1966 1825 2028 serui

1022 2048 1071 2112 tui,
1087 2048 1161 2103 eliud
1175 2049 1303 2120 pauperis
1322 2049 1360 2104 tui
1387 2050 1502 2120 parturit
1527 2050 1651 2119 intentio,
1681 2069 1764 2124 quam
1794 2063 1823 2111 ut

1022 2136 1138 2193 videndo
1171 2136 1320 2192 claritatem
1364 2144 1447 2203 tuam,
1481 2139 1624 2197 sentiendo
1663 2141 1822 2198 charitatem

1022 2233 1107 2293 tuem,
1123 2225 1289 2280 illuminetur
1301 2226 1329 2280 in
1346 2233 1371 2281 te
1385 2226 1552 2285 conscientia
1563 2243 1641 2298 mea;
1660 2228 1825 2287 castificetur

1022 2314 1056 2369 de
1072 2322 1098 2369 te
1113 2314 1205 2369 anima
1219 2330 1288 2383 mea,
1306 2314 1519 2385 tractandoque
1543 2318 1655 2387 proprie
1686 2326 1732 2373 tua
1750 2326 1823 2386 sunt,

1021 2401 1128 2458 dulcius
1157 2409 1184 2457 te
1212 2402 1328 2473 sapiunt,
1354 2403 1467 2458 suavius
1489 2403 1623 2471 redolent,
1647 2406 1737 2477 sepiat
1757 2407 1823 2464 mibi

1020 2499 1116 2562 gustus
1131 2498 1200 2559 tuus,
1214 2491 1296 2561 spiret
1310 2490 1389 2560 odor,
1409 2499 1434 2547 ιι
1450 2493 1541 2547 totuin
1559 2501 1584 2548 te
1599 2502 1627 2548 et
1649 2493 1684 2550 de
1712 2503 1739 2551 te
1762 2496 1822 2552 ior-

1021 2586 1109 2635 metnr
1124 2577 1180 2635 rita
1194 2595 1256 2634 mea
1271 2579 1286 2634 i
1300 2580 1378 2646 Veni,
1395 2581 1470 2646 reni,
1485 2580 1512 2635 in
1540 2580 1712 2639 abundantia
1733 2584 1821 2641 bene·

1019 2666 1167 2722 dictionum
1183 2675 1286 2722 tuarum
1297 2666 1324 2721 in
1340 2684 1384 2723 me
1393 2656 1606 2738 ¹servnmtuum,
1618 2669 1647 2725 in
1661 2686 1820 2739 cormeum,

1018 2753 1108 2810 locum
1122 2763 1205 2819 tuum,
1221 2771 1313 2828 quern,
1325 2755 1378 2810 uisi
1391 2762 1418 2811 ιι
1434 2758 1512 2827 prior
1525 2757 1660 2815 inveneris
1678 2760 1755 2827 mibi,
1767 2777 1821 2817 non

1019 2858 1130 2914 possum
1145 2843 1338 2909 inueniretibi,
1361 2843 1450 2899 locum
1471 2845 1600 2913 Domino,
1616 2848 1820 2906 tabernaculum

1018 2930 1076 2987 Deo
1090 2932 1187 2987 iacob.
1204 2930 1291 3000 Quem
1306 2932 1395 2988 donec
1409 2933 1543 2988 inueniam
1559 2934 1619 3001 tibi,
1643 2951 1698 2991 non
1721 2952 1821 2993 meeu-

1017 3019 1079 3083 dum
1090 3020 1117 3074 io
1133 3021 1231 3076 lectum
1241 3019 1315 3074 strati
1330 3021 1395 3085 mei,
1412 3036 1465 3075 non
1489 3021 1559 3077 dabo
1580 3038 1707 3079 somnum
1732 3025 1821 3082 oeulis

1022 3107 1100 3176 meis,
1117 3114 1145 3164 et
1172 3107 1312 3180 palpebris
1340 3108 1561 3164 dormitationem
1589 3111 1679 3180 (Ptol.
1708 3115 1816 3185 cxxxi).

1022 3195 1130 3252 Gratias
1146 3197 1203 3261 tibi,
1215 3196 1343 3269 quoniam
1357 3197 1548 3269 perprimities
1564 3198 1683 3270 Spiritus
1698 3200 1736 3256 tui
1747 3215 1818 3259 arno·

1023 3300 1066 3338 res
1079 3284 1134 3339 mei
1149 3283 1253 3355 antiqui
1262 3283 1390 3349 odibiles,
1403 3284 1449 3355 qui
1463 3284 1544 3339 alieni
1566 3302 1583 3340 a
1612 3296 1638 3342 te
1665 3286 1821 3345 alienabant

1022 3387 1066 3426 me
1090 3380 1157 3437 ate,
1168 3372 1223 3440 jam
1239 3388 1293 3427 non
1321 3380 1396 3440 sunt,
1425 3388 1486 3428 eum
1503 3380 1568 3430 teste
1596 3375 1710 3431 seientia
1733 3384 1779 3434 tua
1793 3377 1821 3433 iu

1021 3459 1187 3516 conscientia
1202 3475 1273 3529 mea,
1282 3476 1364 3515 unum
1379 3460 1457 3517 unice
1471 3465 1500 3516 te
1514 3478 1613 3530 amem,
1625 3449 1734 3536 semper
1748 3474 1821 3523 certe

1022 3546 1108 3602 libero
1120 3547 1223 3617 judicio
1240 3547 1360 3613 rationis,
1386 3555 1423 3617 et,
1440 3547 1549 3618 quando
1566 3549 1637 3605 liber
1657 3559 1686 3606 et
1706 3567 1821 3624 compos

1022 3635 1064 3689 sui
1080 3651 1141 3690 esse
1156 3642 1245 3705 potest
1258 3635 1365 3691 animus
1379 3652 1464 3699 meus,
1482 3636 1590 3709 integro
1601 3638 1698 3694 affeetu
1710 3640 1820 3697 mentm.

1021 3722 1074 3777 Sed
1089 3724 1237 3777 scaturiunt
1253 3723 1340 3779 adhue
1359 3723 1385 3778 in
1401 3724 1533 3780 memoria
1560 3741 1620 3780 mea
1647 3725 1821 3799 antiquorum

1021 3826 1149 3866 amorum
1163 3811 1285 3882 reliquiae
1300 3815 1435 3885 quiedam,
1451 3813 1529 3887 quasi
1554 3813 1649 3868 umbra
1676 3814 1734 3871 sine
1754 3832 1820 3872 eor-

1020 3914 1097 3969 pore,
1114 3898 1201 3955 forme
1219 3899 1278 3957 sine
1293 3901 1456 3967 substantia,
1472 3917 1569 3956 sensus
1580 3901 1688 3972 quidam
1703 3904 1730 3959 in
1745 3905 1822 3978 eoqi-

1021 3989 1126 4043 tatione
1154 3988 1243 4043 inanis
1257 3997 1284 4045 et
1306 4004 1399 4045 vacua
1423 3988 1607 4044 delectationis
1622 3990 1727 4063 absque
1749 4001 1822 4050 nutu

1021 4075 1176 4143 voluntatis,
1192 4076 1290 4146 quibus
1305 4076 1470 4132 conscientia
1484 4077 1584 4134 iniecta
1606 4077 1649 4135 rix
1672 4079 1821 4152 aliquando

1019 4180 1047 4235 qn
1062 4164 1132 4220 tead
1148 4180 1246 4235 purum
1269 4167 1389 4220 meretur
1409 4180 1472 4221 esse
1493 4163 1599 4235 affecta,
1623 4167 1753 4238 aquibus
1766 4169 1821 4226 do-

1020 4267 1070 4309 nec
1084 4269 1120 4307 ex
1136 4251 1246 4326 integro
1256 4253 1423 4310 conveneris
1451 4252 1637 4325 captivitatem
1659 4271 1822 4325 meamne-

171 4346 235 4400 ioeit
267 4345 340 4399 Deus
373 4343 461 4411 Peter,
500 4341 557 4397 lraeo
589 4350 615 4397 et
641 4341 723 4396 Filius
751 4340 817 4396 lacit
843 4341 966 4397 similiter
1018 4355 1153 4413 quaquam
1187 4340 1267 4411 plene
1298 4340 1433 4413 respirare
1463 4357 1572 4413 possum
1608 4342 1637 4398 iu
1664 4343 1822 4414 libertatem

171 4436 263 4504 (loon.
274 4436 311 4503 ι).
329 4433 361 4485 Et
376 4431 506 4486 ideonum
531 4429 645 4500 Sponsae
660 4430 702 4484 vel
717 4429 744 4484 in
760 4429 866 4500 Sponsa
881 4430 966 4501 loqui·
981 4421 1008 4484 D
1022 4436 1105 4496 tuam,
1128 4428 1185 4485 siue
1212 4429 1367 4497 puritatem,
1393 4429 1451 4486 sire
1471 4429 1656 4486 stabilitatem.
1680 4431 1734 4488 Sed
1757 4449 1823 4490 eum

172 4528 224 4589 tur,
243 4537 298 4576 non
311 4520 383 4575 aliud
399 4519 443 4574 ιιι
458 4519 538 4574 ιιιιιι
552 4534 634 4590 quem
659 4518 732 4589 quod
762 4518 853 4589 ipsum
868 4525 918 4584 est,
943 4526 968 4575 et
1023 4517 1129 4572 ueneris
1144 4517 1171 4571 in
1185 4517 1287 4572 diuitiis
1298 4517 1471 4590 plenitudinis
1484 4525 1547 4587 ιιι,
1563 4526 1589 4574 ιι
1604 4519 1709 4576 deliciis
1736 4521 1820 4578 boui-

170 4611 239 4665 sicut
254 4611 342 4679 ipsum
358 4615 407 4674 est,
423 4607 542 4677 loquitur·
557 4607 600 4664 ιιι
620 4615 755 4676 opemtur,
773 4622 830 4660 non
855 4607 970 4678 loquens
1021 4605 1084 4660 tatis
1100 4613 1152 4660 tuae
1164 4605 1191 4660 iu
1207 4621 1353 4678 pauperem
1373 4616 1460 4676 tuum,
1480 4613 1506 4662 et
1534 4607 1678 4664 ostendere
1700 4609 1821 4682 coeperis

172 4698 215 4754 vel
230 4713 350 4768 operans
361 4697 482 4766 seipsum
499 4705 526 4749 ιι
540 4697 582 4761 ιιι,
598 4695 646 4750 sed
660 4695 695 4749 de
709 4694 800 4765 seipso
814 4709 933 4766 operans
941 4696 968 4750 in

172 4804 214 4851 aa,
232 4794 260 4838 ut
271 4786 328 4855 ipse
343 4785 369 4837 in
386 4783 444 4853 ipso
459 4783 504 4838 sit.
521 4784 642 4854 Cumque
657 4782 776 4854 loquitur
791 4784 825 4850 ei,
845 4783 966 4855 seipsum

173 4875 197 4928 ιι
214 4871 342 4941 loquitur,
360 4871 452 4940 sicque
468 4871 494 4924 in
510 4870 602 4940 seipso
617 4870 747 4941 quidquid
762 4871 818 4926 uult
832 4880 860 4926 ut
888 4867 966 4939 sciat,

173 4962 345 5014 innotescere
359 4959 421 5013 tacit
432 4966 457 5013 et
472 4959 513 5013 cui
530 4957 657 5028 loquitur,
675 4958 761 5015 iaetus
776 4959 800 5014 ei
824 4959 966 5030 sapientie,

173 5048 352 5119 quodeunque
368 5046 423 5101 uult
438 5047 501 5102 lucit
516 5048 545 5101 in
556 5062 596 5115 ee,
607 5047 651 5101 vel
665 5063 794 5118 peream,
811 5048 869 5118 ipse
883 5048 968 5103 virtus

172 5147 240 5213 ejus,
258 5144 431 5214 ipsejustitie
442 5142 595 5212 justificans
616 5143 641 5199 ei
660 5144 788 5211 existens,
804 5152 832 5200 ιι
844 5142 966 5201 sanctiti-

171 5242 241 5296 catio
256 5237 440 5295 sanctificans.
457 5240 639 5311 loquiturque
660 5239 695 5310 ei,
711 5256 771 5312 quae
785 5239 892 5312 Sponsa
915 5246 964 5308 est,

171 5339 288 5393 Verbum
311 5338 371 5404 Dei,
387 5338 504 5408 seipsum
533 5344 560 5392 et
579 5338 682 5393 Patrem
706 5353 795 5405 suum,
811 5336 839 5392 in
865 5337 965 5409 Spiritu

170 5436 225 5490 oris
241 5437 310 5508 ejus,
327 5437 354 5492 in
369 5444 470 5493 tantum
486 5444 514 5491 ut
536 5436 570 5491 de
590 5436 757 5506 plenitudine
776 5435 872 5510 gratiae
899 5435 963 5493 illu-

168 5535 275 5592 strenus
291 5542 344 5593 tcta
371 5532 469 5592 affeetu
491 5531 607 5591 amantis
630 5532 806 5603 couscientia,
827 5531 961 5593 tlamurrm

1020 4694 1045 4750 ei
1060 4702 1134 4751 certa
1148 4694 1313 4766 experientia
1325 4693 1352 4748 in
1380 4694 1546 4751 conscientia
1568 4711 1628 4762 sue,
1645 4713 1727 4768 quem
1754 4714 1820 4756 vere

1020 4783 1094 4838 Deus
1107 4784 1225 4838 ebaritas
1240 4798 1280 4848 es,
1297 4798 1432 4854 quemque
1447 4783 1482 4838 sit
1496 4800 1578 4839 unum
1597 4787 1669 4842 Deus
1689 4794 1717 4842 et
1740 4802 1820 4845 amor

1021 4887 1098 4938 suus,
1112 4870 1241 4943 gaudium
1268 4870 1297 4926 iu
1319 4869 1421 4940 Spiritu
1444 4880 1549 4939 saneto,
1566 4881 1593 4928 et
1610 4873 1726 4946 Spiritus
1749 4892 1817 4932 san·

1021 4966 1090 5026 etus,
1102 4960 1223 5014 suavitas
1238 4958 1346 5015 amandi
1362 4966 1389 5013 et
1403 4957 1507 5014 initium
1526 4959 1641 5025 smeudi,
1658 4975 1736 5018 amor
1759 4962 1819 5034 ipss

1021 5055 1048 5103 et
1062 5047 1212 5102 intellectus
1226 5048 1294 5117 ejus,
1307 5054 1371 5103 tunc
1385 5062 1400 5101 e
1415 5047 1547 5103 charitate
1558 5055 1653 5105 orante
1680 5056 1707 5105 ιι
1729 5050 1818 5108 inter·

1019 5145 1138 5212 pellente
1152 5158 1203 5213 pro
1217 5142 1296 5198 nobis
1310 5141 1344 5198 de
1360 5142 1439 5198 nobis
1457 5143 1603 5217 gemitibus
1632 5145 1827 5205 tnenameitis

1019 5241 1081 5308 bus,
1093 5248 1120 5296 et
1138 5239 1295 5296 illuminetis
1316 5239 1468 5308 affectibus,
1490 5256 1546 5297 nou
1566 5247 1621 5298 tam
1646 5242 1750 5301 ratione
1768 5261 1818 5302 co·

1018 5346 1099 5410 gente
1125 5337 1160 5394 sd
1187 5337 1364 5405 desiderium,
1380 5354 1462 5411 quam
1490 5345 1525 5406 te,
1547 5353 1565 5395 o
1589 5353 1668 5396 umor
1691 5351 1818 5400 contem-

1017 5434 1110 5507 plante
1138 5435 1173 5492 ad
1200 5435 1354 5503 troandum,
1379 5449 1396 5491 a
1422 5451 1509 5508 puero
1528 5443 1577 5493 tuo
1595 5435 1623 5491 in
1642 5440 1747 5497 mntieo
1772 5450 1818 5498 tuo

1016 5534 1176 5594 sacrificium
1194 5534 1284 5595 ιιιιιιι
1306 5533 1497 5596 tromriteabir
1517 5543 1555 5605 ts,
1569 5544 1598 5596 et
1620 5537 1680 5599 illie
1693 5539 1817 5619 iterque
