3728 6000
119 254 172 310 373

800 250 984 310 SPECULUM
1003 252 1106 308 eluat.

1719 260 1772 317 374

120 376 288 433 intellectum
304 385 330 434 et
345 377 473 435 affectam
488 380 607 452 pietatis,
623 387 648 435 et
661 377 825 435 intellectum
842 390 920 432 amo·
932 375 962 439 Α
974 375 1187 448 redemptionis;
1202 386 1239 447 ut,
1255 378 1328 435 siout
1346 378 1412 435 dicit
1427 380 1579 451 Apostolus,
1596 381 1640 439 stat
1655 384 1680 439 ei
1694 385 1774 441 lesus

119 465 165 529 ris,
181 466 211 519 iu
226 467 411 537 captivitatem
429 469 595 540 redigentem
620 484 728 523 omnem
753 466 919 522 intellectum

118 552 144 606 in
159 552 325 625 obsequium
341 556 436 611 Citristi
452 558 487 627 (ll
500 559 565 613 dor.
584 559 625 626 a),
642 566 669 611 ut
683 556 831 612 seeundum
847 554 919 625 quod

118 643 249 711 scriptum
282 653 340 709 est,
370 668 380 695 ι
407 646 459 700 nisi
485 646 654 702 credideritis
683 662 736 701 noa
764 644 919 715 intelligetis

119 731 197 800 (lsai.
214 736 266 802 vr),
281 758 292 783 ι
310 734 355 804 qui
371 735 466 800 credit,
482 736 599 791 artando
613 735 767 807 intelligere
783 743 920 789 mereatur

118 821 194 890 quod
213 823 315 877 credit.
341 824 415 877 Sicut
442 825 516 879 enim
542 825 606 879 olim
630 825 788 895 priusquam
813 824 919 878 veniret

117 909 199 979 biles,
216 911 267 965 sub
283 912 344 983 lege
358 913 577 967 custodiebamur
587 914 706 969 conclusi
717 914 744 968 in
755 928 814 967 eam
824 912 916 979 fidem,

117 1015 179 1070 quae
195 999 344 1055 revelanda
354 1010 419 1069 erat,
432 1009 458 1055 et
472 1001 518 1056 lux
534 1003 703 1074 paedagogus
722 1010 813 1055 noster
827 1001 877 1055 l'uil
890 1001 918 1055 in

117 1087 225 1143 Clrristo
239 1092 314 1152 lesu,
331 1097 360 1143 ut
375 1105 410 1143 ex
430 1089 483 1144 lide
503 1090 714 1160 justiliearemnr
726 1089 837 1159 (Galat.
852 1090 892 1159 ut)
909 1108 915 1144 ε

115 1184 142 1230 at
156 1176 203 1230 ubi
220 1178 297 1232 venit
311 1177 389 1243 fides,
398 1179 453 1247 jam
466 1194 519 1233 non
531 1196 624 1233 snmus
633 1179 684 1234 sub
695 1180 856 1249 paedagogo,
869 1177 917 1233 sed

114 1274 225 1336 recepta
245 1267 391 1336 adoptione
416 1265 532 1322 filiorum
556 1268 657 1321 inventi
681 1284 773 1322 sumus
788 1267 837 1321 lilii
854 1266 915 1332 Dei,

112 1363 230 1425 accepto
244 1355 272 1409 in
287 1356 413 1410 cordibus
431 1357 529 1411 nostris
551 1357 653 1426 Spiritu
669 1357 727 1423 Dei,
743 1357 770 1411 in
787 1371 841 1428 quo
856 1357 914 1410 cla-

111 1460 221 1499 mamus
239 1464 245 1498 :
261 1444 347 1507 tlbba,
365 1446 442 1499 Pater
454 1446 543 1513 (liora.
561 1446 618 1509 viril
636 1466 642 1500 :
659 1447 699 1501 sic
717 1446 800 1499 eliam
815 1445 915 1514 inipso

111 1540 238 1604 tempore
252 1534 355 1604 gratiae,
373 1536 530 1605 prinsquam
545 1535 736 1604 splendescere
760 1534 871 1603 incipiat
885 1534 915 1588 in

111 1621 243 1678 cordibus
257 1622 356 1676 nostris
372 1623 531 1678 illuminatio
547 1623 686 1695 Evangelii
698 1624 792 1694 gloria
802 1622 913 1690 Christi,

973 466 1095 522 Christus
1110 482 1127 521 a
1141 468 1198 523 Deo
1214 469 1291 523 Patre
1312 469 1428 538 justitia,
1449 471 1593 540 sapientia,
1610 474 1770 528 elsanetiii-

973 556 1042 610 catio
1058 564 1082 610 et
1096 556 1247 628 redemptio
1269 557 1296 627 (l
1308 557 1369 615 Cor.
1386 560 1416 627 r).
1433 560 1538 614 Etenim
1553 569 1615 616 triac
1628 562 1684 630 jam
1698 563 1769 618 bene

972 645 1099 711 creditur,
1111 654 1174 701 tunc
1188 646 1223 700 de
1238 646 1291 702 lide
1306 647 1388 718 digne
1404 647 1467 702 lidei
1483 649 1628 721 cogitatur,
1640 652 1767 720 quamvis

973 749 1026 787 non
1037 733 1096 800 jum
1112 742 1164 788 tam
1179 734 1323 804 cogitatur,
1336 751 1418 806 quam
1430 738 1537 807 agitant
1554 740 1618 809 quia
1632 739 1769 811 quidquid

973 818 1035 875 tntei
1050 829 1100 886 est,
1118 822 1233 891 Spiritus
1253 832 1362 879 sanctus
1388 824 1415 878 in
1439 826 1531 880 anima
1556 826 1602 881 illa
1628 828 1770 883 actualiter

972 909 1174 980 quodammodo
1188 919 1324 980 operatur,
1340 929 1403 967 oum
1420 912 1534 969 affectus
1550 914 1611 968 litlei
1638 916 1729 972 lervel
1742 915 1771 971 iu

972 998 1156 1062 conscientia;
1172 999 1199 1053 in
1214 1000 1353 1055 intellectu
1365 1017 1429 1057 vero
1441 1002 1526 1074 fulget
1535 1003 1690 1059 illuminaus
1704 1020 1768 1077 gra·

971 1086 1016 1152 tia,
1028 1095 1054 1141 et
1068 1085 1183 1142 affectus
1199 1085 1263 1142 boui
1278 1088 1370 1159 operis
1383 1090 1537 1159 resplendet
1553 1092 1581 1145 in
1598 1091 1660 1147 vita.

1006 1183 1110 1238 llelicta
1123 1200 1189 1239 vero
1205 1184 1232 1238 in
1247 1184 1324 1241 initio
1348 1186 1477 1241 credendi
1503 1188 1661 1244 anctoritate
1685 1189 1767 1257 duce,

969 1287 1081 1327 necesse
1094 1280 1133 1327 est
1147 1272 1235 1343 perire
1250 1274 1284 1328 de
1300 1274 1344 1328 via
1356 1275 1429 1343 justa
1451 1275 1628 1331 ambulantes
1644 1278 1770 1334 insensu

969 1361 1057 1415 carnis
1080 1377 1154 1425 suae3
1179 1362 1325 1417 nonnullos
1340 1380 1406 1419 vero
1421 1363 1500 1419 etiam
1516 1365 1551 1419 de
1566 1382 1676 1422 numero
1696 1366 1766 1422 lide-

969 1447 1033 1503 lium
1048 1450 1150 1520 sapius
1166 1449 1304 1506 offendere
1317 1470 1323 1506 :
1337 1453 1382 1524 qui
1398 1451 1447 1508 elsi
1463 1470 1520 1509 non
1534 1454 1572 1510 sic
1587 1453 1725 1513 offendunt
1740 1466 1770 1511 ut

969 1538 1077 1606 cadant,
1108 1555 1160 1592 nnn
1186 1546 1276 1594 tamen
1295 1540 1354 1595 sine
1377 1542 1470 1614 aliquo
1494 1543 1544 1598 vite
1567 1543 1720 1600 discrimine
1743 1551 1771 1600 ot

966 1626 1053 1681 sancti
1067 1627 1094 1680 in
1109 1626 1161 1682 tide
1178 1629 1318 1697 profectus
1333 1629 1505 1698 detrimento,
1518 1630 1695 1687 inveniuntur
1708 1648 1769 1703 por·

109 1711 245 1767 custodiri
260 1719 287 1766 et
301 1711 427 1767 concludi
442 1712 573 1767 babemus
587 1713 638 1767 sub
654 1712 813 1768 auctoritate
838 1711 911 1779 ejus·
926 1721 954 1782 Β
971 1715 1093 1771 transire.
1125 1738 1136 1763 ι
1155 1717 1225 1772 llicit
1244 1717 1317 1773 enim
1332 1719 1464 1788 insipiens
1477 1719 1505 1774 in
1519 1720 1602 1776 corde
1617 1736 1668 1777 suo
1685 1722 1769 1778 :Non

112 1799 179 1854 dem
195 1799 339 1871 Evangelii
350 1800 376 1854 in
387 1800 502 1873 gratiam
513 1800 686 1855 revelandam
697 1800 777 1856 nobis
790 1805 914 1870 tempore
971 1812 1011 1858 est
1027 1805 1099 1858 Deus
1114 1807 1200 1871 (Psoi.
1212 1807 1285 1875 aur).
1300 1831 1310 1855 ι
1331 1806 1403 1863 Alius
1416 1823 1484 1864 vero
1499 1809 1582 1865 dicit:
1598 1832 1610 1857 ι
1623 1810 1768 1878 Quomodo

111 1887 293 1942 illuminantis
307 1905 358 1943 nos
382 1889 575 1945 misericordiae
591 1890 650 1943 Dei.
671 1889 713 1945 Sit
725 1903 792 1962 ergo
806 1888 914 1944 interim
970 1894 1024 1948 scit
1034 1893 1119 1962 Deus,
1129 1901 1174 1949 aut
1185 1894 1207 1948 si
1219 1902 1260 1950 est
1269 1895 1381 1950 scientia
1392 1897 1419 1950 in
1430 1897 1537 1953 excelso
1546 1898 1635 1968 (Paul.
1646 1904 1766 1970 axxtt);·

108 1976 261 2030 auctoritas
276 1976 442 2047 paedagogus
457 1985 555 2032 noster
569 1977 595 2030 in
612 1977 720 2033 Christo
733 1978 811 2040 lesu,
823 1985 851 2031 nt
867 1992 916 2047 per
969 1980 1095 2035 dubitans
1116 1982 1150 2037 de
1170 1982 1340 2052 providentia
1357 1985 1416 2039 Dei.
1436 1985 1546 2040 Miratur
1565 1987 1645 2049 alius,
1670 1989 1695 2041 si
1719 2003 1769 2058 pro

109 2063 291 2119 bumilitatem
306 2065 436 2120 credendi
449 2081 466 2119 a
480 2067 564 2135 gratie
581 2082 734 2120 mereamur
749 2065 909 2120 illuminari.

142 2161 215 2216 Cum
231 2161 303 2216 enim
320 2163 426 2217 venerit
441 2163 597 2216 illuminans
610 2163 709 2232 gratia,
723 2163 848 2232 jamnon
864 2178 913 2216 su-

108 2266 170 2305 mus
186 2251 238 2305 sub
253 2251 417 2322 paedagogo,
431 2251 494 2322 quia
510 2251 555 2305 ubi
571 2251 648 2306 luerit
663 2251 782 2320 Spiritus
793 2251 911 2314 Domini,

107 2338 144 2393 ibi
170 2338 288 2393 libertas
302 2341 338 2401 (ll
355 2342 416 2395 Cor.
435 2339 489 2409 ιιι),
505 2343 622 2410 Accepto
646 2340 719 2394 enim
737 2339 838 2409 Spiritu
853 2340 913 2400 Filii

107 2426 168 2491 Dei,
186 2426 321 2483 etiicimur
344 2436 371 2483 et
394 2428 446 2497 ipsi
472 2428 519 2483 lilii
544 2429 615 2491 Dei;
639 2436 666 2483 et
688 2427 871 2497 intelligentes
885 2435 912 2482 et

105 2516 258 2571 sentientes
274 2533 323 2572 nos
337 2525 443 2586 putrem
457 2518 558 2572 habere
575 2519 671 2582 Deum,
687 2517 836 2573 cumomni
853 2516 911 2586 jam

105 2603 206 2659 fiducia
237 2606 423 2661 renuntiantes
446 2607 614 2673 auctoritati,
637 2607 751 2661 dicimus
772 2606 813 2672 ei,
840 2605 912 2676 quod

104 2692 215 2748 mulieri
233 2694 418 2749 Samaritanae
441 2695 568 2750 dicebant
592 2695 719 2751 concives
731 2695 771 2749 sui
789 2711 796 2750 ε
814 2718 825 2742 ι
843 2693 913 2763 Quia

968 2069 1054 2124 salute
1070 2070 1188 2125 bominis
1202 2072 1244 2125 vel
1259 2071 1354 2127 debuit
1365 2074 1438 2130 Deus
1453 2074 1536 2128 bomo
1549 2073 1617 2128 lieri.
1633 2076 1668 2130 Et
1682 2075 1767 2131 multa

968 2156 995 2211 iu
1020 2158 1224 2215 buncmodum.
1245 2160 1315 2215 Nam
1333 2160 1412 2214 etiam
1439 2159 1617 2216 ferventiores
1644 2162 1671 2216 in
1699 2163 1765 2218 reli-

968 2245 1051 2317 gione
1066 2246 1180 2313 animos,
1197 2247 1246 2302 sed
1260 2249 1409 2304 teneriores
1425 2249 1512 2304 adhuc
1534 2249 1561 2303 in
1587 2249 1650 2319 lide,
1674 2259 1766 2307 atten-

967 2338 1025 2387 tare
1040 2350 1115 2404 saepe
1130 2335 1221 2390 solent
1235 2337 1389 2404 hujusmodi
1403 2336 1438 2392 de
1454 2335 1507 2392 lide
1522 2340 1697 2407 tentationes,
1711 2354 1766 2396 uon

967 2423 1136 2477 occurrendo
1151 2423 1179 2477 in
1198 2424 1294 2480 taciem
1306 2424 1456 2494 venientes,
1468 2427 1516 2481 sed
1533 2426 1648 2482 latenter
1660 2429 1767 2498 (quasia

968 2508 1052 2566 latere
1067 2512 1236 2578 insidiantes,
1246 2522 1274 2568 et
1288 2514 1363 2584 quasi
1379 2518 1482 2568 vestem
1493 2514 1555 2570 fidei
1570 2531 1586 2570 a
1598 2524 1676 2590 tergo
1688 2517 1765 2574 velli·

967 2600 1066 2665 cando,
1076 2615 1130 2655 non
1140 2602 1275 2657 dicentes:
1288 2624 1299 2650 ι
1310 2603 1357 2656 Est
1368 2610 1417 2670 est,
1429 2604 1489 2658 Non
1499 2619 1552 2659 non
1564 2606 1635 2674 (lae.
1646 2607 1683 2676 v);
1694 2628 1705 2653 ι
1717 2607 1765 2662 sed

966 2692 1089 2759 forsitan
1106 2698 1132 2745 et
1147 2693 1269 2761 [ursiton
1280 2699 1462 2747 susurrantes.
1481 2694 1616 2759 Forsitan,
1628 2694 1764 2766 inquiunt,

100 2780 165 2852 jaan
182 2796 238 2836 non
254 2790 366 2852 propter
378 2791 449 2838 tuam
461 2782 595 2854 loquelam
607 2783 744 2839 credimus
758 2800 764 2839 :
778 2782 828 2852 ipsi
840 2784 911 2838 enim
967 2778 1006 2832 sie
1021 2783 1079 2841 est;
1097 2780 1210 2834 forsitan
1226 2796 1280 2835 non
1295 2788 1346 2835 est.
1373 2781 1493 2836 Forsitan
1509 2781 1593 2838 aliter
1607 2782 1666 2849 tuit,
1683 2784 1765 2840 aliter

105 2869 274 2935 audivimas,
292 2875 318 2925 et
335 2871 443 2937 mimus,
471 2873 534 2943 epula
558 2872 603 2927 bie
627 2879 667 2926 est
693 2886 757 2926 vere
779 2872 912 2927 Salvator
966 2866 1094 2936 scriptum
1107 2876 1164 2935 est;
1180 2869 1488 2941 propteraliqnidquod
1499 2872 1632 2941 scriptum
1644 2888 1698 2928 non
1711 2881 1762 2929 est.

104 3047 255 3111 eredendo,
272 3048 298 3103 id
319 3058 361 3103 est
380 3049 406 3103 in
430 3049 471 3104 tris
495 3066 555 3120 quae
577 3049 640 3104 tirtel
664 3058 726 3104 sunt
753 3049 907 3121 cogitando,
925 3072 950 3136 c
966 3044 1072 3117 integra
1087 3045 1195 3114 quidem
1211 3046 1273 3101 lieet
1293 3046 1445 3103 inveniatur
1454 3047 1520 3103 fidei
1532 3050 1625 3114 restis,
1637 3050 1766 3106 vellicata

105 3136 259 3191 intellectui
274 3138 349 3192 locus
364 3154 429 3192 sans
445 3145 543 3209 agatur
556 3154 667 3194 necesse
682 3146 732 3205 est,
748 3147 778 3193 nt
790 3139 817 3193 iu
829 3139 909 3210 cogi·
966 3139 1054 3187 lamen
1070 3133 1185 3188 sentitur
1199 3141 1225 3189 el
1241 3149 1385 3190 concussa.
1403 3135 1544 3207 Siquidem
1562 3144 1588 3191 et
1600 3136 1669 3193 ratio
1685 3140 1764 3194 vide·

107 3225 211 3280 tatione
225 3225 304 3280 detur
317 3225 467 3281 atteteritati
491 3242 610 3298 magnus
634 3227 724 3282 locus.
748 3229 779 3281 ln
795 3243 828 3282 eo
843 3242 909 3297 ergo
965 3227 1007 3275 lut
1019 3237 1081 3276 esse
1096 3238 1157 3293 quae
1171 3222 1322 3294 impugnat,
1338 3231 1364 3278 et
1379 3225 1448 3278 ratio
1461 3224 1531 3295 'quae
1546 3234 1681 3297 repugnat
1697 3245 1703 3281 ι
1719 3227 1766 3282 illa

104 3314 179 3384 qnod
195 3330 245 3369 nec
260 3330 341 3369 sensu
356 3316 475 3385 concipi,
492 3332 543 3370 nee
565 3315 617 3370 utta
633 3316 706 3371 vater
728 3315 833 3371 ratione
858 3316 902 3369 ta·
964 3309 1090 3364 animalis
1106 3318 1131 3365 et
1144 3311 1290 3366 carnaliter
1304 3311 1422 3381 sapiens,
1439 3314 1498 3368 bac
1511 3322 1598 3368 autem
1615 3314 1765 3383 spiritualis

104 3400 189 3455 terim
204 3401 372 3475 investigari,
386 3404 608 3459 obedientissime
623 3405 737 3459 cedatur
748 3413 773 3458 et
784 3404 910 3459 credatur
963 3407 989 3453 ct
1004 3398 1181 3468 spiritualiter
1196 3400 1356 3470 dijudicans
1377 3402 1487 3467 omuia;
1512 3402 1557 3455 illa
1576 3403 1654 3471 quasi
1668 3402 1703 3457 de
1718 3403 1763 3457 iu-

104 3490 208 3544 divinre
231 3491 396 3557 auctoritati,
413 3492 491 3547 siculi
508 3501 550 3548 est
564 3492 598 3547 de
614 3493 757 3548 Salvatore
781 3493 908 3547 humanm
962 3487 1079 3558 expertis
1096 3487 1259 3557 haesitando,
1271 3489 1406 3543 baecvero
1418 3491 1578 3544 auctoritati
1594 3492 1684 3546 omnia
1700 3490 1765 3545 sub·

103 3578 320 3649 dispensationis
336 3581 494 3651 evangelica
507 3581 633 3648 historia,
647 3589 670 3636 et
682 3588 823 3651 gestorum
838 3582 906 3648 ejus,
961 3577 1050 3631 deado
1068 3592 1074 3629 :
1091 3577 1203 3646 insuper
1224 3592 1299 3648 aegre
1323 3577 1435 3632 serendo
1460 3579 1486 3631 in
1512 3578 1603 3648 aliqua
1625 3580 1665 3634 sui
1686 3588 1764 3651 parte

104 3684 168 3739 quae
182 3668 222 3722 eis
236 3669 284 3739 qui
301 3677 363 3723 tunc
380 3668 494 3736 inaniat,
512 3680 574 3723 tnnc
589 3670 658 3725 lacta
676 3676 737 3724 sunt
759 3668 794 3724 ad
808 3669 906 3723 viden·
961 3665 1132 3735 aliquatenus
1147 3664 1198 3719 sibi
1213 3681 1269 3720 rem
1286 3667 1380 3721 venire
1397 3667 1425 3721 in
1439 3666 1567 3728 dubium;
1591 3671 1632 3724 etri
1650 3686 1685 3724 ex
1708 3686 1761 3725 nu-

103 3755 171 3810 dum
188 3764 215 3810 et
229 3757 262 3810 ad
278 3756 442 3812 eredendum
459 3758 532 3828 quod
546 3774 599 3813 noa
612 3758 758 3821 videbant;
773 3757 907 3811 nobisau·
960 3754 1082 3808 ctoritate
1104 3753 1198 3808 divina
1213 3762 1240 3808 ct
1256 3754 1308 3809 lide
1322 3770 1378 3809 non
1393 3756 1468 3821 sicta,
1494 3773 1547 3812 uon
1570 3757 1682 3812 dubium
1706 3759 1760 3812 tri-

103 3852 160 3899 tem
176 3844 317 3900 credenda
340 3846 501 3915 indicuntur,
519 3848 582 3918 quia
598 3847 635 3901 sic
650 3845 718 3902 lac-ta
737 3846 801 3911 sint,
815 3854 841 3901 el
857 3862 907 3916 per
960 3842 1017 3896 buit
1031 3857 1180 3896 assensum.
1202 3842 1257 3898 Sed
1281 3841 1346 3914 quid
1371 3844 1452 3899 laciat
1473 3845 1591 3901 creditus
1614 3862 1674 3901 cum
1698 3848 1759 3903 Deo

103 3950 137 3988 ea
156 3933 322 3987 credendum
348 3942 387 3988 est
411 3935 483 4006 qnod
508 3944 534 3990 et
558 3934 594 3989 illi
610 3936 766 3990 credebant.
784 3933 838 3990 Sed
854 3934 904 3989 etsi
959 3930 1094 4001 spiritus?
1114 3930 1191 4003 Legit
1215 3931 1267 3986 sibi
1291 3932 1452 4002 evangelica
1476 3941 1530 3988 tam
1552 3935 1633 3990 verba
1648 3936 1758 3991 Domini

103 4022 130 4075 in
148 4021 232 4076 corde
248 4022 361 4077 ebullire
377 4023 507 4093 incipiunt
524 4040 656 4079 sensuum
676 4024 825 4078 carnalium
841 4032 904 4079 ten·
960 4034 1039 4091 quam
1059 4019 1201 4087 miracula,
1219 4027 1244 4075 cl
1257 4023 1284 4075 itt
1298 4021 1425 4076 omnibus
1438 4030 1584 4078 veneratur
1607 4033 1633 4078 et
1657 4025 1756 4081 adorat

102 4108 230 4176 tationes,
242 4111 374 4165 seandala
388 4111 461 4176 fidei,
476 4114 567 4168 tristes
583 4113 776 4176 haesitationes,
790 4119 816 4168 et
832 4129 904 4183 qute-
958 4108 1081 4162 veritatis
1095 4116 1188 4162 sancia
1198 4107 1323 4179 vestigia·
1335 4110 1494 4181 Requisilus
1505 4110 1584 4165 iidem
1597 4131 1603 4165 :
1616 4136 1627 4159 α
1639 4113 1679 4166 Tu
1690 4129 1728 4179 ee,
1741 4136 1753 4161 ι

101 4198 211 4253 stiones
226 4199 385 4263 tenebrosae,
398 4202 497 4270 quibus
511 4219 564 4256 nrtn
581 4211 636 4257 tam
649 4220 681 4256 ex
699 4202 796 4272 placito
807 4203 905 4257 voluu-
957 4195 1052 4265 inquil,
1066 4219 1076 4242 u
1090 4197 1209 4251 Christus
1224 4195 1307 4250 Filius
1318 4198 1488 4263 ttettttattlt.
1501 4200 1567 4265 xv1)·,
1582 4222 1593 4249 a
1609 4201 1756 4270 requisitus

100 4286 178 4351 tatis,
195 4302 274 4356 quam
291 4304 324 4342 ea
339 4288 442 4345 incuria
456 4290 588 4361 neglectae
612 4291 720 4354 mentis,
737 4290 779 4344 vel
795 4290 903 4345 levitate
957 4299 1094 4340 amorem:
1105 4284 1258 4354 “Tusssisstt
1271 4286 1534 4358 inquit,«quiaamo
1544 4297 1585 4353 ῑθῐ
1597 4296 1623 4344 ῡῑ
1633 4290 1753 4343 ‘mimam

99 4375 237 4430 naturalis
252 4376 287 4431 de
302 4377 480 4433 rationalitate
501 4379 626 4445 t'ervoris,
643 4378 729 4433 tidelis
743 4379 824 4433 etiam
840 4378 902 4432 ani·
958 4388 1046 4427 meam
1062 4389 1136 4444 pono
1151 4389 1202 4443 pro
1217 4382 1243 4430 te
1253 4375 1345 4443 (locri.
1356 4377 1449 4444 asili
1467 4377 1501 4431 Et
1515 4394 1575 4431 num
1586 4385 1682 4433 cancta
1692 4394 1754 4448 quae

100 4480 162 4517 mus
176 4479 370 4534 nonnunquam
384 4466 501 4537 caligare
512 4467 596 4530 solet;
625 4467 692 4522 nulli
716 4468 811 4521 melius
836 4466 899 4521 ani·
958 4461 1247 4533 fideisnntintrepido
1266 4462 1350 4518 corde
1375 4464 1467 4519 eredat
1490 4465 1523 4518 ad
1545 4465 1753 4534 justitiam,ore
1827 4504 1829 4509 -

99 4568 164 4607 mus
186 4553 338 4623 regendum
353 4570 383 4609 se
398 4556 483 4610 credit
497 4564 524 4609 et
540 4557 690 4621 committit,
707 4571 786 4626 qaam
802 4555 901 4609 divina
957 4560 1046 4607 autem
1061 4550 1220 4607 confiteatur
1243 4551 1277 4607 ad
1302 4553 1428 4619 salutern,
1444 4567 1479 4608 ert
1495 4553 1590 4624 regula
1604 4555 1751 4610 auctorita·

98 4642 271 4704 auctoritati:
298 4643 402 4698 scilieet
415 4660 494 4713 quam
510 4644 638 4699 divinitae
653 4645 679 4698 in
696 4652 750 4699 tarn
773 4643 902 4698 eminenti
956 4639 1005 4704 tis;
1020 4640 1055 4693 ab
1071 4656 1136 4694 anre
1150 4648 1239 4694 tamen
1253 4639 1344 4696 cordis
1359 4649 1488 4696 excutere
1502 4657 1555 4695 non
1570 4650 1659 4712 potest
1668 4645 1752 4714 forsi-

98 4727 222 4785 culmine
236 4730 376 4800 dignitatis
391 4733 542 4789 constituit:
559 4742 586 4788 et
600 4749 681 4804 quam
695 4733 778 4787 verbo
795 4740 821 4787 et
836 4733 900 4787 scri·
956 4731 1007 4781 lura
1022 4736 1047 4781 ct
1062 4730 1198 4798 servitori,
1213 4729 1364 4783 susurrium
1379 4729 1543 4797 tentationis,
1560 4746 1613 4785 uon
1627 4730 1695 4786 illud
1709 4731 1752 4786 di·

99 4826 159 4889 pto.
176 4824 202 4873 et
217 4818 274 4874 vita
290 4827 317 4874 et
332 4829 419 4876 morto
433 4836 483 4876 sua
498 4821 578 4877 nobis
592 4821 848 4876 commendaverunt
864 4828 902 4875 tot
955 4831 1019 4870 cens
1035 4815 1098 4880 sibi,
1115 4820 1163 4871 sed
1177 4816 1365 4872 molestissime
1382 4818 1474 4872 serens
1489 4818 1524 4873 ab
1538 4818 1629 4888 aliquo
1652 4819 1750 4877 animas

99 4914 127 4960 et
142 4905 208 4961 tanti
222 4907 348 4963 homines
363 4909 421 4965 Dei.
442 4911 471 4964 lu
487 4926 539 4982 qua
562 4927 622 4966 cum
646 4911 690 4981 pie
714 4919 740 4966 et
764 4909 902 4965 humiliter
955 4920 1012 4959 811ae
1026 4919 1109 4959 sensu
1123 4904 1177 4959 diei
1192 4904 1254 4960 sibi·
1275 4905 1367 4961 Gemit
1380 4921 1448 4977 ergo
1463 4906 1499 4962 td
1514 4908 1597 4962 verba
1613 4910 1751 4980 Apostoli,

99 4995 296 5066 acquiescitur,
313 4996 431 5053 trenetur
454 5007 480 5054 a
501 5000 575 5070 quast
588 5000 616 5053 tn
631 5006 687 5054 tuto
712 5000 900 5069 requiescitur,
955 4992 1174 5064 etntmtumipse
1183 5004 1328 5064 suspectus
1337 5002 1379 5051 ea
1388 4995 1754 5070 sibi-«vosmetipsos,·in·

98 5082 189 5139 donec
203 5100 254 5155 per
267 5085 452 5155 operationem
466 5087 550 5142 sancti
566 5088 683 5158 Spiritus
697 5088 764 5159 ipsa,
777 5091 846 5145 sicut
860 5093 901 5146 di·
955 5082 1021 5152 quit,
1036 5089 1158 5138 “lentate
1168 5083 1191 5137 δί
1202 5083 1267 5138 esus
1278 5083 1305 5139 ln
1315 5082 1381 5149 fide;
1393 5083 1444 5154 ipsi
1454 5100 1503 5141 l⁰⁸
1515 5086 1639 5156 problle·
1653 5092 1749 5145 Annon

100 5173 137 5227 cit
156 5173 303 5243 propbeta,
316 5175 481 5246 experientia
505 5176 676 5232 intellectum
700 5177 813 5247 incipiat
835 5179 900 5234 dare
954 5170 1119 5243 0031¹0⁸⁰lli⁸
1134 5186 1182 5228 νοῦ
1197 5171 1281 5242 ἱΡδθδ,
1296 5172 1360 5243 ΨΜ
1375 5171 1497 5228 Chrsslllfi
1520 5175 1599 5229 1⁹⁸1!ss
1623 5175 1649 5230 in
1674 5177 1755 5232 tobis

101 5262 205 5316 auditui
220 5262 301 5332 (lsai.
318 5266 432 5333 xxvtrt);
448 5265 536 5320 donce
556 5265 676 5321 obtineat
699 5266 780 5331 tides,
805 5275 834 5322 ut
856 5284 901 5324 res
955 5267 1006 5325 0⁵¹,
1022 5259 1075 5314 ¹¹5⁸i
1090 5260 1158 5315 f⁰rle
1174 5259 1282 5332 reprobi
1297 5259 1382 5316 ⁰⁸58?
1395 5282 1405 5312 t
1418 5261 1529 5332 (110οἢ
1541 5264 1612 5333 atu.)
1623 5264 1656 5320 Et
1666 5264 1732 5320 alibi
1745 5278 1752 5313 ²

100 5350 181 5420 eujus
192 5351 332 5423 praeeessit
346 5350 425 5417 fides,
436 5353 576 5408 credentis
590 5355 729 5411 illucescat
743 5354 859 5425 affectui,
873 5363 901 5412 ut
957 5370 968 5395 ι
981 5347 1068 5402 Nemo
1078 5346 1192 5418 loquens
1201 5348 1229 5403 in
1237 5347 1339 5421 Spiritu
1350 5357 1454 5417 sancto,
1462 5349 1528 5406 dicit
1537 5352 1682 5407 anatliema
1690 5353 1753 5411 lesu

102 5439 138 5496 de
151 5440 206 5497 ttae
219 5442 287 5496 lesu
301 5438 402 5495 Christi
415 5439 464 5495 stat
474 5440 501 5495 iu
516 5441 597 5497 corde
612 5441 672 5514 ejus
694 5451 723 5498 et
745 5445 900 5515 exemplum
955 5445 978 5515 tl
987 5444 1046 5501 Cor.
1056 5446 1114 5514 att).
1126 5446 1195 5503 »Cui
1205 5446 1646 5522 constantissimeipsesubjungit:
1658 5470 1670 5501 ι
1680 5453 1751 5520 lma,

101 5535 275 5605 humilitatis,
289 5544 318 5595 et
331 5536 496 5595 incentivum
513 5538 625 5608 amoris,
652 5546 679 5595 et
700 5551 899 5600 sacramentum
954 5544 978 5598 si
992 5544 1121 5614 quianon
1135 5545 1223 5619 diligit
1232 5544 1479 5605 Dominumlesum
1487 5547 1633 5618 canatum,
1642 5549 1754 5607 silena-
