3728 6000
7 1816 10 1821 .
111 1782 305 1844 circaseidem
320 1789 408 1848 iaciat.

109 208 163 303 aas
604 242 1259 305 nascentscnomsrrctnsonrnrrsrs
1702 237 1759 292 aas

109 370 232 427 esuriant
247 388 337 447 neque
351 372 453 443 sitiant,
479 373 611 431 ueraciter
637 388 691 429 non
717 380 831 445 praestat
854 370 906 426 nisi
919 372 949 438 Α
964 378 990 426 et
1016 369 1203 427 inebriandum
1233 386 1315 444 quam
1334 385 1406 444 aqua
1427 365 1576 434 inuenitur,
1597 362 1665 435 quia
1687 358 1761 419 calix

110 459 161 514 iste
176 460 252 515 cibus
268 468 296 516 et
310 466 401 533 potus,
419 462 463 535 qni
477 479 555 519 eosa
580 463 677 535 quibus
701 462 826 529 sumitur,
851 461 905 516 im-
961 459 1067 515 Domini
1082 460 1232 528 inebrians,
1241 475 1323 532 quam
1333 459 1483 532 praeclarus
1493 464 1534 513 est
1543 453 1638 528 (Paci.
1653 466 1723 518 xxm,
1731 451 1759 520 b)

109 549 239 604 mortales
252 551 326 617 lacit,
342 551 369 606 id
392 560 432 607 est
451 553 512 623 ipsa
532 553 644 607 societas
668 560 834 618 sanctorum,
859 549 905 605 ubi
958 548 1023 603 dum
1045 547 1086 603 sui
1110 550 1212 605 amoris
1233 550 1343 606 fervore
1369 564 1447 604 mens
1473 543 1609 610 debriata,
1633 540 1758 598 omnium

109 652 163 708 pax
179 639 272 694 eritet
290 641 378 695 unitas
400 642 481 712 plana
504 650 585 712 atque
615 640 744 712 perlecta.
761 642 907 710 Propterea
958 645 1125 693 terrenorum
1148 638 1349 693 obliviscitur?
1374 637 1453 696 Unde
1473 635 1555 691 ctiam
1579 630 1707 688 inusitato
1732 635 1760 684 et

107 726 210 796 qnippe
226 729 355 783 Dominus
368 744 467 800 corpus
482 738 508 784 et
528 730 689 802 sanguinem
710 745 790 783 suum
815 728 843 781 in
867 726 906 783 eis
959 727 1093 797 stupendo
1112 726 1245 783 miraculo
1273 734 1417 799 postquam
1445 724 1570 797 spiritum
1595 720 1699 787 emisit,
1724 717 1759 775 de

107 814 189 868 rebus
205 818 476 888 commendavitque
491 819 525 873 ad
538 834 621 872 unum
631 818 732 889 aliquid
744 817 906 890 rediguntur
958 813 1044 871 latere
1059 815 1157 871 Christi
1171 815 1283 887 sanguis
1298 825 1324 871 et
1337 830 1409 887 aqua
1433 821 1528 870 contra
1549 818 1672 866 naturam
1693 822 1756 863 rna-

110 917 143 957 ex
159 903 260 958 multis.
276 905 401 978 Namque
415 907 488 961 aliud
501 908 529 960 in
544 922 626 961 unum
645 922 680 961 ex
702 905 793 960 multis
814 903 906 977 granis
958 903 1043 973 navit,
1076 910 1113 970 ut,
1148 903 1366 976 regenerationis
1397 911 1424 959 et
1451 899 1648 973 redemptionis
1672 912 1758 952 unum

112 989 249 1046 conficitur
263 992 337 1048 aliud
357 996 383 1048 in
407 1011 490 1049 uuum
506 1012 539 1050 ex
564 994 655 1049 multis
676 993 762 1049 acinis
785 992 905 1049 conlinit.
957 1000 1058 1048 nostrae
1073 991 1168 1047 salutis
1178 1007 1247 1064 opus
1262 1008 1323 1047 esse
1339 991 1453 1062 mystice
1468 989 1596 1063 signaret,
1618 986 1683 1041 dum
1703 984 1756 1041 boc

110 1078 332 1136 Ecclesiastieam
348 1083 515 1147 societatem,
532 1083 622 1138 cibum
638 1090 665 1138 et
684 1090 776 1153 potum
800 1098 831 1137 ac
851 1097 905 1153 pa·
958 1080 1059 1151 duplici
1075 1090 1244 1137 sacramento
1260 1096 1343 1136 unum
1357 1096 1457 1151 corpus
1472 1077 1570 1135 Christi
1584 1082 1611 1132 ot
1629 1072 1759 1131 Ecclesiae

111 1181 172 1222 nem
202 1169 372 1226 Dominicunr
400 1172 479 1238 dixit,
507 1177 562 1226 tum
587 1173 649 1242 qnia
677 1187 740 1228 rere
767 1172 844 1225 satiat
879 1171 906 1225 iu
958 1168 1163 1239 perspiritum
1187 1167 1531 1226 sanctumconlorrnaret.
1555 1162 1633 1221 Unda
1659 1160 1758 1218 ettria

111 1261 211 1310 aeterna
226 1257 402 1327 beatitudine,
417 1267 472 1314 tum
488 1261 552 1332 quia
570 1261 669 1315 multos
683 1261 709 1315 in
728 1276 811 1314 unum
836 1258 907 1314 redi·
956 1264 1019 1312 sunt
1039 1273 1099 1329 quse
1123 1257 1230 1313 Christo
1256 1257 1441 1314 testimonium
1467 1254 1532 1312 dant
1553 1253 1582 1309 in
1602 1260 1686 1318 terra,
1702 1248 1755 1321 spi·

110 1343 151 1414 git
165 1360 229 1400 vera
244 1348 395 1404 charitate:
414 1365 493 1420 quam
513 1350 669 1404 sociotatem
685 1349 809 1421 quivere
824 1363 906 1404 acce·
957 1345 1036 1414 ritus,
1053 1361 1133 1417 aqua,
1150 1355 1176 1402 et
1191 1348 1303 1418 sanguis
1318 1346 1344 1416 (l
1355 1348 1436 1403 loon.
1453 1360 1481 1412 r,
1491 1346 1519 1414 i)
1535 1358 1542 1412 ;
1572 1340 1635 1414 quia
1657 1346 1684 1395 at
1701 1336 1755 1393 mi·

108 1432 181 1501 perit
195 1449 249 1489 non
266 1445 354 1506 potest
372 1437 472 1508 privari
496 1445 599 1492 aetema
620 1437 717 1492 salute.
742 1437 815 1506 Quia
838 1451 906 1508 ergo
958 1450 1016 1489 rum
1029 1434 1078 1490 luit
1091 1435 1221 1491 mortales
1233 1436 1269 1490 dc
1289 1436 1360 1491 coelo
1379 1433 1529 1490 secundum
1547 1427 1755 1503 pmmiasionem

109 1532 308 1577 sacramentum
323 1525 447 1596 corporis
461 1525 571 1593 Christi,
587 1524 675 1596 ipsum
699 1525 846 1592 Christum,
863 1529 907 1583 vel
959 1523 1059 1578 Christi
1092 1523 1224 1595 Spiritum
1246 1531 1369 1579 sanctum
1397 1522 1530 1594 accipere.
1560 1526 1587 1576 et
1613 1524 1754 1573 mortuum

110 1607 168 1677 ejus
180 1610 336 1667 Ecclesiam
354 1630 403 1668 sua
422 1630 456 1669 ex
482 1629 512 1669 se
536 1613 709 1668 similitudine
735 1613 835 1684 signal,
864 1615 906 1669 vi·
958 1612 1157 1682 moreviteutjs
1171 1628 1226 1667 non
1241 1613 1355 1681 saniem,
1371 1611 1419 1668 sed
1433 1608 1617 1683 sanguinem
1638 1604 1694 1660 imo
1707 1619 1756 1659 su·

109 1694 222 1752 deamus
240 1701 264 1754 si
285 1702 458 1757 similitudine
482 1702 599 1773 alicujus
623 1701 769 1757 exterioris
790 1701 906 1757 achonis
919 1736 945 1796 B
959 1715 1008 1771 pra
1026 1716 1133 1756 morem
1148 1702 1271 1758 virorum
1292 1706 1319 1755 el
1343 1707 1521 1770 mortuorum,
1545 1712 1608 1753 cum
1624 1692 1757 1767 sanguine

961 1803 1059 1860 aquam
1073 1789 1108 1844 de
1123 1789 1236 1846 vulnere
1247 1789 1341 1844 lateris
1354 1787 1485 1844 tundere:
1501 1784 1583 1855 Quod
1608 1790 1702 1839 tamen
1718 1779 1758 1836 si-

146 1876 313 1947 Augustinus
348 1879 376 1933 in
415 1878 484 1935 libro
519 1879 721 1936 Sententiarum
755 1878 905 1950 Prosperi:
961 1884 1008 1932 cut
1020 1877 1190 1944 miraculum,
1205 1877 1246 1933 sic
1260 1885 1364 1933 constat
1380 1875 1463 1932 luisse
1477 1881 1505 1930 et
1518 1872 1691 1945 mysterium.

115 1982 126 2007 r
144 1962 214 2018 Dum
230 1966 363 2039 frangitur
377 1969 476 2037 hostia,
502 1970 566 2023 dum
591 1968 701 2041 sanguis
721 1967 754 2023 dc
776 1967 859 2023 calice
881 1967 908 2022 in
997 1964 1051 2021 Sed
1070 1966 1135 2037 quid
1159 1981 1265 2021 curram
1291 1980 1341 2036 per
1362 1963 1499 2034 singula?
1519 1958 1660 2031 Quidquid
1681 1956 1712 2013 ht
1733 1956 1760 2012 in

111 2065 159 2107 ora
186 2052 304 2110 fidelium
333 2057 460 2123 tunditur,
483 2058 548 2129 quid
572 2057 645 2112 uliud
669 2072 750 2129 quam
774 2055 909 2111 Dominici
962 2051 1164 2121 cfficiomissae,
1179 2061 1378 2110 sacramentnm
1393 2059 1434 2107 cst
1448 2049 1548 2107 Christi
1568 2057 1595 2104 et
1617 2045 1758 2105 Ecclesiae.

114 2142 238 2212 corporis
253 2145 280 2198 in
295 2160 376 2201 cruce
390 2145 552 2212 immolatio,
568 2145 683 2216 ejusque
705 2145 851 2216 sanguinis
874 2144 908 2200 de
961 2142 1040 2197 Unde
1062 2149 1090 2198 et
1111 2143 1281 2215 Augustinus
1305 2142 1333 2197 iu
1356 2141 1425 2197 libro
1439 2141 1480 2196 De
1500 2137 1644 2194 Trinitatc:
1663 2158 1674 2184 ι
1691 2134 1761 2206 Quia

113 2227 197 2285 latere
213 2231 306 2288 effusio
320 2234 499 2305 designatur‘.l
523 2233 588 2288 ideo
612 2235 693 2288 etiam
721 2233 781 2302 ipse
809 2248 909 2303 corpus
962 2238 1048 2286 morta
1062 2232 1173 2287 Domini
1187 2231 1296 2287 liberati
1308 2247 1412 2297 sumus,
1427 2228 1509 2298 hujus
1524 2226 1563 2283 rei
1578 2240 1718 2282 memores
1731 2225 1760 2279 in

112 2317 280 2392 suumlregit
295 2323 446 2387 attradidit,
456 2321 621 2393 utsignaret,
635 2320 706 2390 quod
719 2329 815 2390 sponte
823 2338 870 2376 sua
880 2321 908 2375 in
962 2318 1068 2375 edendo
1082 2328 1108 2375 et
1121 2320 1240 2376 bibendo
1255 2335 1366 2376 carnem
1385 2326 1412 2374 et
1431 2317 1604 2390 sanguinem,
1628 2329 1690 2386 qum
1710 2327 1760 2385 pro

113 2406 286 2472 passionnem
312 2425 344 2464 se
359 2410 500 2482 frangeret
514 2417 542 2464 et
555 2409 670 2464 traderet
683 2425 732 2479 pro
746 2409 836 2475 nobis,
863 2409 908 2480 qui
961 2407 1043 2464 nobis
1058 2409 1150 2465 oblata
1169 2417 1231 2464 sunt
1250 2407 1446 2482 significamus.
1470 2404 1549 2475 Quod
1566 2404 1638 2460 enim
1662 2417 1760 2474 corpus

115 2491 189 2546 solus
205 2503 365 2564 potestatem
383 2498 502 2552 lralrcbat
526 2498 644 2568 ponendi
666 2497 786 2551 animam
809 2513 906 2552 suam:
962 2496 1059 2551 Christi
1089 2498 1119 2552 in
1142 2502 1313 2554 sacramento
1344 2496 1469 2551 manibus
1494 2492 1618 2549 lidelium
1644 2498 1758 2556 tenetur,

113 2581 282 2649 quodetiam
297 2585 324 2637 in
340 2586 416 2641 altari
432 2586 490 2641 vice
511 2602 561 2640 sua
583 2586 720 2640 imitantur
740 2587 906 2658 sacerdotes,
961 2585 1105 2657 frangitur,
1126 2586 1252 2642 dentibus
1263 2587 1398 2652 atteritur,
1424 2590 1450 2638 el
1475 2581 1540 2653 ipsis
1558 2580 1758 2652 incorporatur,

113 2676 142 2722 ut
158 2669 231 2725 idem
254 2682 463 2742 repraesentent,
480 2675 508 2728 id
519 2682 560 2729 est
575 2690 674 2745 corpus
689 2676 798 2741 Christi,
815 2690 907 2730 sacra·
961 2671 1100 2745 significat
1125 2690 1187 2729 eum
1207 2675 1236 2728 in
1250 2674 1380 2746 passione
1399 2671 1524 2727 manibus
1538 2669 1684 2742 impiorum
1698 2676 1759 2724 ten-

112 2766 232 2813 mentum
249 2761 345 2816 Christi
369 2770 395 2817 et
418 2763 544 2818 Ecclesiae
567 2780 615 2834 per
638 2763 801 2818 exteriorem
826 2765 908 2820 actio·
961 2767 1068 2828 tumet
1082 2763 1212 2835 usquead
1229 2771 1344 2818 mortem
1359 2761 1485 2828 tractum,
1508 2767 1537 2815 et
1557 2765 1669 2831 propter
1691 2772 1759 2813 nos·

112 2861 188 2900 nem.
206 2870 217 2896 tt
231 2850 274 2903 Ait
289 2852 400 2922 Sergius
414 2867 484 2922 papa
499 2853 565 2922 (lap
580 2874 591 2898 t
608 2852 792 2907 Triformeest
805 2867 907 2923 corpur
961 2847 1114 2902 trascelera
1129 2848 1251 2904 attritum
1263 2865 1269 2912 ;
1282 2847 1434 2904 Ecclesiam
1458 2862 1533 2915 vero,
1556 2858 1656 2914 corpus
1681 2856 1759 2897 snum

113 2935 233 3004 Domini,
261 2955 324 3009 pars
358 2939 455 2997 oblatae
487 2941 513 2994 in
542 2940 654 2995 calicem
682 2941 775 3008 missa,
805 2956 906 3012 corpus
960 2935 1074 3003 scilicet,
1092 2936 1174 3006 hujus
1189 2953 1244 2992 sum
1257 2937 1393 3008 passionis
1416 2933 1568 2991 imitatione
1587 2931 1640 2988 sibi
1661 2931 1758 2988 incor-

111 3022 213 3080 Christi
236 3028 308 3098 quod
327 3029 383 3097 Jam
408 3029 563 3095 resurrexit,
588 3038 742 3095 monstral;
765 3045 831 3101 pars
855 3044 905 3086 co·
959 3033 1081 3094 potatam
1110 3034 1136 3081 et
1163 3026 1369 3082 conformatam.
1398 3023 1478 3093 Quod
1496 3022 1549 3095 ipsi
1570 3020 1680 3078 Christo
1700 3019 1759 3090 J'attt

111 3121 208 3179 mesto,
224 3116 367 3171 ambulans
381 3118 471 3174 adhuc
484 3134 568 3188 snper
586 3126 686 3174 terram
700 3135 707 3183 3
729 3134 793 3189 pars
815 3118 843 3171 in
868 3118 906 3173 al·
920 3084 946 3149 G
960 3113 1101 3170 immortali
1117 3122 1143 3170 et
1158 3114 1355 3185 incorruptibili
1369 3112 1442 3169 lacto
1456 3112 1546 3168 nullus
1557 3117 1704 3183 potetesse
1714 3109 1757 3164 in-

108 3201 159 3255 tan‘
175 3218 260 3275 usque
275 3205 308 3259 ad
322 3205 403 3262 tinem
418 3207 510 3262 missae
521 3222 679 3273 remanens,
696 3222 794 3276 corpas
806 3206 905 3275 jacens
960 3201 1083 3273 dignum,
1099 3202 1122 3258 si
1138 3201 1258 3258 fidelium
1273 3201 1381 3258 devotio
1397 3203 1449 3257 boc
1464 3200 1517 3256 sibi
1537 3200 1566 3254 in
1586 3204 1757 3256 sacramento

111 3288 138 3342 iu
154 3291 291 3360 sepulcro,
306 3294 371 3366 quia
392 3311 477 3366 usque
502 3295 536 3350 ad
563 3294 643 3349 linem
672 3293 764 3350 saeculi
792 3309 906 3365 corpora
959 3298 1146 3360 repraesentet,
1176 3292 1209 3347 ad
1231 3290 1380 3347 Dominicae
1403 3289 1542 3362 passionis
1564 3286 1756 3354 imitationem.

108 3388 265 3436 sanctorum
286 3382 313 3436 in
337 3384 469 3454 sepulcris
493 3391 581 3439 crunt.
607 3384 704 3440 altem
726 3383 812 3438 Julius
833 3399 905 3453 papa
959 3379 1031 3450 quod
1045 3380 1105 3450 ipse
1119 3381 1250 3435 Dominus
1263 3395 1394 3452 passurus
1407 3376 1618 3448 ficritpraecepit
1632 3375 1757 3432 adanam

109 3465 137 3520 in
165 3468 280 3525 decretis
309 3473 445 3544 episcopis
468 3488 518 3543 per
543 3474 689 3544 AEgrptum
715 3472 805 3527 missis
829 3472 903 3542 (lllz
957 3469 1265 3524 commemorationem:
1282 3476 1311 3524 ut
1325 3475 1405 3524 tantae
1419 3467 1460 3523 rei
1472 3465 1609 3522 memoria
1623 3465 1753 3535 excitata,

109 3555 209 3611 «Catia
223 3559 382 3615 Dominicus
394 3561 469 3629 juxta
493 3575 627 3616 canonum
650 3569 823 3631 preceptum,
840 3560 903 3616 vino
957 3557 1161 3626 praesentiaque
1175 3556 1274 3613 divinae
1299 3556 1402 3613 auxilio
1418 3564 1444 3612 et
1464 3553 1591 3626 exemplo
1615 3554 1753 3623 roborata,

106 3650 132 3696 et
146 3659 214 3715 aqua
239 3648 383 3716 permistus
406 3649 489 3704 debut
518 3648 620 3714 offerri,
639 3649 700 3720 quia
724 3648 847 3704 videmus
874 3648 903 3701 in
956 3643 1022 3698 solit
1036 3652 1062 3699 el
1077 3645 1162 3715 possit
1179 3662 1230 3716 par
1251 3645 1333 3717 ipsius
1354 3645 1473 3717 gratiam
1496 3642 1572 3715 quod
1598 3642 1754 3699 nullatenus

106 3744 177 3801 aqua
191 3735 321 3803 populum
335 3737 461 3808 intelligi,
477 3737 503 3790 in
526 3738 587 3793 rino
608 3737 714 3792 ostendi
737 3737 901 3807 sanguinem
955 3733 1095 3802 praesumit
1108 3748 1158 3803 per
1173 3750 1230 3789 suae
1254 3733 1407 3806 tragilitatis
1427 3741 1559 3787 naturam.
1582 3729 1753 3799 Quorsum

106 3818 217 3873 Christi.
237 3822 310 3891 Ergo
334 3840 395 3878 cum
420 3825 446 3876 iu
466 3825 548 3880 calice
575 3825 637 3880 rino
662 3840 733 3895 aqua
759 3825 900 3893 miscetur,
955 3819 984 3872 in
999 3820 1097 3874 Christi
1112 3836 1226 3893 corpore
1247 3821 1416 3893 permissum
1441 3829 1484 3876 est
1507 3820 1586 3875 malis
1615 3820 1653 3874 ad
1677 3834 1754 3874 suam

107 3905 216 3963 Christo
227 3910 344 3979 populus
360 3911 500 3978 adunatur,
522 3920 548 3967 et
570 3913 738 3968 credentium
761 3913 841 3983 plebs
865 3912 900 3980 ci,
954 3906 1166 3976 damnationem,
1199 3925 1250 3966 nec
1278 3909 1490 3983 ignominiosum
1518 3909 1606 3964 visum
1634 3914 1675 3964 est
1698 3908 1753 3964 Deo

104 3993 132 4047 iu
147 4011 226 4064 quem
242 3997 336 4065 credit,
353 4001 492 4070 copulatur
514 4008 540 4055 et
560 4001 707 4073 jungitur:
733 4018 794 4073 quae
815 4016 901 4072 copu-
955 3996 1028 4050 Patri
1056 4006 1166 4068 propter
1191 4006 1310 4054 nostram
1334 3998 1462 4065 salutem,
1486 3998 1569 4053 multo
1593 3997 1682 4070 magis
1703 3997 1753 4068 ipsi

104 4080 169 4138 latio
184 4093 211 4139 et
225 4087 380 4156 conjunctio
395 4104 474 4158 aquae
489 4094 515 4145 et
530 4089 586 4143 vini
602 4089 640 4144 sic
655 4091 785 4144 miscetur
808 4089 835 4143 iu
857 4105 901 4143 co·
953 4084 1081 4154 placitum
1097 4094 1123 4141 et
1136 4087 1289 4159 gloriosum
1304 4094 1355 4155 est,
1370 4095 1399 4142 ut
1413 4086 1534 4143 fidelium
1557 4101 1668 4141 suorum
1693 4101 1753 4140 ma·

103 4170 155 4228 lice
183 4173 304 4240 Domini,
330 4183 358 4230 ut
383 4176 473 4232 mistio
501 4177 548 4231 illa
574 4193 627 4232 non
655 4178 741 4248 possit
769 4177 899 4249 separari.
951 4171 1031 4228 nibus
1060 4175 1158 4231 devota
1186 4177 1212 4230 in
1242 4184 1412 4233 sacramento
1441 4176 1593 4248 testigatur,
1621 4174 1752 4231 dentibus

103 4259 171 4315 Nam
189 4263 213 4316 si
236 4263 329 4319 vinum
352 4265 413 4336 quis
442 4266 629 4321 tantummodo
656 4264 760 4333 offerat,
789 4268 900 4338 sanguis
951 4269 1090 4330 atteratur,
1110 4265 1180 4319 sieut
1193 4264 1253 4336 ipse
1266 4265 1405 4337 praecepit,
1422 4265 1450 4320 in
1477 4281 1553 4320 suam
1582 4279 1751 4320 commemo·

104 4349 204 4405 Christi
219 4351 311 4423 incipit
323 4369 384 4409 esso
398 4353 457 4408 sinc
471 4354 551 4408 uobis
568 4373 574 4419 ;
601 4355 624 4408 si
644 4370 708 4410 vero
729 4370 828 4426 aquam
851 4372 898 4411 so·-
951 4351 1098 4422 rationem,
1115 4369 1169 4410 non
1184 4354 1211 4408 in
1228 4355 1338 4410 veritate
1354 4354 1463 4426 quidem
1479 4353 1623 4425 passionis,
1640 4353 1751 4410 Offltifl·

102 4437 167 4507 lam,
195 4440 273 4511 plebs
306 4441 400 4513 incipit
416 4458 476 4498 esse
500 4442 558 4497 sino
581 4443 722 4499 Christo·
749 4444 895 4500 Sciendum
909 4438 936 4498 D
952 4440 1054 4508 rionis,
1068 4442 1172 4510 mortis,
1188 4449 1216 4497 ut
1231 4442 1422 4513 supradictum
1437 4449 1488 4511 est,
1504 4442 1553 4499 sed
1574 4441 1749 4515 significante

102 4535 203 4595 tamen,
226 4530 290 4599 quia
315 4530 380 4586 licet
407 4531 482 4601 prius
508 4531 620 4602 mystice
648 4532 740 4589 vinum
768 4541 795 4588 et
823 4548 894 4604 aqua

99 4617 257 4684 misceatur,
296 4627 358 4690 post
395 4621 624 4676 consecrationem
661 4629 751 4676 lamen
786 4621 894 4675 nonnisi

97 4706 210 4778 sanguis
227 4706 335 4775 bibitur,
351 4709 414 4779 quia
436 4711 511 4780 prius
533 4726 582 4780 per
603 4726 701 4782 aquam
725 4709 895 4780 baptismatis

98 4796 196 4864 renati,
212 4799 386 4866 postmodnm
403 4814 458 4853 non
473 4799 557 4854 solum
574 4801 793 4869 concorporales,
810 4799 858 4854 sod
869 4806 895 4854 et

99 4886 294 4957 consanguinei
311 4886 420 4943 Christo
443 4887 621 4957 spiritualiter
644 4887 784 4943 allicimur.
801 4888 843 4943 hd
854 4888 894 4942 si-

99 4974 237 5045 gnandum
252 4984 340 5029 autem
356 4976 500 5044 Christum,
516 4977 619 5042 vinum,
641 4985 666 5031 ot
677 4977 711 5031 ad
730 4976 893 5048 signandum

100 5063 230 5133 populum
246 5080 317 5135 aqua
331 5065 468 5132 miscetur,
485 5065 549 5136 quia
565 5066 613 5119 etsi
638 5065 733 5120 vinum
756 5065 790 5120 dc
812 5079 891 5137 aqua,

102 5151 212 5222 dignius
223 5160 314 5207 tamen
324 5169 372 5223 per
383 5155 475 5219 ritem,
492 5161 517 5208 et
529 5154 651 5209 Christus
662 5153 695 5209 ds
707 5169 790 5209 carne
806 5163 893 5209 nostra

98 5255 146 5309 per
161 5240 269 5295 blaciam
286 5252 440 5314 generatur,
461 5248 487 5297 ct
507 5242 642 5314 potentius
664 5243 697 5298 ad
718 5241 892 5298 reficiendum

132 5414 187 5482 (13)
203 5416 279 5485 hpud
303 5418 436 5483 Gratiam,
462 5419 711 5487 dist.1r,c.22,t.
731 5422 753 5486 l,
776 5437 803 5490 p.
826 5423 889 5490 tta,

94 5483 137 5538 ed.
151 5485 281 5542 Pithoeor.
298 5489 393 5554 Paris,
411 5491 490 5546 1681.
505 5491 551 5545 Εει
566 5493 764 5562 apocriphum.

129 5556 185 5630 (tt)
200 5559 280 5615 Falso
296 5560 440 5617 ascribitur
451 5560 533 5631 lulio,
553 5561 625 5634 apud
641 5549 809 5631 Gratianum,
823 5578 886 5621 can.

950 4529 1091 4599 mysterio,
1108 4538 1134 4584 ut
1149 4530 1208 4601 ipsc
1227 4529 1335 4602 quidem
1352 4531 1455 4586 tructus
1467 4537 1494 4587 et
1518 4532 1621 4587 attritus
1640 4531 1749 4605 integer

948 4626 1116 4690 parmaneat,
1133 4627 1160 4674 et
1172 4620 1366 4690 redemptionis
1383 4637 1439 4676 sure
1460 4620 1547 4693 gratia
1560 4621 1688 4676 omnibus
1702 4620 1747 4676 di-

949 4707 1007 4761 visa
1021 4706 1155 4777 proficiat.
1170 4707 1247 4777 Quod
1264 4716 1291 4763 ut
1312 4710 1415 4764 certius
1433 4709 1585 4765 innotescat
1606 4707 1745 4776 fidelibus,

949 4795 1123 4868 Denrcngarii
1142 4798 1352 4868 andegavensis
1365 4798 1484 4855 haretici
1499 4798 1649 4865 consessio,
1666 4814 1747 4871 quam

948 4884 983 4940 de
998 4885 1077 4954 hujus
1087 4886 1127 4940 rei
1142 4886 1276 4942 catholica
1288 4885 1341 4942 srde
1362 4887 1479 4959 scripsit,
1506 4896 1531 4943 et
1555 4887 1649 4944 Romae
1672 4902 1747 4959 prm·

947 4977 1025 5028 sente
1041 4973 1155 5029 Nicolac
1172 4991 1239 5046 papa
1256 4977 1279 5029 ll
1297 4979 1351 5045 tan.
1369 4978 1448 5044 toan,
1468 4977 1568 5039 labbe,
1589 4975 1638 5043 tx,
1654 4978 1745 5046 lobtll,

947 5078 1039 5118 coram
1055 5065 1104 5119 113
1118 5065 1255 5134 episcopis
1274 5065 1453 5135 jurejurando
1475 5065 1601 5136 firmavit,
1623 5066 1659 5122 ad
1684 5082 1745 5122 me-

947 5151 1020 5207 dium
1036 5152 1182 5208 deferatur.

985 5266 995 5290 a
1008 5243 1068 5314 Ego
1082 5244 1275 5315 berengarius,
1287 5244 1415 5317 indignus
1430 5245 1553 5302 ecclesia
1564 5246 1654 5303 Sancti
1670 5248 1746 5304 Mau·

945 5426 971 5489 7,
987 5422 1027 5478 De
1037 5428 1175 5488 consecr,
1203 5423 1265 5479 dist.
1285 5439 1315 5480 u.
1329 5423 1514 5482 lielerendum
1544 5433 1586 5481 est
1607 5424 1640 5480 ad
1661 5440 1741 5483 conc.

943 5493 1064 5562 Dracon,
1080 5510 1144 5550 ann.
1161 5495 1222 5550 tta.
