3728 6000
96 225 149 281 623
509 258 511 263 .
603 220 790 282 utltthtluttt
808 215 957 278 acbatis
975 218 1004 278 S.
1025 216 1240 278 Tuaohdmct
1698 217 1751 278 ott

97 348 256 421 impunitus,
273 347 320 403 sed
335 355 363 403 ut
377 347 458 404 etiam
472 347 507 403 dc
534 355 632 405 cetero
647 347 683 404 sit
696 346 730 403 ad
745 362 800 403 uon
829 362 896 419 pec·
911 347 938 413 Α
951 361 1003 402 nos
1015 346 1080 402 hinc
1094 352 1191 419 urgeat
1206 363 1213 410 ς
1231 359 1308 416 spem
1332 343 1490 419 prolongas,
1506 353 1536 401 ut
1562 345 1679 404 miseros
1697 353 1753 401 tor·

100 439 219 494 candum
243 436 320 493 lortis
334 445 361 492 et
389 437 507 493 validus.
527 436 733 493 Condelectatur
754 436 825 491 euim
841 435 896 508 legi
953 441 1040 507 queat.
1068 435 1100 490 Et
1128 434 1156 488 iu
1180 432 1222 488 his
1245 433 1371 489 omuibus
1395 434 1419 488 si
1450 433 1566 491 dicimus
1584 453 1621 490 z·
1649 435 1750 491 Infelix

100 526 164 595 Dei,
177 526 224 582 scd
240 524 313 581 videt
327 525 408 581 sliam
421 525 512 600 legem
529 527 557 581 iu
572 525 707 581 membris
729 525 798 580 suis.
818 523 899 580 Videt
952 539 1005 595 ego
1018 524 1100 578 bomo
1115 520 1201 593 lQuis
1216 537 1259 577 me
1273 521 1398 577 liberabit
1410 522 1445 578 de
1462 538 1579 595 corpore
1594 523 1689 580 mortis
1703 522 1753 579 hu·

99 631 172 682 esse,
188 630 242 670 uun
258 614 353 670 recolit
382 613 475 683 luisse,
492 614 673 686 presentibus
698 622 820 686 urgetur,
843 627 898 668 nou
948 611 1022 681 jusi
1040 635 1051 660 a
1071 613 1141 684 Ego,
1157 611 1225 667 dicit
1252 609 1334 667 uobis
1363 610 1454 683 gratia
1482 610 1578 667 tussi
1602 610 1753 684 querimus

102 704 239 777 praeterita
253 702 443 771 reminiscitur,
459 718 510 760 nec
520 709 627 758 tantum
643 701 719 758 videt
739 717 898 774 repugnan—
952 700 1070 770 quando,
1085 699 1226 771 arguimur
1258 699 1292 754 de
1318 699 1506 772 impatientis3
1522 699 1544 754 si
1566 700 1683 772 amplius
1697 699 1753 756 ali-

101 800 169 861 tem,
185 792 236 848 sed
265 791 345 847 etiam
372 791 555 863 captivantem
575 808 605 847 se
623 791 650 845 iu
666 790 754 863 legem
782 790 897 862 peccati,
952 788 1017 860 quid
1032 788 1232 859 praesumimus,
1249 787 1389 844 obruimur
1406 788 1441 844 de
1462 787 1626 858 judiciorum
1641 796 1751 844 tuorum

102 898 164 954 quae
178 888 232 946 est,
248 896 301 936 non
327 897 387 952 quae
402 880 459 946 luit,
481 881 508 934 iu
523 880 655 935 membris
676 880 746 948 eius.
766 878 900 934 Potuissct
951 877 1124 951 ignorantia.
1143 874 1209 932 ldeo
1223 877 1320 949 gratiae
1347 884 1398 932 tuae
1415 877 1547 933 terminos
1570 877 1752 933 inhabitantes

102 970 184 1027 etiam
198 969 288 1024 dicere
303 969 337 1024 de
352 984 466 1039 corpore
478 968 598 1024 mortali.
610 966 681 1037 Quid
700 967 750 1022 sibi
766 968 822 1023 vult
836 982 898 1023 cor·
953 964 1212 1038 turbanturasignis
1222 964 1283 1030 tuis,
1294 965 1462 1038 multumque
1474 981 1522 1022 eos
1534 966 1651 1022 delectat
1660 965 1752 1021 exitus

103 1076 154 1131 pus
168 1057 261 1113 mortis
288 1057 393 1128 hujus‘i
410 1057 562 1112 Primorum
592 1055 663 1112 euim
679 1055 820 1111 hominum
834 1070 898 1111 cor·
951 1054 1076 1109 matutini
1091 1053 1176 1125 hujus
1190 1060 1217 1110 et
1231 1070 1361 1125 vesperae,
1378 1053 1424 1109 ubi
1438 1053 1473 1110 de
1486 1054 1601 1124 eoquod
1616 1055 1650 1111 de
1661 1055 1751 1128 gratia

103 1163 171 1219 pora
184 1151 247 1202 ante
273 1154 414 1216 peccatum
433 1145 497 1201 licet
524 1145 663 1208 animalis,
677 1144 797 1200 nondum
817 1142 900 1214 spiri·
953 1151 1000 1198 tua
1034 1142 1116 1197 futuri
1161 1150 1240 1207 sunt,
1274 1158 1449 1215 nequaquam
1486 1142 1597 1198 ulterius
1638 1142 1752 1199 timeant

7 1244 17 1259 ³
102 1236 195 1298 tualia,
221 1250 276 1290 nou
304 1241 395 1289 tamen
418 1233 480 1288 talia
508 1239 666 1303 erantque
694 1249 806 1288 necesse
828 1238 901 1286 esset
953 1229 1099 1296 delectum,
1116 1229 1389 1302 ultraquodulterius
1407 1230 1624 1287 condesiderant
1638 1229 1751 1303 prolec-

103 1324 174 1381 mori
191 1339 197 1378 :
214 1323 285 1394 quod
311 1338 345 1379 ea
365 1322 409 1378 die
438 1323 538 1377 lartum
553 1330 595 1377 est
609 1338 662 1394 qua
684 1321 788 1393 lignum
808 1328 902 1376 contra
954 1327 1152 1386 tum,teueutes
1162 1319 1227 1375 illud
1242 1319 1495 1391 perlectum,quotu
1505 1319 1607 1376 criseis
1619 1319 1711 1376 omnia
1723 1320 1752 1375 in

102 1413 216 1468 vetitum
243 1411 398 1483 tetigerunt.
413 1413 453 1465 lta
478 1411 533 1464 illis
546 1411 671 1466 homiues
697 1409 823 1464 animalia
838 1409 900 1480 qui·
955 1407 1317 1476 omnibus.Domine,dabis
1340 1424 1436 1479 pacem
1457 1408 1631 1477 eis;interim
1650 1408 1754 1481 patien-

104 1503 168 1558 dem
179 1516 293 1572 corpora
304 1507 441 1572 gerentes,
454 1500 502 1555 sed
514 1516 566 1554 non
583 1498 771 1555 inurituraaisi
787 1512 901 1569 peccas·
954 1498 1022 1552 tiam
1037 1498 1070 1552 da
1085 1497 1138 1553 eis.
1160 1520 1170 1544 ι
1184 1497 1271 1568 Igitur
1281 1512 1334 1569 ego
1345 1497 1402 1568 ipse
1414 1504 1505 1553 mente
1515 1497 1603 1553 servio
1622 1497 1678 1571 legi
1691 1497 1753 1566 Ilei,

103 1594 173 1659 sent,
186 1598 330 1659 acceptura
345 1597 434 1643 autem
449 1588 601 1660 angelicam
616 1589 733 1643 lormam
748 1585 900 1642 coelestem·
955 1601 1036 1642 came
1052 1592 1142 1641 autern
1156 1572 1212 1657 lagi
1226 1584 1341 1657 peccati.
1358 1607 1369 1634 n
1387 1585 1462 1642 Ordo
1477 1600 1576 1665 sensus
1593 1586 1755 1658 praeceden-

103 1695 157 1752 que
183 1677 365 1750 qualitatem:
388 1693 452 1732 mox
484 1684 512 1730 ut
538 1684 704 1747 praeceptum
738 1673 1047 1767 transgressiBtishic
1066 1681 1116 1730 est.
1146 1673 1216 1743 Quia
1244 1675 1333 1746 gratia
1372 1674 1477 1743 liberat,
1507 1674 1590 1746 igitur
1612 1690 1665 1746 ego
1692 1675 1755 1745 ipsc

101 1775 172 1835 sunt,
189 1781 283 1822 eorum
298 1765 428 1821 membris
444 1763 516 1820 velut
543 1765 633 1836 aliqua
662 1763 795 1836 aegritudo
810 1763 900 1818 letha·
956 1771 1046 1818 mente
1061 1762 1150 1818 servio
1176 1761 1231 1834 legi
1256 1761 1316 1829 liei,
1331 1778 1414 1818 carue
1442 1771 1531 1818 autem
1547 1762 1603 1836 legi
1628 1763 1750 1835 peccati.

104 1855 224 1910 lismors
240 1854 299 1925 ipss
320 1862 455 1924 concepta
470 1862 519 1917 est,
536 1853 703 1925 mutavitque
721 1853 795 1908 illum
811 1851 901 1922 quali·
955 1851 1073 1921 Quodsi
1096 1860 1186 1906 mente
1213 1851 1306 1907 servio
1322 1849 1376 1922 legi
1406 1852 1467 1920 Dei,
1483 1852 1543 1906 etsi
1569 1867 1650 1908 carne
1669 1852 1755 1908 etiam

102 1952 197 2010 tatem,
214 1957 266 2013 qus
281 1942 388 2011 corpori
405 1941 443 1997 sic
470 1941 693 2007 dominabantur,
705 1950 733 1996 ut
756 1956 810 1996 non
824 1939 901 1995 dice·

103 2040 173 2097 rent,
198 2031 278 2088 video
307 2030 388 2085 aliam
415 2030 506 2101 legem
532 2030 559 2084 in
586 2029 717 2085 membris
733 2031 800 2084 meis
816 2045 900 2098 repu-

6 2146 9 2161 .
101 2128 232 2194 guantem
248 2119 303 2192 legi
317 2118 417 2175 mentis
432 2135 512 2185 mcae,
528 2119 590 2190 quia
604 2117 656 2173 etsi
677 2119 800 2174 nondum
816 2116 900 2188 spiri-

955 1940 1045 1997 servio
1072 1938 1170 1996 notens
1192 1940 1247 2012 legi
1275 1939 1461 2011 peccati‚jsm
1479 1944 1573 1995 lamen
1589 1941 1618 1994 in
1645 1940 1755 1996 Christo

954 2045 1023 2084 sum.
1036 2028 1064 2084 Si
1080 2028 1107 2082 iu
1131 2027 1241 2084 Christo
1257 2044 1328 2090 sum,
1349 2028 1423 2082 nulls
1438 2028 1506 2082 milri
1524 2029 1672 2094 damnatio,
1688 2028 1757 2100 quia

958 2116 1048 2172 anihil
1077 2114 1264 2171 damnationis
1293 2124 1334 2171 est
1371 2116 1413 2171 his
1437 2116 1482 2189 qui
1511 2124 1571 2172 suut
1595 2116 1622 2171 in
1646 2117 1756 2173 Christo

104 2209 179 2265 tualc
199 2209 248 2264 sed
262 2208 382 2264 animale
391 2223 503 2278 corpus,
515 2206 634 2262 nondum
650 2214 741 2261 tamon
751 2214 808 2262 erat
823 2221 901 2260 mor·
955 2207 1030 2261 Jesu.
1050 2226 1061 2254 »
1078 2205 1146 2259 Nam
1171 2204 1303 2277 quidquid
1333 2204 1519 2260 damnationis
1535 2215 1575 2261 est
1598 2204 1755 2278 effugimus

102 2298 135 2354 tis
144 2298 234 2366 hujus,
251 2297 285 2352 de
296 2311 350 2368 qua
364 2303 390 2350 et
404 2311 465 2350 cum
482 2310 535 2365 qus
550 2295 722 2350 natisumus.
742 2293 815 2362 Quid
830 2294 901 2349 euim
956 2289 1004 2362 qui
1018 2289 1052 2343 ad
1068 2288 1203 2344 Christum
1214 2287 1387 2360 confugimus
1409 2289 1473 2362 quia
1488 2290 1659 2346 liberatorem
1673 2289 1756 2346 inve·

100 2402 155 2441 non
171 2386 259 2440 dicam
287 2384 354 2451 nati,
370 2383 419 2438 sed
447 2383 558 2439 omniuo
587 2384 724 2454 concepti,
744 2383 796 2437 uisi
816 2383 902 2454 aegri-
956 2377 1059 2432 nimus.

101 2473 221 2529 tudinem
250 2473 397 2542 quamdam
423 2471 625 2536 inchoavimus,
642 2488 694 2542 qua
710 2478 771 2543 post
792 2472 902 2527 morbos
1254 2449 1365 2505 CAPUT
1385 2449 1456 2504 Vffl·

101 2570 131 2617 et
144 2561 244 2616 multas
259 2567 360 2616 mortes
379 2561 512 2630 corporis,
523 2559 694 2631 captivitates
711 2560 808 2616 animm
822 2569 848 2614 et
862 2560 901 2614 al·
993 2564 1077 2620 Vsus.
1093 2567 1148 2619 l·3.
1164 2595 1198 2604 —
1216 2564 1316 2619 «Nihil
1332 2580 1400 2636 ergo
1414 2581 1484 2622 nunc
1512 2566 1698 2623 damnationis
1713 2575 1757 2624 cst

102 2650 247 2715 tlictioues,
281 2649 391 2720 insuper
419 2648 565 2704 novissime
598 2649 748 2705 heremario
782 2646 903 2704 morituri
956 2651 990 2708 iis
1005 2653 1124 2724 quisunt
1141 2652 1169 2707 in
1190 2651 1297 2708 Christo
1312 2653 1385 2719 lesu,
1398 2653 1443 2723 qui
1463 2669 1516 2709 nou
1531 2655 1681 2711 secuudum
1696 2671 1759 2712 car·

102 2736 647 2806 sumuslh’equecnimtamnecesseest,
660 2736 792 2806 cumipse
807 2737 902 2792 morbo
957 2757 1019 2795 nem
1048 2740 1200 2795 ambulant.
1223 2740 1382 2797 s-uhex
1414 2741 1487 2796 euim
1514 2742 1628 2813 spiritus
1649 2743 1758 2799 vittein

103 2827 183 2892 mori,
193 2825 238 2896 qui
262 2825 434 2897 hydropicus,
449 2825 491 2880 vel
517 2825 694 2895 syntecticus,
706 2825 749 2881 vel
771 2827 902 2896 elephan·
958 2829 1067 2884 Christo
1081 2829 1143 2883 lesu
1158 2828 1333 2884 liberavitme
1351 2845 1367 2883 a
1383 2830 1443 2902 lege
1454 2830 1557 2900 peccati
1572 2840 1599 2886 et
1612 2831 1720 2887 mortis.
1743 2855 1755 2881 s

104 2915 188 2970 tiosus
199 2912 283 2968 lactus
295 2913 385 2978 suerit,
398 2929 478 2982 quam
494 2929 557 2968 eum
572 2914 617 2983 qui
639 2914 690 2968 hoc
710 2929 809 2984 corpus
832 2931 904 2969 mor·
956 2918 987 2972 ln
1003 2916 1144 2989 legavero
1160 2916 1269 2986 spiritus
1292 2915 1425 2987 impletur
1437 2918 1551 2987 justitia,
1568 2935 1628 2989 quae
1643 2919 1670 2975 in
1694 2919 1757 2992 lege

105 3005 140 3058 tis
154 3002 253 3057 hahere
282 3001 405 3073 coeperit,
423 3001 450 3054 iu
475 3018 529 3072 quo
553 3017 650 3057 otrrnes
664 3002 792 3057 homiues
807 3006 904 3057 natura
958 3004 1055 3060 litterae
1071 3004 1177 3076 impleri
1192 3021 1247 3060 nou
1274 3006 1383 3075 poterit,
1395 3005 1483 3077 quia«
1502 3007 1528 3060 iu
1545 3023 1598 3078 quo
1613 3007 1657 3063 lcx
1681 3007 1757 3064 ichr-

101 3088 220 3146 strutlilii
236 3090 369 3162 i1·ae,quia
384 3090 435 3145 hoe
453 3104 506 3144 uon
524 3090 597 3156 lecit,
614 3089 666 3144 uisi
681 3105 762 3161 pruna
785 3091 900 3159 peccati.
958 3092 1094 3158 mabatur,
1111 3092 1182 3147 misit
1197 3094 1269 3147 Deus
1284 3093 1380 3148 Filium
1395 3109 1486 3148 suum.
1510 3118 1520 3142 ν
1537 3095 1634 3167 lgitur,
1652 3096 1751 3168 iuquit,

107 3179 336 3250 Concupiscentia
363 3178 444 3232 etiam
471 3194 531 3233 cum
557 3194 610 3249 qua
629 3178 685 3232 nati
712 3195 816 3242 sumus,
833 3177 902 3234 duriti
955 3195 1008 3252 ego
1034 3181 1091 3251 ipse
1120 3187 1210 3236 mente
1234 3180 1324 3235 servio
1353 3181 1407 3252 legi
1436 3181 1497 3238 Dei.
1522 3184 1657 3239 Hactenus
1673 3185 1758 3242 horno

103 3265 539 3339 neapotestquandiuviviruus.
557 3264 683 3334 Quotidie
700 3266 900 3337 miuuipotest,
956 3268 1074 3324 Deinou
1102 3269 1259 3325 discernens
1288 3269 1417 3339 seipsum,
1436 3286 1489 3326 uon
1509 3270 1668 3345 intelligens
1684 3274 1759 3346 quod

102 3357 174 3412 liniri
184 3372 238 3412 nou
253 3363 360 3426 potest:
378 3364 493 3426 propter
507 3355 579 3425 quod
593 3369 692 3425 corpus
705 3363 823 3410 nostrum
836 3371 902 3412 cor·
956 3366 1097 3428 operatur,
1114 3357 1210 3428 incipit
1224 3357 1376 3413 discernere
1391 3358 1523 3428 seipsum,
1545 3368 1572 3415 et
1601 3361 1757 3436 intelligere

103 3461 157 3518 pus
172 3445 271 3501 mortis
285 3444 452 3515 appellatur.
957 3444 1019 3516 quis
1048 3443 1123 3500 ineo
1155 3452 1292 3515 operatur.
1316 3446 1412 3518 lgitur,
1429 3447 1595 3519 iuquit,nou
1624 3449 1695 3505 alius
1729 3451 1758 3505 in

140 3535 227 3590 Vens.
244 3533 289 3600 dl,
304 3535 349 3589 25.
366 3562 401 3573 -
417 3554 427 3579 ι
445 3531 511 3601 Quis
527 3548 593 3606 ergo
608 3531 735 3588 liberabit
750 3533 903 3590 medebor·
956 3548 1049 3602 carue,
1064 3532 1133 3587 alius
1156 3533 1185 3587 in
1210 3541 1320 3602 mente;
1340 3535 1388 3589 sed
1404 3550 1457 3606 ego
1476 3536 1504 3590 in
1532 3551 1625 3603 carne,
1642 3554 1695 3609 ego
1728 3539 1758 3594 in

103 3638 172 3694 pore
186 3620 282 3677 mortis
295 3619 503 3689 hujusltiratin
517 3622 577 3675 Dei.
596 3641 607 3671 s
625 3622 727 3687 Gratia,
748 3623 812 3694 quia
834 3639 902 3694 gra·
958 3620 1210 3685 mente;nouduae
1238 3623 1382 3678 contrarie
1411 3630 1525 3691 naturae,
1542 3624 1590 3680 sed
1603 3625 1630 3680 iu
1642 3635 1758 3699 utroque

105 3711 142 3765 tis
163 3709 234 3776 data,
245 3709 343 3780 gratia,
364 3709 426 3780 quia
443 3709 577 3778 praevenit
604 3710 695 3765 omnia
720 3710 793 3766 bona
807 3715 904 3767 merita
957 3725 1028 3764 uuus
1042 3711 1135 3778 bomo,
1147 3709 1215 3765 sicut
1225 3726 1294 3764 unus
1309 3712 1391 3774 Deus,
1406 3728 1487 3781 aquo
1504 3711 1591 3769 lactus
1602 3722 1642 3769 est
1659 3715 1756 3786 homo;

106 3805 211 3854 nostra.
228 3794 366 3850 Libersbit
398 3802 487 3851 autem
517 3812 567 3852 nus
596 3797 630 3852 de
655 3814 768 3869 corpore
794 3799 902 3869 mortis,
958 3798 1019 3869 ipse
1038 3804 1192 3870 egomente
1207 3799 1299 3854 servio
1323 3799 1377 3870 legi
1389 3798 1450 3865 Dei,
1466 3816 1520 3855 uon
1539 3802 1756 3871 consentiendo;

106 3900 169 3942 cum
195 3882 373 3952 corruptibile
393 3882 444 3938 hoc
471 3882 566 3938 induet
590 3883 834 3955 incorruptionem.
855 3888 905 3942 Per
958 3900 1043 3942 carne
1071 3894 1160 3942 autem
1185 3885 1239 3957 legi
1268 3887 1385 3957 peccati,
1402 3888 1639 3958 concupiscendo:
1666 3895 1757 3947 brnen

108 3973 216 4043 quemi
247 3994 258 4018 r
277 3972 327 4026 Per
355 3969 500 4025 Dominum
533 3979 655 4026 nostrum
687 3974 776 4028 Jesum
809 3975 905 4031 Chris·
958 3972 1146 4037 hicdelector.
1163 3982 1191 4030 et
1213 3975 1320 4030 ibinon
1348 3975 1450 4031 vincor.
1467 3976 1595 4032 ludicitur
1620 3979 1694 4034 euim
1710 3980 1759 4035 tibi

107 4070 176 4117 tum.
188 4082 200 4108 ι
212 4090 247 4099 -
257 4081 268 4106 ι
277 4059 372 4115 Sicut»
384 4059 456 4113 enim
468 4081 479 4107 ι
491 4058 518 4113 iu
528 4060 613 4114 hdam
628 4075 723 4115 omnes
743 4062 903 4133 moriuntur,
958 4062 1004 4118 hic
1019 4077 1090 4119 nova
1105 4064 1199 4131 vita,o
1213 4070 1290 4118 vetus
1304 4063 1396 4118 homo.
1412 4063 1548 4119 Novitatis
1576 4067 1678 4140 gaudio
1692 4085 1758 4124 sus·

108 4146 217 4204 itaetiu
233 4146 342 4202 Cirr-isto
353 4161 449 4202 omnes
469 4144 677 4203 vivificabuntur
692 4149 718 4217 (l
732 4148 792 4206 Cor.
809 4156 869 4221 xv).
891 4174 902 4200 n
958 4150 1088 4221 penderis
1106 4149 1153 4205 sed
1169 4150 1308 4206 vetustatis
1333 4166 1416 4206 onere
1440 4155 1632 4225 praegravsris.
1662 4156 1759 4228 Incipit

7 4314 12 4327 .
107 4238 165 4294 Nec
178 4244 269 4292 tamen
298 4249 494 4305 usquequaque
522 4235 605 4290 Puulo
620 4251 674 4291 nou
697 4237 904 4308 ignoscendum,
958 4239 1007 4294 tibi
1022 4238 1121 4293 bellum
1134 4254 1194 4294 esse
1207 4238 1354 4294 adversum
1369 4248 1395 4295 te
1406 4257 1412 4303 ;
1423 4240 1446 4295 si
1461 4258 1494 4296 ex
1508 4257 1561 4313 qua
1573 4249 1649 4313 parte
1664 4243 1759 4317 displi-

108 4326 155 4399 qui
170 4340 280 4381 securus
290 4322 325 4378 de
341 4323 455 4393 reposita
477 4321 528 4376 sibi
542 4338 641 4379 corona
653 4326 763 4394 justitiae
777 4328 904 4384 dicebat:
960 4343 1007 4382 ces
1021 4327 1068 4381 tibi
1078 4325 1204 4397 jungeris
1219 4327 1288 4393 Deo,
1300 4344 1334 4381 ex
1352 4344 1406 4399 qua
1421 4336 1500 4399 parte
1511 4331 1568 4398 jam
1585 4333 1641 4387 Deo
1652 4332 1757 4406 junge-

31 4458 35 4465 .
110 4436 122 4463 ι
140 4415 204 4472 Scio
218 4411 261 4469 oui
275 4412 392 4478 credidi,
407 4417 433 4466 et
448 4419 604 4467 certussum
620 4414 682 4486 quia
694 4423 790 4485 potens
805 4425 848 4471 est
861 4418 908 4473 dc-
922 4400 949 4461 D
963 4414 1011 4482 ris,
1024 4415 1139 4471 idoneus
1158 4415 1216 4469 eris
1240 4415 1273 4469 ad
1290 4415 1452 4471 vincendum
1467 4424 1501 4485 te,
1518 4418 1580 4489 quis
1603 4419 1649 4478 itte
1664 4429 1755 4479 tecum

108 4503 227 4575 positum
240 4516 331 4556 meum
343 4515 453 4555 servare
468 4500 496 4553 in
525 4500 599 4555 illum
614 4502 685 4557 diem
710 4503 747 4574 (ll
761 4505 829 4560 lim.
847 4506 876 4575 ι).
892 4528 904 4553 a

9 4624 13 4637 .-
109 4590 226 4647 bitfieits
237 4598 280 4644 est
290 4589 460 4644 laborantem
471 4587 552 4643 linem
568 4589 670 4645 laboris
680 4607 733 4647 non
750 4594 901 4665 requirere.

110 4680 142 4735 Et
156 4679 258 4735 bouum
273 4677 383 4750 quidem
398 4677 424 4733 ci
439 4690 498 4733 erat
510 4679 807 4749 permanereadhucin
822 4697 907 4739 carne

107 4774 221 4840 propter
234 4767 344 4833 iratres,
355 4765 403 4822 sed
416 4781 476 4821 esse
486 4782 550 4822 cum
571 4767 677 4824 Christo
703 4769 789 4825 multo
800 4770 905 4827 melius.

110 4855 267 4922 Ollomiue,
277 4855 355 4926 cujus
363 4853 620 4925 gratianosliberat,
632 4858 904 4928 prophetaquidicit:

110 4966 121 4991 v
134 4945 173 4999 Tu
183 4959 213 4998 es
222 4958 287 5013 spes
297 4958 366 5009 mea,
375 4957 429 4997 non
439 4941 497 4997 siue
503 4957 583 4998 causa
590 4943 663 5013 dicit,
674 4947 739 5016 quis
749 4954 777 5002 tu
785 4963 815 5002 es
826 4948 907 5003 etiam

106 5031 905 5106 patientiasua(PeniculoNosautemctcorpusmortis,

105 5140 133 5187 et
145 5130 289 5203 captivitas
299 5129 397 5203 animae
411 5128 437 5183 in
453 5129 545 5203 legem
567 5131 682 5201 peccati,
698 5139 725 5188 et
746 5135 863 5190 mundus
878 5137 907 5191 iu

103 5228 225 5300 maligno
240 5225 353 5298 positus,
366 5232 395 5280 et
407 5227 500 5282 omnia
511 5226 574 5283 vitm
587 5227 667 5297 hujus
677 5229 749 5286 mala
761 5239 858 5304 urgent
872 5233 907 5288 ad

9 5318 16 5325 ’
104 5330 131 5379 te
146 5338 282 5378 summum
298 5322 421 5385 bouum;
439 5322 485 5377 ubi
511 5324 614 5379 nullum
625 5325 736 5382 malum.
749 5328 787 5383 Tu
799 5344 908 5401 quoque

103 5416 275 5489 temetipsum
305 5417 439 5489 promittis
462 5418 542 5476 nobis
558 5440 566 5488 ;
582 5422 634 5480 sed
663 5424 773 5496 quaudo
787 5434 813 5482 te
833 5426 908 5484 babi-

101 5514 142 5596 uri
156 5530 265 5585 sumus,
281 5530 337 5572 uon
352 5515 457 5572 iudicas
482 5518 577 5575 nohis.
597 5521 679 5579 Creas
698 5523 811 5596 malum,
831 5527 907 5598 quod

960 4503 1062 4575 estqui
1078 4502 1163 4559 vincit
1177 4503 1278 4558 omnis.
1296 4503 1351 4560 Sed
1365 4504 1445 4560 taedet
1460 4520 1510 4560 nos
1532 4509 1681 4580 quotidiani
1695 4527 1758 4567 cer-

962 4591 1078 4661 taminis,
1094 4591 1229 4647 nollemus
1256 4607 1366 4663 semper
1393 4592 1524 4659 vincere;
1551 4597 1683 4653 vellemus
1709 4600 1759 4655 ali·

961 4679 1069 4750 quando
1082 4696 1175 4751 paoem
1199 4680 1330 4736 invenire.
1346 4680 1483 4750 Quantum
1498 4685 1570 4741 enim
1589 4696 1630 4742 est
1649 4687 1678 4742 iu
1692 4687 1760 4744 votis

960 4767 1067 4835 nostris,
1101 4769 1129 4823 in
1152 4768 1288 4825 voluntate
1305 4779 1408 4838 nostra,
1439 4771 1466 4826 in
1500 4775 1623 4831 oratioue
1652 4781 1757 4844 nostra,

961 4872 1015 4926 qua
1028 4856 1144 4912 dicimus
1160 4873 1167 4912 z
1186 4880 1197 4905 ι
1215 4858 1256 4913 Ne
1271 4873 1320 4913 nos
1336 4859 1445 4915 inducas
1466 4860 1694 4933 intentationem,
1710 4866 1761 4922 sed

961 4944 1047 5000 libera
1062 4960 1141 5001 uosa
1168 4945 1242 5001 malo
1268 4947 1381 5018 (natan.
1400 4947 1439 5020 vt)
1452 4967 1484 5014 ;v
1515 4950 1566 5006 hoc
1576 4952 1668 5024 utique
1680 4953 1761 5026 cupi-

961 5059 1030 5113 mus,
1044 5051 1072 5100 ut
1087 5060 1138 5100 nec
1150 5044 1210 5116 ipsa
1226 5045 1295 5101 mala
1323 5046 1462 5103 desideria
1486 5050 1605 5104 existant
1619 5052 1653 5107 de
1676 5069 1760 5112 carne

961 5149 1053 5197 nostra
1069 5156 1076 5212 ;
1094 5143 1142 5197 sed
1157 5143 1277 5214 quandiu
1291 5143 1335 5199 hio
1349 5143 1475 5212 vivimus,
1487 5145 1598 5203 allicere
1614 5165 1668 5204 non
1683 5151 1760 5208 vale·

961 5255 1035 5294 mus.
1047 5240 1144 5295 hleruit
1160 5240 1212 5296 hoc
1240 5241 1359 5297 humana
1373 5250 1466 5298 natura
1490 5243 1517 5299 in
1538 5246 1685 5318 semetipsa
1702 5266 1709 5303 ι
1725 5248 1760 5306 de

961 5343 1072 5407 peccato
1087 5335 1202 5411 languor
1215 5346 1255 5393 est
1270 5355 1277 5405 ;
1291 5349 1413 5407 sanatur,
1427 5349 1453 5396 et
1467 5357 1522 5397 non
1548 5350 1600 5401 est.
1615 5343 1761 5403 Discordia

961 5431 1015 5488 ista
1028 5447 1078 5505 pro
1092 5448 1160 5506 paee
1171 5433 1286 5492 laborat.
1300 5436 1364 5510 Agit
1389 5453 1451 5495 caro
1466 5439 1601 5497 desideria
1629 5459 1689 5512 sua,
1705 5458 1758 5516 ago

962 5537 987 5589 et
998 5537 1027 5590 tu
1040 5538 1093 5589 tua.
1104 5533 1167 5590 Non
1180 5534 1378 5609 opprimuntur,
1395 5551 1452 5594 noa
1475 5538 1686 5614 exstinguuntur
1701 5557 1718 5598 a
1733 5545 1761 5600 ts
