3728 6000
76 227 144 293 art

623 232 813 297 ttxrosmo
834 235 1023 300 aeremia
1042 241 1179 304 ctltttc.

1675 256 1729 324 ΜΒ

75 381 154 424 amor
167 381 279 440 sponsae
292 366 429 424 cohibitus
444 381 499 422 nou
514 382 544 422 se
560 366 642 438 eupit,
652 366 774 439 legisque
790 368 874 440 impa·
891 371 917 429 Α
932 371 1065 440 primitur,
1089 381 1116 429 et
1136 375 1276 433 decentius
1297 379 1402 449 retinet,
1421 384 1539 443 maxime
1563 404 1625 446 cum
1653 396 1728 465 quod

74 454 154 523 dens,
172 471 234 513 cum
251 456 340 512 carnis
359 454 467 512 vinculo
495 453 633 510 detinente
662 462 733 510 totus
756 456 872 513 evadere

74 560 130 599 non
144 552 302 617 potestque
318 553 389 600 totus
405 544 499 607 lertur,
517 545 640 615 proxima
659 560 773 615 quaeque
796 545 872 616 quasi

73 633 146 705 ignis
159 632 283 705 corripit,
298 640 436 706 totumque
450 648 480 688 se
494 633 606 703 spiritus
621 633 737 687 unientis
753 633 874 689 retundit

72 722 100 777 in
121 721 289 792 proximum,
313 722 335 776 si
358 721 427 778 torte
449 721 492 777 vel
515 722 566 776 hac
592 721 638 776 via
658 723 873 792 compendiosus

72 817 214 866 mereatur
223 810 370 866 ascendere
384 810 477 881 purior
498 810 532 865 ad
555 811 648 867 Deum.
665 811 778 882 Propter
798 811 871 883 quod

70 914 205 954 conversa
219 899 326 971 Sponsa
339 898 569 965 adolescentulas,
579 898 613 953 ad
628 899 698 954 lilias
708 901 869 970 Jerusalem,

71 987 143 1043 tiliaa
163 1004 290 1060 supernae
305 988 389 1059 pacis,
404 1003 548 1060 compares
572 988 702 1044 desiderii
725 990 870 1061 sociasque

71 1076 243 1151 amorissui.

108 1190 121 1216 ι
139 1167 241 1223 Fulcite
249 1182 302 1235 me,
313 1189 323 1215 υ
334 1166 431 1239 inquit,
443 1191 454 1216 r
472 1167 586 1222 lloribus
596 1185 603 1232 ς
614 1166 711 1238 stipate
721 1183 765 1223 mc
774 1167 867 1232 malis,

67 1256 132 1327 quia
146 1270 242 1313 autore
256 1255 384 1328 langueo.
404 1280 415 1304 n
430 1258 493 1312 Nou
508 1256 579 1312 enim
596 1264 683 1327 potest
695 1257 720 1310 iu
737 1256 798 1311 aliis
813 1272 868 1311 non

69 1361 171 1413 amare,
189 1345 261 1400 unde
281 1344 341 1415 ipsa
362 1344 389 1399 in
409 1346 498 1414 seipsa
526 1347 699 1417 singulariter
714 1346 869 1402 consolatur

66 1434 194 1489 dolerem
205 1449 299 1500 suum;
316 1434 476 1506 animusque
492 1450 553 1489 rere
570 1436 655 1489 Deum
671 1450 777 1501 amans,
788 1451 867 1490 amo-

929 459 1063 527 naturale,
1080 462 1130 520 boc
1147 472 1187 520 est
1207 467 1280 538 quud
1302 468 1408 526 virtutis
1429 483 1473 529 est
1493 477 1678 538 committitur.
1694 485 1729 542 Et

927 545 996 601 sicut
1011 550 1085 604 aetati
1105 551 1191 608 virtus
1206 556 1283 611 addit
1302 558 1441 631 decorem,
1456 561 1597 622 sicvirtuti
1610 567 1729 644 Dosipae

926 636 1015 690 aetntis
1029 639 1145 708 gratiam
1158 644 1270 713 apponit
1280 646 1424 716 potiorem.
1440 649 1515 707 AEtas
1536 655 1616 711 etiam
1631 659 1658 713 in
1673 661 1725 717 bn·

926 739 989 777 num
1006 736 1134 795 provecta
1149 729 1184 783 ad
1198 746 1306 788 ornnem
1321 751 1351 790 se
1369 738 1561 797 conscientiam
1581 760 1724 805 commen-

925 811 982 881 dat,
998 812 1025 867 in
1040 830 1091 886 qua
1108 817 1170 872 boni
1184 819 1283 893 aliquis
1298 838 1375 879 amor
1388 833 1446 889 est;
1465 844 1546 898 quam
1562 841 1588 888 et
1604 833 1638 891 de
1652 852 1724 908 prae·

925 901 1003 955 terito
1020 914 1140 961 anteacta
1162 908 1231 964 victa
1254 909 1318 966 lacit
1338 912 1511 985 laudabilem,
1528 926 1555 974 et
1575 921 1610 978 de
1630 923 1722 985 futuro

924 988 957 1042 ab
978 993 1052 1046 omni
1074 993 1259 1052 mutabilitatis
1282 1001 1439 1072 suspicione
1460 1005 1548 1062 reddit
1571 1010 1721 1072 immunem

924 1078 1038 1145 probata
1069 1082 1162 1150 virtus,
1187 1092 1213 1140 et
1235 1086 1296 1156 ipso
1319 1089 1381 1158 jure
1408 1099 1512 1150 naturae
1539 1103 1720 1159 reverentiam

923 1167 1066 1223 consciscit
1079 1170 1130 1225 sibi
1145 1173 1258 1229 emerita
1270 1185 1406 1233 senectus.
1427 1182 1460 1236 Et
1482 1183 1551 1240 sicut
1571 1186 1598 1241 in
1617 1188 1720 1258 juren-

923 1256 1072 1311 tutevirtus
1091 1267 1205 1331 apparet
1225 1265 1341 1335 gratior,
1356 1268 1397 1323 sic
1418 1270 1500 1326 tutior
1520 1273 1546 1327 in
1569 1287 1719 1352 senectute,

922 1351 949 1398 et
964 1345 1040 1414 quasi
1061 1347 1088 1401 in
1110 1349 1176 1405 sede
1197 1353 1305 1423 propria
1321 1354 1478 1414 formosior.
1493 1360 1632 1420 laniorum
1655 1383 1721 1442 ergo

922 1430 1035 1487 floribus
1047 1434 1154 1505 Sponsa
1165 1437 1286 1508 lulcitur,
1302 1443 1439 1500 seniorum
1462 1457 1552 1504 autem
1574 1454 1653 1509 malis
1667 1457 1718 1513 ati·

66 1539 126 1578 rem
145 1522 207 1592 ejus
227 1523 383 1593 ubicunque
405 1523 516 1586 invenit,
533 1531 607 1578 amat
629 1532 656 1578 et
673 1524 860 1609 amplectitur.
921 1528 1016 1591 patum
1032 1537 1094 1578 cum
1113 1525 1166 1581 illis
1185 1528 1345 1600 delectatur,
1366 1533 1393 1587 in
1415 1535 1476 1591 istis
1494 1536 1673 1612 conlimatur,
1691 1553 1719 1604 ct

65 1612 149 1681 Cujus
162 1610 277 1668 sormam
298 1627 360 1668 cum
380 1612 495 1667 attendit
510 1612 537 1667 in
560 1614 692 1682 proximo,
710 1630 782 1683 srepe
806 1613 866 1684 plus
920 1609 954 1664 de
969 1610 1135 1684 singulorum
1153 1618 1317 1686 profectibus
1329 1621 1451 1679 delectus
1471 1642 1534 1682 suns
1554 1632 1717 1691 consolatur.

63 1701 156 1772 placet
176 1716 258 1775 quam
283 1699 310 1755 in
332 1700 487 1772 semetipso,
511 1702 573 1772 quia
594 1701 787 1757 conscientiam
810 1716 864 1755 non
882 1727 908 1787 B
923 1697 957 1751 lit
983 1714 1045 1754 cum
1073 1703 1213 1760 meliorem
1237 1708 1351 1764 aestimat
1380 1711 1464 1768 bomo
1492 1715 1541 1771 Dei
1565 1720 1719 1788 proximum

64 1790 164 1847 ridens
178 1789 232 1845 nisi
247 1790 374 1854 surmio
390 1805 420 1845 se
435 1789 507 1844 tillet
527 1799 552 1846 et
569 1790 640 1861 quod
656 1800 731 1863 patet
747 1790 866 1845 bomini·
922 1803 1005 1857 quam
1023 1789 1154 1860 seipsum,
1167 1808 1220 1848 non
1236 1796 1322 1851 solum
1336 1798 1423 1871 diligit
1437 1816 1499 1857 eum
1510 1804 1717 1886 sicutseipsum,

63 1879 116 1935 bus
129 1887 157 1935 et
171 1878 244 1949 quod
256 1879 337 1949 latet,
353 1878 380 1933 in
397 1879 529 1949 proximo,
546 1895 601 1935 non
619 1879 669 1933 nisi
691 1879 764 1950 quod
780 1888 864 1950 patet,
919 1874 967 1929 sed
983 1884 1008 1931 et
1023 1877 1150 1935 observat
1164 1897 1224 1937 eum
1240 1883 1385 1956 plusquam
1400 1892 1586 1963 semetipsum.

62 1968 171 2025 tructus
186 1968 289 2024 scilicet
303 1968 411 2041 aliquos
426 1968 537 2039 spiritus
554 1971 596 2022 ret
618 1969 720 2022 amoris
737 1968 808 2038 quod
823 1967 865 2022 ri·
955 1964 1003 2019 llic
1018 1967 1089 2021 essim
1110 1977 1149 2023 05¹
1169 1971 1237 2026 OldO
1259 1973 1406 2044 ⁶h³¹l¹³ll⁸t
1423 1986 1450 2032 ²²
1472 1979 1624 2053 ¹⁸¹¹D¹¹0⁰²l⁸
1643 1986 1717 2061 ¹⁰85·

63 2054 122 2125 det,
140 2073 190 2129 per
203 2072 270 2128 quos
284 2055 441 2111 interiorem
456 2057 483 2110 in
499 2072 531 2111 eo
546 2057 654 2124 conjicit
669 2062 695 2113 et
711 2065 783 2113 ararat
791 2071 865 2112 amo·
919 2067 979 2106 mus
1002 2056 1133 2111 terminus
1160 2060 1268 2115 amoris.
1292 2062 1409 2119 Primum
1435 2066 1568 2138 siquidem
1596 2073 1717 2149 diligitur

62 2162 125 2203 rem
141 2161 222 2218 quem
239 2160 291 2201 non
306 2144 388 2200 videt.
406 2147 435 2200 lu
451 2145 539 2216 seipso
550 2146 620 2201 videt
638 2154 664 2201 et
679 2145 743 2218 quid
758 2145 865 2202 ‹lesitet
918 2141 1048 2197 Dominus
1063 2145 1137 2200 Deus
1151 2146 1178 2200 in
1191 2156 1246 2204 toto
1260 2150 1351 2217 carde,
1368 2160 1396 2208 ut
1411 2155 1455 2225 pia
1461 2156 1567 2229 jugiter
1583 2165 1715 2221 memoria

62 2235 128 2309 quid
144 2234 216 2290 adsit
230 2233 292 2301 sibi,
306 2233 333 2288 in
349 2234 472 2306 proximo
487 2250 552 2289 rere
568 2250 622 2289 non
638 2234 687 2288 nisi
702 2234 862 2306 deeoquod
917 2231 1068 2301 willielmi
1085 2235 1113 2288 1¹1
1129 2242 1184 2291 20⁸⁸
1199 2237 1300 2305 anima,
1317 2249 1346 2295 1¹²
1367 2242 1393 2296 5¹¹
1418 2243 1476 2314 lD³0
1499 2263 1617 2320 semler,
1633 2260 1660 2307 0¹
1679 2255 1714 2309 ἃᾶ

61 2316 138 2379 ridet
157 2331 247 2395 potest
263 2323 398 2392 judicare.
411 2323 524 2393 insuper
546 2338 607 2394 quae
630 2338 679 2376 sua
701 2330 772 2390 suut,
801 2323 861 2377 dis·
917 2317 1005 2388 ipsum
1015 2321 1425 2391 rivatur3inomuibusviribus
1434 2333 1566 2403 humanis,
1576 2338 1716 2413 utinopna

61 2411 142 2489 triete
152 2411 257 2483 justitia
267 2410 434 2483 insequitur;
447 2428 507 2482 quie
523 2427 586 2466 rure
602 2411 719 2482 proximi
731 2412 864 2467 benevola
916 2409 1050 2464 servitutis
1064 2412 1123 2480 ejus
1137 2411 1252 2469 fideliter
1260 2418 1445 2487 expendantur
1455 2439 1461 2487 ;
1472 2422 1498 2476 in
1507 2425 1581 2480 omui
1589 2436 1716 2487 meritant

60 2500 197 2557 charitate
211 2500 306 2555 omnia
327 2500 354 2554 in
377 2499 476 2554 bonum
498 2499 701 2569 interpretatur.
719 2499 783 2554 ldeo
804 2500 863 2570 plus
916 2496 1036 2564 perlecta
1050 2505 1076 2554 et
1089 2499 1296 2572 intelligibiliter
1308 2515 1425 2563 ametur.
1442 2510 1547 2568 Deinde
1562 2528 1623 2570 cum
1639 2518 1714 2576 omni

60 2590 174 2661 ejsaepe
189 2589 280 2661 placet
299 2588 434 2643 modicum
449 2586 863 2660 qnidbouiinproximo,cujus
916 2584 1024 2641 homine
1044 2589 1191 2644 secundum
1214 2592 1300 2647 Deum
1323 2593 1410 2650 luedus
1433 2596 1588 2657 babendum
1609 2612 1715 2664 naturae

59 2668 115 2735 non
137 2676 211 2735 ridet
234 2677 391 2733 interiorem
415 2676 568 2743 misturam,
592 2693 672 2748 quam
698 2675 811 2730 muttum
834 2677 862 2731 in
915 2679 942 2727 el
965 2672 1044 2729 bonffl
1072 2677 1225 2746 voluntatis,
1256 2680 1291 2735 ad
1318 2684 1596 2759 ⁸0fflellll⁸1¹ffllel⁰t
1625 2700 1652 2749 0²
1678 2695 1715 2752 ld

58 2768 220 2839 semetipso,
236 2765 315 2836 eujus
329 2766 447 2820 misturae
461 2766 536 2820 solus
550 2765 607 2837 ipse
622 2763 859 2836 patiturlrxurum;
914 2764 1070 2831 proximum
1085 2765 1153 2820 sieut
1167 2766 1201 2820 ad
1216 2768 1346 2839 seipsum,
1362 2770 1474 2829 allectus
1498 2776 1619 2851 religiosi
1634 2797 1714 2839 amo·

57 2856 119 2928 plus
132 2856 225 2929 placet
239 2856 310 2910 alter
322 2871 384 2911 eum
403 2855 494 2926 incipit
509 2871 590 2926 quam
605 2854 663 2924 ipse
677 2854 727 2908 sibi
740 2854 783 2925 qui
799 2869 862 2924 pro-
914 2849 961 2919 ris,
979 2859 1005 2904 ut
1022 2853 1160 2922 proximus
1175 2854 1210 2909 sit
1224 2858 1375 2929 quicunque
1391 2861 1557 2921 domesticus
1578 2878 1618 2924 est
1638 2869 1712 2940 lidei,

58 2942 124 3013 licit,
141 2944 204 3017 plus
217 2941 327 3001 alterius
341 2943 477 3014 proiectus
492 2959 572 3013 quam
587 2943 699 2997 suasibi
715 2942 858 3013 perfectio.
914 2946 941 2992 el
962 2938 989 2993 1¹1
1010 2941 1140 3011 lll0¹ll¹¹l⁸
1163 2944 1223 3016 ΡΜ
1245 2946 1290 3002 ῑΗθ
1318 2947 1453 3022 diligatur,
1477 2960 1505 3007 ¹¹²
1526 2957 1713 3032 lll⁰Pi⁰lll¹l⁰ls

57 3034 168 3091 Fruitur
181 3048 250 3105 ergo
264 3049 297 3088 ex
317 3031 445 3087 fraternae
465 3031 602 3087 eharitatis
621 3030 810 3086 benevolentia
832 3031 858 3085 in
914 3027 959 3099 qui
974 3029 1049 3093 Deo;
1067 3030 1093 3085 in
1108 3048 1162 3103 quo
1177 3035 1322 3105 proximus
1330 3047 1378 3104 est,
1395 3046 1421 3094 et
1435 3039 1564 3114 diligitur,
1577 3045 1641 3104 ritae
1653 3064 1712 3106 me·

57 3122 198 3195 proximo,
221 3137 275 3192 quo
297 3120 348 3175 frui
369 3135 422 3174 non
444 3128 534 3191 potest
559 3119 586 3173 in
607 3120 753 3191 semetipso
776 3120 857 3174 etiam
914 3116 966 3171 rite
983 3125 1009 3172 et
1023 3118 1131 3189 pietatis
1147 3120 1244 3178 ellectu
1258 3124 1428 3195 conjunctior
1440 3127 1582 3188 invenitur.
1600 3135 1644 3192 Sic
1659 3138 1722 3194 au?

57 3228 119 3269 cunr
134 3210 223 3277 adest,
239 3219 266 3266 et
278 3210 421 3282 plusquam
436 3209 464 3263 in
480 3209 612 3281 proximo,
623 3209 695 3279 quia,
712 3208 780 3265 sicui
801 3209 859 3265 dic.
913 3210 967 3259 tem
982 3204 1097 3263 dilectus
1112 3209 1160 3264 Dei
1175 3226 1208 3266 ae
1222 3212 1339 3269 dilector
1357 3214 1427 3272 bene
1442 3221 1627 3279 etseonndum
1641 3227 1717 3283 ordi·

58 3308 115 3359 tuna
127 3309 181 3367 est,
195 3299 223 3356 iu
237 3299 284 3355 illo
305 3298 404 3355 latente
425 3299 592 3354 conscientia
611 3299 667 3353 sola
685 3305 759 3370 patet
776 3298 859 3355 lacies
914 3309 975 3349 nem
994 3295 1081 3367 dlllts'll
1103 3299 1234 3370 seipsum,
1250 3302 1272 3356 Si
1295 3319 1374 3358 ⁵¹¹²OE
1393 3308 1471 3361 illul
1492 3322 1585 3366 0¹¹l⁸¹¹¹
1607 3313 1713 3384 fewlb

56 3389 137 3455 honi,
153 3389 227 3462 quod
241 3389 313 3444 sieut
325 3388 353 3442 in
374 3388 522 3459 semetipso
542 3387 715 3457 amplectitur
739 3388 768 3442 in
789 3402 859 3443 con·
913 3398 968 3439 nou
982 3384 1009 3438 iu
1024 3385 1174 3454 desideriis,
1190 3390 1239 3444 sed
1253 3397 1366 3462 propter
1388 3393 1524 3464 spiritum,
1542 3415 1619 3456 suam
1632 3403 1716 3475 spiri·

57 3478 240 3553 gratulatione
263 3478 392 3533 fraternae
414 3477 563 3544 eharitatis,
581 3477 607 3530 in
629 3477 723 3549 seipso
745 3492 809 3532 veru
832 3477 858 3532 in
914 3473 952 3527 tui
967 3487 1016 3528 suo
1035 3474 1062 3527 iu
1078 3475 1177 3547 Spiritu
1201 3487 1294 3535 sancto
1316 3480 1441 3537 habuerit
1462 3483 1622 3544 charitatem
1646 3506 1716 3562 pro.-

58 3575 161 3625 numm
177 3566 352 3624 conscientiae
366 3565 497 3622 incumbit
511 3566 584 3638 qued
600 3564 721 3632 effendit,
739 3565 822 3621 utetsi
832 3565 858 3621 in
912 3567 975 3630 pter
989 3562 1088 3619 Deum.
1104 3564 1168 3619 Non
1189 3567 1261 3621 enim
1277 3575 1716 3648 p1·0ptereorpusvivtmus;sert

55 3671 89 3713 ea
103 3655 175 3713 lorte
191 3655 272 3711 luerit
286 3654 359 3726 quod
375 3653 483 3726 placere
498 3656 592 3725 pessit,
608 3671 658 3710 nec
671 3670 859 3725 apparerem.
912 3649 971 3704 sine
994 3665 1110 3722 corpore
1135 3653 1227 3710 vivere
1252 3657 1405 3729 nequimus.
1421 3661 1544 3718 Vivimus
1568 3673 1667 3737 autem,
1686 3678 1717 3728 ut

54 3745 116 3801 deal
134 3752 198 3800 ante
221 3743 320 3801 faciem
338 3743 514 3814 semetipsum
535 3743 684 3798 districtius
702 3743 857 3812 judicantis,
912 3736 1008 3808 spiritu
1023 3740 1083 3795 Deo
1107 3742 1306 3812 adhereamus,
1323 3755 1349 3802 et
1373 3749 1416 3819 pie
1436 3754 1464 3805 et
1485 3751 1628 3812 sinceriter
1650 3773 1714 3816 cum

53 3832 208 3890 ordinante
227 3849 294 3906 ergo
317 3834 345 3888 in
366 3834 418 3888 boc
441 3832 529 3904 ipsum
552 3832 714 3887 charitatem
744 3833 859 3902 Sponsae
913 3827 1030 3883 amando
1043 3830 1135 3885 sobrie
1150 3831 1177 3885 iu
1197 3833 1288 3901 nobis,
1303 3835 1375 3904 juste
1399 3838 1434 3893 ad
1450 3840 1613 3912 proximum,
1630 3853 1657 3902 et
1669 3846 1716 3918 pia

52 3930 169 3980 auctore
190 3921 249 3995 ipse
263 3921 416 3989 charitatis,
433 3929 550 3992 pertaesa
568 3936 680 3976 suorum
702 3919 857 3977 defectuum
914 3914 949 3968 ad
966 3916 1051 3972 Deum
1068 3918 1199 3987 vivamus,
1216 3921 1308 3994 sicque
1323 3925 1442 3983 virendo
1462 3927 1541 3986 beate
1556 3939 1582 3987 et
1595 3940 1713 3991 oeterna·

52 4018 110 4069 m
124 4010 264 4085 medin„
278 4018 306 4067 e,
319 4010 500 4067 resonum„
515 4008 781 4082 congratulationem
793 4008 858 4064 atto.
913 4003 974 4059 liter
986 4005 1011 4060 in
1026 4007 1086 4062 Deo
1100 4007 1248 4080 aliquando
1262 4013 1354 4068 rivere
1369 4031 1533 4073 mereamur.
1549 4020 1623 4093 Ergo
1634 4024 1713 4093 juxta

54 4114 117 4155 mm
140 4099 328 4170 profectuum
345 4098 507 4171 approbans,
525 4107 553 4154 ut
575 4099 675 4153 dictum
699 4107 747 4164 est,
772 4095 859 4170 magis
912 4095 1080 4164 Apostolum,
1097 4099 1144 4168 qui
1159 4099 1226 4153 dixit
1242 4117 1248 4155 :
1267 4101 1712 4175 «Ncmounquamcarnemsuatn

55 4188 174 4246 prierius
188 4188 348 4260 principium
364 4203 445 4260 qnam
460 4204 536 4243 suam
552 4185 644 4254 finem,
660 4187 722 4259 plus
745 4185 859 4242 alterius
913 4182 978 4238 odio
993 4183 1085 4240 babuit
1100 4186 1210 4259 (Epiros.
1227 4187 1265 4258 r),
1284 4211 1295 4238 ι
1312 4189 1409 4248 suffieit
1424 4209 1477 4249 non
1491 4195 1583 4254 edisse
1601 4216 1709 4273 comus,

54 4276 213 4351 protectum
240 4292 320 4347 quarn
342 4292 420 4331 suam
454 4276 658 4347 perlectionem.
685 4275 714 4329 ln
749 4274 859 4330 lloribus
913 4269 956 4327 cui
971 4279 1059 4328 emen
1074 4288 1139 4330 cura
1160 4275 1282 4332 habenda
1304 4285 1354 4349 est,
1372 4279 1421 4336 sed
1443 4284 1513 4340 citra
1535 4289 1709 4357 servitutem:

56 4365 172 4437 quippe,
188 4366 216 4420 in
231 4365 328 4435 quibus
343 4381 407 4437 spes
421 4363 522 4421 tructus
541 4372 593 4429 est,
609 4365 679 4419 bona
700 4380 761 4436 spes
781 4363 857 4419 desi·
912 4362 1018 4432 spiritui
1035 4377 1099 4418 vero
1113 4379 1161 4418 sua
1184 4365 1310 4423 habenda
1332 4376 1373 4426 cst
1396 4370 1521 4440 charitas,
1537 4375 1625 4431 cultus
1644 4392 1711 4436 suus

56 4463 161 4528 gagius
175 4453 379 4526 inalpientium
395 4453 421 4507 in
437 4453 515 4508 malis
540 4454 729 4519 sarabertus
748 4452 857 4524 perlec—
872 4428 898 4490 D
913 4450 1092 4519 exhibendus,
1107 4454 1239 4526 usquead
1255 4471 1363 4514 omnem
1386 4461 1513 4532 corperis
1533 4463 1706 4524 servitutem.

58 4550 165 4599 torum.
180 4541 278 4600 inillis
292 4540 403 4598 fulcitur
416 4541 451 4596 ad
466 4540 587 4607 delicias,
599 4542 626 4596 in
645 4541 703 4596 istis
717 4541 752 4596 ad
768 4541 858 4596 virtu·
912 4539 1032 4595 Debetur
1047 4542 1121 4597 enim
1136 4542 1245 4613 corpori
1257 4560 1322 4600 cnrn
1336 4545 1428 4618 aliqua
1442 4549 1562 4620 spiritus,
1571 4560 1708 4626 utcorpua

54 4638 111 4689 tem
121 4629 249 4703 stipatur.
265 4630 299 4686 lit
313 4630 428 4686 suavius
443 4630 467 4686 ei
482 4629 510 4684 in
525 4629 716 4701 incipientibus
735 4629 859 4686 redolent
912 4628 1002 4694 vivat;
1017 4630 1123 4701 spiritui
1147 4647 1213 4687 rero
1227 4632 1344 4690 servitus
1359 4636 1517 4693 omnimoda
1530 4641 1663 4712 corporis,
1678 4649 1709 4699 ut

51 4718 233 4777 floreanovae
260 4718 289 4774 iu
317 4718 426 4775 Christo
447 4727 580 4774 creature}
609 4734 689 4790 quam
716 4717 744 4772 in
765 4719 858 4789 seipsa
911 4717 1021 4789 spiritus
1036 4718 1143 4792 vigeat;
1161 4720 1219 4775 Deo
1242 4723 1379 4794 utrinque,
1395 4731 1424 4779 ut
1448 4732 1519 4781 totus
1541 4725 1625 4785 homo
1649 4730 1707 4788 Dec

52 4807 160 4865 tructus
185 4807 359 4880 perfectionis
384 4823 450 4873 suae,
479 4806 581 4862 tructus
616 4807 715 4862 alienae
745 4807 857 4877 justitiae
911 4807 1020 4864 serviat.
1038 4806 1082 4863 Sic
1097 4807 1143 4877 qui
1158 4807 1291 4865 ordinatae
1313 4811 1449 4867 charitatis
1473 4821 1522 4882 est,
1539 4815 1629 4890 diligit
1650 4819 1707 4876 Do·

52 4911 138 4971 qnam
152 4896 318 4953 couscientia
337 4895 480 4965 cujuslibet
501 4894 648 4951 sanctitatis
669 4912 736 4951 suae.
752 4896 783 4950 ln
804 4895 857 4951 illis
911 4894 1014 4949 minum
1034 4896 1121 4950 Deum
1136 4912 1224 4962 suum,
1241 4903 1268 4952 el
1286 4897 1314 4953 5⁰
1337 4898 1397 4970 59⁸⁰
1416 4900 1552 4971 ⁸0ll³³¹¹¹1¹i
1565 4913 1590 4961 ⁰¹
1611 4906 1705 4977 ΡΜῙ·

52 5000 123 5058 0130
144 4985 250 5043 peruiis
270 4984 369 5056 accipit
396 4982 617 5052 incitamentum,
633 4983 660 5038 in
678 4983 738 5039 istis
758 4982 856 5039 lirma·
908 4999 984 5038 mum
998 4999 1077 5039 suum
1092 4983 1162 5039 sicut
1176 4985 1306 5056 seipsum,
1323 4986 1381 5058 ipsa
1403 4989 1538 5061 qualitate,
1549 4993 1610 5064 ipsa
1621 5012 1708 5069 quan·

51 5081 187 5132 mentum.
202 5072 260 5131 Sed
282 5082 309 5130 et
330 5071 477 5129 morandum
495 5072 632 5129 exteriora
652 5073 735 5129 habet
753 5081 855 5130 sancte
910 5072 995 5128 litate.
1010 5071 1078 5127 Nam
1094 5071 1144 5128 etsi
1158 5072 1246 5143 major
1255 5075 1368 5131 forsitan
1379 5085 1420 5132 est
1430 5077 1560 5147 perfectio
1568 5083 1706 5142 charitatis

48 5160 204 5233 juventutis
222 5161 329 5218 indoles
352 5161 380 5216 iu
401 5160 541 5232 disciplina
575 5161 682 5233 pietatis
710 5163 854 5234 quamdam
907 5161 1008 5233 inipso
1022 5177 1103 5232 quam
1118 5162 1145 5216 iu
1159 5163 1297 5233 proximo,
1314 5171 1415 5221 tautam
1432 5166 1524 5240 utique
1538 5172 1565 5224 in
1587 5185 1622 5226 co
1645 5171 1705 5232 lora

50 5250 387 5324 gniiaeproerogativam,
403 5257 430 5306 et
444 5257 539 5305 sancta
562 5249 686 5318 canities,
702 5250 738 5305 ob
752 5251 853 5308 certio·
907 5249 1056 5319 desiderat,
1080 5259 1209 5323 quantam
1236 5251 1411 5322 amplectitur
1437 5255 1465 5310 in
1491 5258 1649 5330 semetipso.
1673 5261 1704 5319 Si

51 5346 208 5405 rialidnciae
221 5348 305 5405 robur
320 5348 498 5406 reverentiam
520 5363 605 5404 suam.
622 5348 729 5404 Tenere
753 5349 853 5423 quippe
906 5364 972 5405 rere
987 5347 1120 5418 majorem
1138 5364 1201 5405 eam
1222 5349 1410 5421 deprehendit,
1426 5351 1469 5409 rel
1491 5356 1609 5413 aestimat
1629 5359 1703 5432 apud

49 5450 121 5503 etas
142 5444 231 5502 hilare
254 5446 337 5502 babet
363 5452 390 5502 et
413 5452 504 5518 aptam
515 5445 549 5501 ad
575 5454 672 5502 cuneta
692 5447 852 5514 materiam
906 5446 1180 5519 proximnmdnleius
1195 5447 1269 5504 eoin
1292 5448 1350 5506 Deo
1371 5449 1481 5522 lruitur,
1498 5461 1525 5510 et
1543 5456 1605 5528 plns
1627 5473 1702 5527 enm,

50 5549 80 5601 et
92 5541 265 5603 insttrceraa
278 5542 368 5602 mollis
383 5542 464 5601 facile
484 5542 580 5616 recipit
597 5542 728 5618 quidquid
750 5543 777 5603 ei
796 5543 851 5601 im·
904 5550 933 5600 nt
947 5543 1050 5600 dietum
1064 5550 1114 5616 est,
1125 5541 1266 5615 observat,
1282 5560 1365 5619 quam
1385 5550 1569 5626 mmstipsim.
1585 5552 1644 5614 lice
1657 5562 1703 5615 aaa
