3728 6000
133 269 186 327 tta

651 270 839 330 GUlLLELbll
858 268 1001 326 laetias
1020 269 1049 326 S.
1069 267 1286 327 'rassoboatct

1735 248 1787 315 aaa

132 396 221 463 derat,
238 393 288 451 sed
303 409 335 451 aa
350 395 548 469 contemplandi
562 390 661 466 pietate
676 411 736 466 quae
752 394 861 461 animae,
873 390 973 452 teu-A
988 399 1083 448 aestum
1100 392 1184 448 sancti
1198 388 1327 447 desiderii
1341 389 1498 463 designans.
1515 392 1584 463 Apta
1599 394 1641 445 est
1660 402 1788 461 unguen·

128 486 282 542 tatiouibus
303 485 436 557 probatae,
457 495 484 542 et
510 484 679 556 corripiente
704 482 847 554 disciplina
871 498 936 538 eru·

135 575 198 630 ditae
212 581 239 630 et
253 574 371 646 purioris
390 574 564 631 conscientiae
588 575 683 629 merito
705 572 874 638 illuminatae,
891 569 935 626 ul·

139 672 182 721 tro
197 680 227 720 se
241 663 334 736 incipit
349 663 456 735 aperiri.
473 664 551 720 Unde
565 662 705 736 subjungit
718 669 744 717 et
758 661 824 717 dicit
839 678 845 716 :

173 802 185 830 ι
203 782 272 835 Dum
287 787 359 834 esset
373 796 421 834 rex
435 780 463 834 in
475 779 601 836 accubitu
616 794 681 845 suo,
699 777 799 833 nardus
813 791 874 832 mea
889 776 937 832 de·

134 870 174 927 dit
189 868 301 925 oderem
316 883 406 923 suum.
425 892 436 917 ι
454 868 566 923 Duobus
587 867 674 922 modis
689 867 866 931 accumbitur,
892 864 935 921 val

136 959 171 1015 ad
187 957 353 1014 consortium
374 956 491 1013 earnalis
515 956 660 1028 voluptatis
676 975 683 1023 ;
701 956 744 1011 rel
766 955 800 1011 ad
821 970 936 1026 percep-

133 1047 234 1105 tionem
251 1046 316 1102 cibi.
334 1047 492 1117 Utrumque,
509 1045 557 1100 sed
577 1043 751 1116 spiritualiter
765 1043 933 1114 requirebat,

133 1151 194 1208 quae
218 1149 305 1206 supra
328 1133 525 1207 interrogando
541 1133 668 1189 dixerat:
695 1132 787 1188 ludica
809 1131 875 1188 mibi
888 1131 934 1188 ubi

133 1223 232 1297 pascis,
249 1223 295 1278 ubi
310 1223 395 1279 cubas
409 1223 436 1277 iu
452 1222 574 1278 meridie.
592 1222 678 1278 Locus
694 1237 759 1277 aero
769 1222 875 1278 cubitus
890 1221 933 1277 rel

132 1311 273 1369 accubitus
288 1311 386 1382 Spcusi
397 1326 429 1367 ac
443 1311 558 1383 Sponsas
572 1311 704 1366 memoria
718 1318 769 1378 est,
781 1309 933 1366 intellectus

132 1407 159 1456 et
173 1417 261 1456 amor.
280 1400 310 1454 ln
327 1400 369 1455 liis
383 1404 476 1456 autem
490 1399 652 1456 accumbunt
671 1399 791 1471 Sponsus
804 1406 831 1455 et
846 1399 933 1470 Spon-

129 1504 162 1544 sa
180 1507 186 1543 :
205 1488 251 1544 ille
263 1489 381 1561 gratiam
407 1488 586 1555 infundendo,
608 1488 655 1544 illa
677 1488 721 1557 pie
742 1488 930 1560 memorando,

129 1577 268 1633 humiliter
283 1577 473 1650 intelligendo,
493 1577 619 1633 ardenter
642 1577 768 1633 amando.
793 1578 872 1633 Hunc
886 1576 930 1631 lo-

129 1681 189 1722 cum
206 1667 263 1722 Deo
278 1666 357 1721 auxia
374 1666 473 1737 pietate
487 1666 633 1738 quaerebat,
659 1667 706 1738 qui
723 1665 831 1722 dicebat
847 1682 853 1720 :
872 1688 883 1713 a
901 1663 930 1720 Si

129 1753 233 1810 dedero
247 1770 373 1810 somnum
388 1754 474 1811 oculis
489 1755 569 1822 meis,
585 1764 611 1811 et
626 1755 765 1826 palpebris
780 1754 849 1810 meis
863 1753 927 1809 dor·

128 1842 307 1910 mitationcm,
325 1845 413 1900 donec
434 1844 569 1900 inveniam
585 1845 674 1901 locum
689 1845 817 1909 Domino,
839 1843 929 1898 taber-

127 1933 254 1989 naculum
278 1933 338 1988 Dec
361 1933 446 1988 Jacob
461 1934 547 2003 (Paul.
571 1935 675 2004 cxxxi).
695 1955 705 1982 ι
725 1932 806 2002 Cujus
828 1947 884 1998 cor,
902 1930 929 1986 iu

127 2029 259 2092 quantum
274 2020 301 2077 in
318 2023 369 2077 boc
383 2030 480 2078 sancto
492 2022 630 2077 desiderio
641 2021 815 2087 aestuabut,iu
826 2029 928 2075 tantum

123 2109 181 2179 jam
195 2109 321 2181 prolecto
337 2110 412 2166 locus
427 2109 478 2165 Dei
499 2118 579 2177 erat;
603 2110 651 2165 sed
672 2115 747 2164 stara
771 2108 805 2163 ad
830 2109 926 2163 lrueu·

125 2196 200 2264 dum,
217 2214 265 2253 seu
281 2198 414 2253 stabiliter
429 2197 481 2253 lrui
496 2197 682 2253 desiderabat.
701 2197 859 2252 Memoriam
868 2196 926 2267 jam

124 2286 264 2356 implebat,
290 2295 317 2342 et
339 2286 495 2357 plenissime
521 2285 676 2357 possidebat
695 2287 819 2342 crucians
833 2285 925 2341 vulun-

124 2381 175 2438 tns,
193 2376 237 2429 vel
252 2375 431 2440 desiderium,
444 2375 496 2430 boc
508 2383 548 2430 est
558 2374 853 2430 vehemensroluntas.
871 2373 925 2430 Sed

124 2459 189 2531 quia
203 2460 352 2517 intellectui
368 2463 459 2518 deerat
474 2461 567 2519 lumen
583 2479 672 2530 suurn,
696 2478 772 2519 amor
786 2463 812 2519 in
830 2462 925 2518 fruen-

125 2549 160 2606 do
176 2566 350 2622 nequaquam
365 2559 471 2621 poterat
494 2551 615 2608 iuvenire
638 2552 765 2624 gaudium
788 2569 875 2621 suum,
891 2552 925 2607 de

124 2654 178 2710 quo
192 2640 368 2710 postmodum
382 2641 474 2696 dicit:
499 2640 709 2697 «adorabimus
737 2642 764 2695 in
792 2642 852 2697 loco
880 2642 925 2696 ubi

124 2733 255 2782 steterunt
270 2728 354 2797 pedes
368 2729 427 2798 ejus
447 2727 539 2797 (ibid.)
556 2751 567 2777 n
584 2728 637 2798 Qui
651 2729 726 2783 euim
741 2728 828 2783 Deum
844 2745 923 2800 quem

125 2817 187 2873 orat
219 2821 380 2886 praesentem
409 2832 464 2872 non
484 2817 574 2883 sentit,
590 2816 659 2873 sicut
678 2818 839 2873 sentiendus
869 2825 920 2888 est,

123 2905 302 2970 anxieorat;
323 2905 367 2977 qui
397 2920 464 2961 vero
491 2914 651 2978 praeseutem
681 2913 763 2976 tenet,
792 2916 924 2978 presente

123 2991 233 3059 fruitur,
253 3001 395 3066 gratanter
415 2993 517 3049 adorat.
535 2994 599 3050 ldeo
621 2994 728 3064 Sponsa
751 3011 810 3050 cum
826 2995 924 3066 Spousi

988 480 1033 549 tis,
1050 480 1112 554 quia
1135 481 1194 537 sine
1221 480 1383 536 humilitatis
1411 479 1512 535 virtute
1538 479 1613 535 nulla
1641 481 1685 534 est
1712 474 1789 548 apud

988 570 1075 625 Deum
1091 569 1233 640 cujuslibet
1248 567 1355 626 allectio
1369 568 1531 625 devotionis.
1555 568 1677 624 Odorem
1704 564 1790 621 babet

988 659 1155 730 praecipuum
1172 674 1179 714 ι
1194 674 1245 730 per
1260 675 1341 732 quem
1356 657 1479 729 signatur
1495 658 1522 713 iu
1538 656 1689 712 hnmilitate
1716 670 1788 712 ccu-

988 745 1072 803 iessio
1087 756 1273 819 peccatorum.
1292 747 1361 804 lliuc
1380 754 1421 803 est
1435 746 1510 803 euim
1524 745 1558 802 de
1573 760 1628 818 quc
1641 761 1727 817 supra
1741 744 1786 800 di-

988 837 1088 895 cebat:
1109 860 1120 886 e
1136 836 1223 908 Nigra
1236 852 1307 898 suin,
1323 835 1371 893 sed
1387 835 1541 892 lormosa.»
1558 835 1625 891 lude
1637 835 1787 891 estalaba·

988 932 1074 981 strum
1096 924 1227 998 unguenti
1251 926 1328 981 nardi
1355 924 1443 996 pistici
1470 924 1512 980 vel
1540 923 1636 995 spicati
1662 922 1784 994 pretiosi,

989 1015 1061 1086 quod
1074 1014 1145 1069 misit
1160 1014 1187 1070 iu
1202 1029 1302 1086 corpus
1316 1015 1381 1069 Jesn
1396 1014 1505 1070 humilis
1524 1013 1634 1070 devotio
1649 1012 1783 1082 mulieris,

987 1103 1157 1174 praererrieus
1167 1102 1233 1158 illud
1246 1118 1350 1174 ungere
1361 1103 1388 1157 iu
1401 1102 1566 1175 sepulturam
1578 1101 1689 1171 (aetat.
1701 1118 1782 1167 ιιιις

987 1193 1069 1249 llere.
1087 1193 1155 1261 xiv).
1167 1192 1247 1249 Unde
1262 1191 1336 1248 etde
1350 1191 1436 1247 odore
1450 1190 1562 1246 humilis
1577 1190 1666 1258 nardi,
1682 1191 1785 1247 bocest

986 1281 1039 1353 piae
1053 1281 1241 1348 confessionis,
1257 1280 1313 1336 illic
1327 1279 1460 1346 subditur,
1479 1304 1490 1329 ι
1511 1286 1537 1335 et
1559 1278 1657 1336 domus
1681 1279 1785 1351 repleta

986 1377 1026 1426 est
1041 1386 1075 1426 ex
1089 1370 1173 1426 odore
1188 1369 1316 1443 unguenti
1330 1369 1423 1439 (ioan.
1440 1369 1526 1439 xn).·
1544 1366 1708 1437 Quaerebam
1719 1384 1784 1442 ego,

986 1458 1023 1515 ait
1036 1461 1153 1530 Sponsa,
1170 1467 1244 1514 extra
1258 1475 1312 1529 me,
1332 1458 1412 1532 quasi
1435 1457 1586 1526 absentem,
1612 1472 1691 1529 quem
1714 1458 1785 1514 intra

984 1563 1028 1603 me
1042 1548 1098 1619 jam
1113 1547 1249 1604 habebam
1264 1547 1441 1604 accubantem
1458 1563 1489 1603 ao
1504 1553 1662 1617 pascentem
1679 1563 1685 1601 :
1702 1547 1783 1615 cujus

984 1636 1132 1693 accubitum
1147 1637 1175 1691 iu
1198 1637 1280 1694 corde
1301 1651 1363 1692 meo
1387 1635 1577 1692 manifestabat
1604 1637 1692 1708 pietas
1705 1635 1785 1691 bonae

944 1727 1139 1809 Bvoluntatis,
1170 1735 1275 1798 pastum
1309 1742 1371 1784 reru
1390 1725 1504 1781 interius
1527 1725 1663 1797 operantis
1686 1725 1784 1799 gratian

985 1817 1118 1873 eructatio
1132 1816 1237 1889 placitae
1252 1816 1310 1871 Deo
1325 1813 1516 1871 confessionis.
1533 1814 1588 1870 Sed
1616 1813 1676 1869 ubio
1685 1828 1785 1886 pasce-

984 1913 1035 1970 ret,
1053 1906 1101 1960 ubi
1114 1904 1234 1970 cubaret,
1250 1903 1409 1960 nesciebam
1425 1903 1488 1976 quia
1502 1902 1565 1959 licet
1579 1902 1638 1958 baec
1651 1901 1744 1957 oruuia
1755 1901 1784 1956 iu

983 2011 1027 2049 me
1042 2002 1193 2066 agerentur
1210 1995 1281 2049 boue
1295 2008 1412 2048 ascensu
1440 1991 1589 2048 veluntatis
1617 2005 1650 2047 ac
1674 1989 1784 2061 judicio

981 2083 1102 2149 rationis,
1119 2099 1227 2138 sensum
1243 2091 1334 2137 tamen
1346 2080 1492 2153 spiritualis
1505 2078 1624 2146 allectus,
1641 2093 1694 2150 quc
1706 2094 1781 2149 prae·

981 2168 1078 2224 sentiae
1093 2166 1154 2238 ejus
1166 2167 1285 2222 suavitas
1299 2167 1424 2233 sentitur,
1441 2180 1497 2221 uon
1511 2164 1658 2220 habebam.

1015 2282 1119 2338 Deinde
1134 2282 1281 2353 spiritualis
1293 2281 1432 2338 accubitus
1451 2282 1573 2354 gratiam
1593 2276 1716 2335 subtilius
1724 2276 1777 2333 de·

980 2372 1116 2442 scribens,
1132 2372 1272 2442 primoque
1286 2371 1416 2441 adjiciens
1441 2370 1468 2425 iu
1495 2368 1644 2443 gratiarum
1668 2368 1777 2425 acticne

979 2461 1091 2517 delicias
1113 2477 1174 2516 suas
1199 2460 1372 2517 accumulare
1395 2459 1543 2526 memoria,
1570 2480 1581 2510 ι
1609 2458 1775 2524 Fasciculus,

979 2550 1074 2621 iuquit,
1089 2551 1206 2622 myrrha
1221 2549 1335 2606 dilectus
1351 2566 1427 2605 meus
1442 2549 1506 2605 milri
1523 2567 1531 2615 3
1547 2549 1575 2604 iu
1598 2547 1689 2604 medio
1708 2546 1778 2602 ube·

979 2656 1039 2694 runi
1056 2655 1179 2695 meorum
1194 2638 1425 2705 commorabitur;
1445 2663 1455 2688 a
1471 2638 1633 2709 oculumque
1648 2635 1779 2708 spiritua·

978 2728 1011 2784 lis
1024 2726 1181 2785 intellectus
1197 2726 1290 2782 lumini
1305 2727 1402 2799 gratiae
1416 2727 1552 2799 aperiens,
1576 2749 1587 2774 u
1613 2727 1710 2781 Botrus
1730 2723 1777 2790 ait,

978 2815 1071 2888 Cypri,
1087 2815 1202 2871 dilectus
1217 2832 1298 2872 meus
1311 2815 1396 2870 mibi:
1415 2840 1426 2865 ι
1441 2822 1468 2870 et
1483 2813 1581 2870 sensui
1591 2813 1779 2869 amorissuam

978 2906 1143 2962 contrahens
1154 2905 1323 2970 suavitatem,
1337 2927 1348 2954 ι
1361 2904 1388 2959 in
1404 2903 1500 2968 vineis,
1513 2903 1609 2975 iuquit,
1624 2901 1776 2975 Engadda-

978 2993 1117 3051 Beueftciis
1149 2994 1249 3049 etenim
1277 2993 1326 3049 Dei
1352 3008 1406 3049 nou
1437 2992 1547 3066 ingrata
1574 2991 1706 3048 memoria
1723 2990 1778 3046 cito

123 3080 350 3149 reminisceretur,
366 3081 408 3138 rel
424 3098 485 3139 enm
500 3082 631 3156 cogitaret
645 3082 680 3138 ad
703 3082 921 3155 intelligendum,
938 3082 1129 3166 capiritualis
1144 3081 1297 3138 intellectus
1309 3082 1440 3154 gaudium
1460 3089 1604 3137 meretur:
1633 3079 1679 3152 qui
1695 3078 1777 3135 etiam

123 3170 264 3227 absentem
279 3171 473 3239 arbitrabatur,
490 3171 613 3244 quaudiu
626 3188 682 3228 uon
695 3171 864 3244 intelligebat
891 3173 925 3227 ad
978 3171 1106 3229 continuo
1132 3171 1159 3226 iu
1189 3187 1285 3227 suaves
1312 3171 1442 3244 quasdam
1468 3170 1569 3226 amoris
1596 3167 1779 3241 experientias

123 3260 281 3318 amandum.
302 3259 356 3317 Sed
382 3261 452 3317 bona
476 3263 602 3317 voluntas
623 3261 679 3331 jam
704 3261 811 3316 initium
825 3261 926 3317 amoris
979 3260 1182 3317 delectabiliter
1195 3260 1285 3331 potins
1300 3276 1383 3332 quam
1399 3260 1514 3315 scienter
1527 3257 1683 3315 resolvitur.
1696 3256 1778 3312 lutel-

125 3350 450 3407 estllebemensautem
466 3349 601 3416 voluntas,
617 3349 752 3420 velquasi
775 3350 926 3406 adabsen·
979 3349 1065 3405 lectus
1092 3348 1191 3405 etenim
1219 3349 1376 3420 spiritualis,
1406 3364 1466 3404 cum
1496 3347 1638 3403 illuminari
1664 3343 1779 3418 coeperit

124 3446 190 3507 tem,
206 3438 374 3494 desiderium
391 3448 454 3504 cst;
483 3440 526 3495 rel
547 3438 644 3495 affecta
669 3440 741 3495 circa
759 3447 925 3509 praesentem
979 3437 1176 3494 abundantiore
1191 3437 1279 3510 gratia
1295 3438 1412 3509 Spiritus
1427 3439 1527 3504 sancti,
1544 3444 1618 3492 tauto
1647 3433 1777 3490 differen-

124 3542 202 3582 amor
216 3534 266 3593 est,
287 3544 347 3583 curu
371 3528 469 3582 amanti
492 3528 519 3582 id
543 3528 616 3598 quod
640 3533 714 3583 amat
736 3528 764 3583 iu
789 3528 926 3584 intellectu
980 3527 1031 3582 tius
1056 3534 1185 3597 operatur
1206 3526 1234 3581 iu
1258 3526 1346 3581 anima
1370 3525 1491 3581 bumana
1513 3525 1548 3580 ab
1571 3524 1707 3580 intellectu
1729 3522 1780 3578 bu·

124 3623 225 3685 praesto
240 3624 294 3671 est.
314 3619 397 3671 umor·
421 3616 521 3688 quippe
547 3617 596 3672 Dei
619 3616 676 3687 ipse
700 3616 852 3673 intellectus
871 3618 927 3685 ejus
979 3631 1071 3684 mano,
1088 3623 1189 3687 quanto
1205 3614 1373 3670 sublimiusa
1388 3624 1483 3671 natura
1498 3614 1584 3686 ipsius
1596 3613 1694 3668 auimae
1722 3611 1778 3666 dil·

125 3709 167 3758 est
183 3719 189 3755 :
207 3704 254 3774 qui
271 3720 325 3759 nou
341 3704 393 3758 nisi
407 3712 513 3760 amatus
536 3704 705 3777 intelligitur,
731 3721 781 3762 uec
805 3704 855 3759 nisi
880 3705 926 3759 in·
980 3705 1034 3760 sert
1048 3712 1143 3760 natura
1163 3704 1273 3759 luminis
1288 3704 1526 3775 incircumscripti.
1547 3702 1626 3773 Quod
1642 3701 1714 3758 enim
1729 3716 1778 3757 ua·

127 3790 251 3846 tellectus
286 3798 403 3861 amatur,
442 3801 468 3848 et
502 3792 594 3864 utique
632 3800 733 3847 mutum
768 3792 928 3865 intelligitur
980 3793 1060 3849 turcii
1083 3792 1220 3848 intellectu
1242 3792 1369 3866 intelligit
1392 3793 1493 3860 anima,
1517 3792 1600 3864 capit,
1622 3790 1778 3846 illocalem

128 3886 258 3948 quaritum
273 3887 387 3944 amatur,
419 3887 576 3950 tantumque
601 3889 709 3934 amatur
736 3888 865 3953 quantum
887 3880 927 3936 in·
979 3880 1118 3938 intellectu
1135 3897 1188 3937 non
1204 3890 1257 3938 tam
1272 3882 1345 3952 capit
1359 3897 1441 3955 quam
1466 3881 1583 3951 capitur.
1603 3878 1682 3948 Quod
1704 3878 1778 3935 enim

127 3966 267 4039 telligitnr.
297 3967 440 4024 accumbit
467 3983 534 4038 ergo
560 3967 682 4038 Sponsus
709 3969 833 4039 Spuusae,
867 3986 928 4025 cum
980 3970 1137 4027 naturaliter
1152 3970 1329 4044 intelligendo
1351 3971 1432 4042 capit,
1457 3968 1654 4026 rationabiliter
1677 3968 1778 4025 discer-

127 4054 216 4126 primo
230 4055 257 4109 in
273 4071 304 4110 ea
319 4057 437 4129 gratuita
452 4056 541 4129 gratia
563 4055 642 4110 liberi
666 4057 770 4112 arbitrii
792 4058 843 4112 sibi
862 4075 926 4113 sau·
980 4059 1019 4116 nit
1036 4058 1128 4132 ;quod
1144 4075 1208 4116 sero
1220 4059 1384 4116 nonsufficit
1396 4074 1568 4130 percernere,
1582 4073 1634 4114 nen
1646 4056 1779 4129 praevalet

128 4142 228 4199 ctilicat
241 4158 392 4214 assensum,
409 4160 462 4200 uon
478 4153 569 4200 autem
584 4148 609 4200 ei
624 4146 786 4202 accumbere
812 4146 863 4202 sibi
885 4147 927 4202 vi·
980 4149 1151 4205 discernere.
1176 4148 1290 4204 Sanctus
1305 4148 1406 4203 etenim
1429 4147 1545 4219 Spiritus
1567 4146 1638 4204 sicut
1659 4144 1706 4202 ubi
1720 4145 1779 4201 vult

127 4232 206 4289 detur
220 4233 340 4306 Sponsa,
359 4234 477 4305 quandin
503 4233 657 4289 intellectus
688 4234 748 4304 ejus
776 4234 804 4289 iu
832 4252 926 4292 amore
980 4237 1072 4310 spirat,
1090 4237 1129 4293 sic
1144 4237 1257 4309 qnando
1273 4236 1376 4305 vult,et
1390 4236 1637 4308 quomodcrult,et
1650 4237 1679 4290 iu
1694 4251 1778 4307 quan-

128 4338 257 4395 amorque
273 4322 380 4378 fruendi
402 4323 429 4377 in
456 4321 554 4379 affeetu
583 4338 638 4379 nou
664 4321 771 4379 invenit
796 4324 925 4397 gaudium
981 4333 1037 4381 tum
1052 4327 1117 4392 vult,
1135 4326 1217 4380 honre
1233 4341 1300 4381 vero
1314 4341 1410 4381 vocem
1421 4326 1480 4395 ejus
1495 4325 1579 4392 audit,
1590 4326 1643 4380 boc
1654 4331 1696 4379 est
1710 4339 1777 4396 gra·

127 4428 217 4480 suum,
251 4412 371 4485 quaudiu
406 4412 498 4484 psallit
530 4411 628 4483 spiritu
665 4412 714 4468 sed
749 4429 803 4469 ncu
838 4414 926 4485 psallit
981 4415 1044 4470 tiam
1066 4414 1147 4470 sentit
1169 4414 1315 4486 operantis,
1337 4413 1386 4469 sed
1410 4415 1495 4469 nescit
1523 4413 1594 4469 unde
1616 4412 1706 4469 veniat
1732 4416 1778 4467 aut

127 4509 217 4557 mente
234 4502 259 4571 (l
272 4503 334 4560 Cor.
353 4502 392 4571 ιι)
408 4520 414 4556 ;
429 4508 456 4557 et
470 4501 580 4572 spiritus
596 4500 654 4569 ejus
676 4500 769 4572 psallit
791 4503 832 4557 rel
856 4511 923 4574 orat,
981 4520 1034 4575 quo
1063 4503 1146 4558 vadat
1165 4502 1263 4573 (doun.
1287 4504 1337 4573 ιιι),
1354 4503 1432 4573 cujus
1455 4501 1582 4574 potestati
1596 4500 1641 4557 vel
1664 4500 1778 4557 arbitrio

127 4601 204 4641 meus
218 4602 282 4642 vero
297 4586 437 4658 psallentis
452 4585 495 4642 vel
512 4585 616 4642 orantis
632 4586 692 4641 siue
714 4585 801 4641 lructu
825 4596 874 4642 est.
892 4586 929 4643 Et
983 4609 1038 4650 uon
1052 4592 1184 4662 subiacet,
1205 4608 1254 4648 seu
1269 4592 1441 4664 principium,
1458 4608 1505 4648 seu
1523 4590 1594 4659 linis,
1609 4607 1657 4646 seu
1680 4590 1778 4645 modus

124 4672 181 4743 jam
195 4683 323 4746 potenter
337 4675 365 4730 in
380 4691 411 4731 ea
426 4683 556 4747 operatur
570 4676 677 4731 occulta
691 4674 789 4747 gratia,
807 4675 855 4730 sed
870 4675 926 4739 itta.
981 4682 1067 4753 ipsius
1081 4681 1259 4753 operationis.
1274 4682 1366 4737 Nescit
1380 4681 1451 4737 unde
1471 4681 1569 4745 reniet,
1586 4688 1632 4736 aut
1658 4695 1712 4751 quo
1728 4692 1777 4733 ra-

127 4762 218 4820 donec
231 4762 341 4820 facienti
367 4765 487 4835 perlecta
515 4762 657 4831 alliciatur,
686 4764 796 4819 cubanti
824 4781 928 4837 nequa·
982 4771 1050 4826 dat:
1081 4771 1124 4826 eui
1152 4770 1283 4825 sensibile
1311 4769 1438 4842 quiddam
1467 4768 1496 4824 lrt
1522 4767 1608 4824 divini
1635 4767 1777 4838 cuiusdam

128 4867 210 4924 quam
224 4852 276 4907 sibi
290 4853 427 4910 accubare
442 4852 557 4909 videtur.
571 4851 637 4909 ldec
650 4851 730 4909 dicit:
747 4876 758 4902 u
775 4854 846 4909 Dum
857 4860 929 4909 esset
981 4858 1085 4931 gaudii,
1101 4867 1127 4913 et
1138 4856 1316 4912 illuminantis
1330 4872 1364 4913 ac
1377 4855 1559 4912 beatificantis
1582 4855 1688 4928 gratiae,
1705 4854 1778 4926 quod

126 4956 175 4997 rex
203 4940 231 4995 in
259 4941 382 4998 accubitu
411 4956 468 5007 suo,
499 4941 603 4997 nardus
629 4958 691 4997 mea
720 4941 796 4998 dedit
814 4941 928 4998 calorem
982 4945 1057 5001 solus
1077 4961 1152 5001 amor
1174 4944 1339 5000 illuminatus
1359 4944 1460 5000 sentire
1480 4943 1644 5016 permittitur
1659 4963 1667 5012 ;
1683 4941 1777 5000 suari·

126 5045 220 5087 suum.
242 5029 452 5098 nluaccubitn,
474 5030 569 5102 iuquit,
592 5053 608 5081 u
629 5046 690 5096 suo,
716 5054 727 5079 ι
756 5039 926 5099 nonnostro,
982 5042 1023 5090 tas
1052 5034 1189 5107 quaedam,
1216 5050 1299 5107 quam
1326 5040 1444 5088 meretur
1471 5048 1558 5099 amur,
1588 5040 1614 5090 et
1634 5033 1693 5104 ipse
1718 5048 1777 5088 eam

127 5122 180 5177 hcc
193 5126 235 5176 est
249 5119 276 5174 iu
292 5135 349 5192 quo
363 5119 470 5192 Sponsa
484 5135 500 5176 a
515 5119 622 5190 Sponso
636 5117 763 5188 eflicitur,
778 5118 826 5175 sed
855 5135 927 5175 uou—
981 5131 1118 5195 operatur,
1133 5137 1212 5193 quam
1229 5122 1314 5178 nescit
1329 5120 1446 5177 usitatus
1466 5122 1629 5191 intellectus,
1646 5121 1693 5177 sed
1716 5137 1778 5178 sen-

128 5209 193 5264 dum
221 5208 290 5264 sicut
309 5207 376 5278 vult,
404 5209 432 5264 ei
459 5206 581 5277 allicitur,
606 5207 675 5264 sicut
696 5207 869 5280 postmodum
892 5206 928 5262 de
982 5211 1156 5274 titaffectus;
1182 5210 1333 5266 substantia
1356 5209 1521 5266 solidissima
1544 5226 1634 5266 rerum
1659 5226 1777 5282 speran-

35 5306 39 5311 '
129 5296 200 5354 lecto
228 5297 302 5365 dicit,
333 5295 419 5354 lectus
446 5305 538 5354 noster
565 5295 685 5352 floridus.
704 5319 715 5344 u
731 5296 842 5352 Nardus
869 5311 929 5352 mea
980 5302 1089 5369 darum,
1104 5307 1295 5373 argumentum
1311 5298 1588 5371 uonapparentium;
1615 5299 1679 5355 tidei
1703 5299 1778 5356 cbri-

126 5383 203 5440 dedit
217 5384 332 5440 odorem
347 5402 435 5441 suunt.
454 5410 466 5436 υ
488 5385 596 5442 Nardus
622 5383 735 5440 humilis
763 5383 848 5439 herba
874 5391 925 5452 θδῑ,
980 5390 1075 5447 stianae
1091 5387 1271 5445 testimouium
1288 5387 1401 5443 Domini
1423 5386 1512 5454 fidele,
1529 5387 1692 5459 sapientiam
1708 5404 1778 5460 prae·

123 5497 219 5540 comas
233 5482 276 5539 rel
285 5483 375 5554 spicas
389 5483 490 5540 babens
504 5483 602 5540 uberes
620 5501 630 5540 .·
647 5499 697 5555 per
711 5498 792 5556 quam
815 5480 926 5556 signill-
980 5484 1057 5537 stans
1078 5477 1208 5551 parvulis.
1237 5476 1313 5550 Sapit
1331 5476 1405 5533 euim
1433 5476 1559 5552 gustandi
1587 5485 1695 5550 gustata
1726 5478 1777 5534 Dei

123 5588 201 5639 catur
233 5582 372 5641 humilitas
401 5582 520 5642 iecuuda
554 5581 707 5640 virtutibus.
735 5580 827 5639 Calida
863 5589 917 5652 est,
980 5577 1110 5647 suavitas,
1140 5576 1168 5632 in
1196 5581 1314 5644 tautum,
1342 5578 1374 5632 ut
1400 5589 1568 5649 quaecuuque
1595 5583 1659 5632 suut
1681 5574 1778 5635 animae
