3728 6000
117 228 151 291 83
573 224 758 285 flhhhaslt'l
777 224 809 283 S.
828 222 972 280 uturlru
991 218 1143 279 conduc.
1163 215 1309 274 assitis
1729 202 1763 260 84

73 392 83 407 =
115 358 200 425 dedit,
223 356 437 429 Fastradumqne
452 357 563 413 omuino
579 371 627 428 pro
641 354 741 410 scelere
756 352 912 409 exhaereda·
927 352 955 412 A
971 349 1092 420 protinus
1107 345 1277 417 respondens
1293 359 1299 399 :
1331 342 1387 397 «ln
1404 338 1512 396 nomine
1527 334 1645 403 Domini,
1667 332 1764 404 inquit,

115 449 162 506 vit.
187 448 304 516 Quidam
328 447 456 502 dixerunt
477 449 529 502 hoc
554 446 605 501 Dei
621 443 756 499 voluntale
771 442 914 506 accidisse,

75 586 79 591 .
116 537 243 609 qnoniam
259 536 390 592 lladullus
406 536 451 592 ille
472 552 558 591 novus
573 533 722 589 advocatus
749 539 836 586 terres
852 531 917 586 San-

119 625 289 689 ctiilertini,
320 641 387 696 quas
407 625 527 691 terrebat,
557 621 816 692 petenteepiscopo,
846 619 917 673 sicut

117 713 316 784 supradictum
332 722 382 780 est,
400 713 478 768 lacile
494 711 617 776 reddidit,
633 725 711 781 quas,
728 717 755 763 ut
773 708 916 762 Fastradus

117 809 215 873 postea
238 802 374 856 multoties
398 801 527 865 asseruit,
552 800 574 855 si
598 805 662 854 lunc
679 798 817 862 tenuisset,
843 795 916 851 nullo

118 891 200 946 modo
219 890 390 946 reddidisset.
417 891 470 945 Sed
493 905 553 945 cunr
567 890 622 956 jam
649 887 676 941 in
690 886 818 941 ultionem
835 884 916 954 hujus

118 978 231 1035 sceleris
247 979 301 1033 duo
315 978 413 1032 milites
426 977 548 1034 Fastradi
561 976 647 1033 occisi
661 976 782 1036 luissent,
792 973 917 1045 apparuit

117 1067 191 1123 idem
207 1067 351 1121 Tethertus
376 1067 486 1121 cuidam
514 1065 643 1137 religioso
666 1064 718 1119 civi
737 1062 915 1128 Tornacensi,

118 1156 229 1211 nomine
258 1155 388 1222 Rainero,
428 1171 482 1211 nou
514 1155 670 1219 dormienti,
703 1152 751 1207 sed
783 1151 914 1223 vigilanti.

119 1245 242 1316 Cumque
253 1244 298 1299 ille
313 1245 395 1298 uineis
409 1242 569 1315 perterritus
584 1259 618 1297 an
631 1243 689 1311 ipse
704 1248 774 1295 esset
788 1239 917 1294 dominus

117 1332 272 1398 Tetberlus,
287 1339 314 1386 ct
327 1332 468 1401 quomodo
482 1348 511 1386 se
527 1331 639 1386 haberet
652 1329 809 1402 inquireret,
825 1328 916 1398 ipsum

120 1437 152 1477 se
163 1438 225 1477 esse
236 1421 386 1492 respondit,
402 1430 430 1475 et
444 1437 478 1476 ne
489 1421 595 1475 timeret
607 1418 758 1482 admonuit,
775 1432 807 1473 ac
817 1415 916 1471 deinde

116 1510 258 1580 subjunxit
275 1529 280 1564 :
307 1530 318 1560 r
336 1510 366 1564 ln
383 1509 522 1566 tormentis
535 1508 643 1580 quidem
660 1523 719 1562 sum
735 1521 783 1576 pro
798 1506 916 1576 pcccatis

970 454 1060 494 nonne
1085 437 1182 492 merito
1202 451 1310 506 possum
1335 429 1497 494 contristari,
1520 443 1581 482 cum
1605 441 1653 480 vos
1681 423 1765 478 sciam

969 528 1051 583 hodie
1073 541 1123 597 pro
1142 541 1188 580 me
1213 524 1240 578 in
1255 522 1360 577 inlerno
1381 521 1538 574 demersum
1564 514 1647 570 esse‘?
1666 513 1764 568 Nonne

970 616 1083 672 audistis
1108 615 1179 684 quod
1201 612 1246 683 qui
1267 610 1427 680 prebendas
1446 614 1546 670 aurunt,
1575 603 1619 659 vel
1633 601 1763 667 vendunt,

970 701 1196 758 excommunicati
1221 701 1310 755 sunt?
1339 699 1419 754 Certe
1441 691 1608 764 videtequid
1627 689 1765 746 deanima

970 800 1056 847 vestra
1068 790 1184 855 lacialis3
1196 806 1257 843 naur
1269 804 1312 842 me
1322 786 1415 841 scietis
1425 783 1503 840 citius
1513 781 1547 836 de
1560 783 1611 836 hac
1624 777 1765 850 provincia

969 895 1146 950 egressurum
1161 893 1241 949 qnam
1261 877 1295 932 de
1310 890 1344 930 ee
1359 880 1550 929 comesturum.
1569 893 1579 917 n
1610 867 1765 922 Admiratus

969 983 1050 1037 super
1061 967 1101 1022 lris
1111 977 1187 1039 peter
1204 986 1210 1021 :
1228 989 1238 1014 α
1258 965 1316 1026 Fili,
1332 962 1426 1033 iuquit,
1444 978 1477 1015 ne
1488 957 1605 1029 arnplius
1619 956 1765 1025 superhoc

969 1057 1148 1123 contristeris,
1165 1055 1231 1126 quia
1246 1062 1328 1110 testor
1339 1054 1424 1108 Deum
1440 1059 1466 1105 lc
1481 1062 1616 1119 nunquam
1632 1060 1693 1100 eam
1707 1059 1766 1098 arrr-

969 1145 1039 1217 plins
1067 1145 1261 1200 habiturum..
1289 1143 1371 1208 Dixit,
1396 1140 1539 1208 statimque
1561 1135 1689 1206 episcopo
1718 1147 1763 1187 re-

969 1235 1106 1289 mandavit
1128 1242 1156 1288 ut
1179 1233 1213 1288 de
1230 1232 1377 1304 praebenda
1401 1244 1449 1283 sua
1469 1229 1569 1282 laceret
1585 1222 1657 1294 quod
1671 1221 1763 1286 vellet,

969 1323 1100 1395 quoniam
1116 1322 1187 1379 lilius
1202 1338 1265 1376 snus
1281 1337 1343 1376 eam
1357 1319 1457 1374 hahere
1477 1316 1569 1371 nollet.

1006 1415 1050 1467 ul.
1066 1411 1169 1466 Eodem
1181 1426 1251 1466 anno
1266 1408 1402 1466 liadnllus
1411 1406 1487 1461 lehre
1500 1403 1664 1460 validissima
1678 1415 1765 1470 usqne

969 1501 1004 1556 ad
1015 1510 1129 1555 mortem
1138 1517 1207 1570 pene
1216 1507 1368 1569 correptus,
1376 1497 1421 1551 uhi
1432 1496 1488 1550 Deo
1499 1493 1609 1550 volente
1618 1489 1764 1554 convaluit,

116 1599 197 1666 meis,
218 1606 245 1653 et
268 1596 383 1654 inarime
401 1613 451 1669 pro
475 1612 507 1652 co
531 1596 602 1666 quod
631 1604 690 1666 post
718 1595 820 1650 obitum
847 1610 915 1649 con·
969 1590 1113 1661 quemdam
1129 1590 1303 1653 monachum,
1325 1584 1613 1648 nomineWalterum,
1642 1578 1767 1650 conjugis

114 1687 191 1760 jugis
215 1702 283 1742 nreae
305 1687 483 1742 concubinam
503 1686 605 1748 hahui;
632 1684 680 1739 sed
703 1682 915 1738 misericordiam
930 1703 957 1765 B
971 1696 1028 1734 suae
1042 1694 1204 1750 germanum
1220 1677 1305 1732 virum
1317 1674 1557 1746 prudentissimum
1572 1676 1675 1725 secrete
1690 1667 1765 1733 adiit,

117 1775 236 1840 habebo,
248 1776 313 1846 quia
324 1774 423 1842 injuste
434 1773 544 1829 occisus
555 1789 617 1827 sum
628 1788 676 1843 pro
687 1769 814 1826 hdehtate
823 1769 915 1825 domi-
971 1776 1000 1823 et
1013 1768 1047 1823 de
1062 1768 1147 1822 salute
1161 1767 1259 1822 animm
1279 1782 1334 1820 sure
1350 1764 1489 1819 consulere
1505 1761 1545 1816 his
1560 1759 1651 1814 verbis
1666 1756 1764 1826 coepit:

115 1863 213 1919 nimai
232 1863 363 1934 episcopi,
388 1871 415 1917 et
438 1869 548 1917 sanetus
564 1875 670 1932 quoque
690 1859 913 1924 Bartholomaeus,
973 1858 1069 1912 «Cum
1085 1857 1166 1912 iidem
1181 1857 1238 1911 Deo
1257 1853 1378 1909 debeatis
1393 1853 1462 1907 sicut
1477 1849 1633 1914 monachus,
1661 1844 1767 1902 etmihi

114 1950 320 2020 incujnslesto
340 1949 572 2006 interlcotnssum
591 1948 834 2016 adiutormihiest,
864 1962 914 2018 pro
970 1945 1228 2002 sicntsororistnae
1248 1943 1354 2006 marito,
1378 1958 1427 2013 per
1441 1939 1564 1995 eamdem
1589 1935 1768 2007 iidemquam

40 2088 42 2095 .
113 2039 236 2110 eoquod
254 2055 317 2094 eum
345 2038 649 2094 inhoramortismeee
672 2037 808 2092 invocavi.
837 2038 913 2108 llogo
970 2036 1027 2090 Duo
1040 2043 1066 2089 ct
1081 2032 1147 2089 milri
1163 2032 1279 2098 debetis,
1304 2048 1354 2088 ros
1368 2031 1488 2086 obtestor
1507 2035 1535 2082 ut
1549 2028 1614 2081 nrihi
1630 2024 1767 2096 quomodo

114 2144 182 2199 ergo
196 2135 222 2183 te
237 2134 266 2181 ut
290 2127 324 2182 ad
341 2126 437 2182 lratres
453 2143 539 2193 meos,
563 2134 590 2181 et
604 2124 675 2180 lilios
689 2140 802 2197 pergas,
831 2133 912 2193 utque
954 2112 1059 2180 ¹salvus
1079 2121 1143 2177 ham
1167 2121 1332 2182 consulatis,
1363 2136 1449 2191 nuper
1472 2117 1544 2174 enim
1564 2125 1709 2187 egrotans,
1741 2121 1769 2168 et

113 2232 163 2288 pro
186 2217 275 2272 anima
291 2231 352 2270 mee
377 2231 473 2270 necem
492 2230 580 2269 meam
598 2214 725 2268 Fastrado
741 2212 910 2285 indulgeant,
966 2211 1036 2266 mori
1061 2214 1168 2275 timens,
1189 2210 1334 2266 consilinm
1360 2226 1376 2264 a
1400 2206 1538 2264 canonicis
1552 2206 1658 2261 Senotae
1675 2201 1767 2257 llariae

112 2319 164 2360 nco
178 2320 223 2358 me
238 2303 349 2358 ulterius
361 2302 454 2359 ulcisci
465 2311 585 2374 quaerent
599 2318 631 2357 ex
646 2310 722 2373 parte
738 2317 799 2356 mea
814 2303 912 2371 depre·
966 2300 1093 2371 quaesivi,
1110 2309 1135 2354 et
1148 2299 1186 2353 illi
1199 2299 1264 2352 milri
1281 2297 1485 2360 consuluerunt,
1508 2303 1536 2350 ut
1553 2293 1682 2349 veraciter
1695 2306 1765 2346 con-

113 2391 195 2455 ceris,
211 2391 338 2461 quoniam
355 2390 377 2445 si
393 2393 444 2446 hoc
459 2391 581 2456 fecerint,
603 2390 716 2445 multum
731 2390 828 2445 animae
843 2407 912 2446 meae
964 2388 1057 2443 litarer
1071 2397 1182 2459 peccata
1198 2403 1267 2453 mea,
1284 2403 1383 2457 eorpus
1396 2385 1502 2441 Domini
1519 2383 1682 2453 acciperem,
1700 2380 1766 2435 oleo

116 2479 281 2536 adsalutem
297 2479 504 2551 promerendam
520 2479 651 2549 proderit.
675 2500 687 2529 ι
720 2479 910 2549 Respondentc
965 2485 1062 2533 sancto
1091 2492 1218 2547 ungerer,
1245 2485 1272 2531 et
1299 2475 1405 2530 salvum
1433 2489 1477 2528 me
1502 2472 1623 2527 [uturum
1652 2484 1765 2524 securus

114 2584 179 2624 vero
195 2568 310 2624 llainero
326 2583 354 2623 se
370 2567 478 2637 quidem
494 2568 619 2623 mandata
632 2567 692 2637 ejus
711 2567 751 2622 eis
765 2567 908 2634 dicturum,
963 2581 1064 2621 essem.
1083 2565 1145 2621 Feci
1161 2565 1232 2636 quod
1248 2564 1441 2620 consuluerunt
1465 2580 1471 2616 :
1497 2561 1545 2616 scd
1560 2560 1607 2614 ubi
1623 2556 1761 2623 convalui,

111 2657 160 2712 scd
171 2656 232 2713 illos
248 2656 300 2711 sihi
316 2656 426 2712 minime
440 2656 599 2721 credituros,
629 2656 771 2712 defunctus
785 2656 909 2727 protinus
963 2670 1112 2709 rursusme
1138 2654 1255 2725 peccatis
1277 2655 1365 2708 sentio
1386 2653 1546 2722 obligatum,
1576 2656 1603 2703 el
1622 2650 1674 2703 hoc
1696 2644 1764 2700 milri

112 2745 137 2800 ai
151 2745 223 2800 inter
237 2745 326 2816 signe,
347 2761 408 2817 quae
422 2745 567 2814 unicnique
582 2744 683 2800 diceret
698 2745 824 2815 injunxit,
853 2746 908 2800 sic·
962 2758 1016 2798 nou
1041 2743 1147 2797 videtur
1166 2758 1234 2798 vera
1257 2758 1319 2797 esse
1338 2741 1484 2805 consessio,
1512 2737 1620 2809 qnando
1642 2733 1768 2790 inlirmor

111 2849 165 2905 que
189 2833 329 2904 disparuit.
359 2833 408 2888 llle
437 2849 502 2888 vero
531 2833 565 2888 ad
588 2850 736 2904 garmanos
750 2832 868 2889 defuncti
881 2843 908 2889 et
961 2826 1646 2902 peccataconlrteri,quandoconvalescopacoalis
1669 2823 1768 2880 iterum

110 2923 181 2977 lilios
195 2921 318 2986 veniens,
334 2920 464 2976 mandate
479 2922 537 2989 cius
552 2921 594 2977 eis
609 2921 725 2992 aperuit,
744 2921 823 2994 signa
838 2923 906 2977 suh·
961 2921 1104 2976 sordidari.
1135 2920 1211 2976 Unda
1227 2934 1324 2990 precor
1337 2927 1449 2990 propter
1466 2918 1550 2972 Deum
1576 2925 1602 2970 ut
1616 2913 1682 2969 milri
1698 2912 1765 2984 qnid

108 3008 206 3080 iunxit,
222 3008 315 3080 sicque
329 3025 377 3064 eos
391 3009 426 3064 ad
441 3009 613 3065 concordiam
629 3011 764 3065 faciliores
778 3011 905 3066 reddidit.
965 3024 1049 3079 agere
1066 3008 1180 3064 debeam
1196 3008 1352 3064 consulatis.
1370 3008 1428 3062 »Et
1443 3005 1584 3077 respondit
1598 3002 1767 3058 monachus:

112 3097 192 3156 Unde
211 3104 273 3168 post
298 3096 404 3168 aliquot
417 3112 504 3152 annos
528 3098 676 3154 Festredus
695 3099 776 3153 trudis
796 3099 910 3169 pedibus
926 3057 951 3121 C
970 3120 982 3146 s
1000 3097 1035 3152 Et
1060 3097 1123 3168 quid
1139 3098 1219 3152 vohis
1241 3096 1364 3168 proderit
1385 3095 1529 3152 eonsilium
1545 3108 1635 3150 meum
1659 3091 1770 3157 andire,

114 3201 179 3242 oum
195 3184 288 3240 amicis
304 3185 370 3254 suis,
388 3185 504 3255 pedihus
519 3201 612 3241 eorum
628 3186 794 3257 provolutus,
811 3193 837 3242 et
852 3187 915 3241 ami·
968 3202 1030 3242 eum
1045 3185 1110 3240 illud
1123 3186 1214 3241 nolitis
1226 3187 1316 3241 lacere
1331 3187 1345 3238 ’ἰ
1355 3215 1390 3225 -
1403 3184 1563 3248 Consilium,
1580 3182 1666 3254 inquit
1680 3180 1768 3248 nriles,

113 3273 205 3330 citiam
224 3289 329 3341 eorum,
353 3280 378 3328 et
407 3272 594 3328 haereditatem
618 3290 697 3328 suam
723 3275 758 3329 ab
784 3275 915 3345 episcopo
971 3275 1062 3339 dicite,
1075 3275 1132 3330 etsi
1145 3275 1275 3330 illudnon
1287 3275 1450 3339 lecero,non
1468 3273 1544 3328 vohis
1556 3271 1740 3342 imputabitur.
1755 3293 1767 3317 ι

112 3362 225 3432 recepit.
237 3362 290 3417 Pro
304 3360 512 3417 confirmatione
522 3377 585 3417 vero
600 3361 727 3418 amicitie
742 3363 824 3418 liliam
837 3381 916 3420 suam
971 3364 1047 3419 Tunc
1063 3366 1211 3420 monachus
1236 3378 1243 3418 :
1268 3387 1279 3412 ι
1298 3365 1327 3417 ln
1343 3363 1463 3427 veritato,
1490 3362 1585 3433 inquit,
1610 3360 1672 3415 dico
1689 3359 1769 3413 vohis

43 3484 47 3495 ·
115 3452 222 3509 Sarrum
249 3450 423 3521 Goscegnino
447 3448 503 3505 lilio
522 3449 681 3507 Theoderici
704 3447 918 3523 monetariae)
972 3453 1045 3524 quod
1064 3454 1182 3523 quandiu
1206 3453 1233 3506 in
1248 3453 1348 3508 saeculo
1363 3452 1483 3506 vixeritis
1497 3451 1564 3505 sicut
1578 3449 1768 3504 hactenusvi-

119 3539 166 3610 qui
194 3539 452 3610 luerat-germanus
474 3539 605 3606 Telberti,
636 3540 766 3612 conjugio
793 3540 916 3596 sociavit.
974 3542 1060 3609 tristis,
1089 3557 1143 3596 rron
1163 3541 1394 3612 videoquomodo
1419 3541 1516 3595 salvari
1537 3538 1653 3609 possitis.
1681 3535 1769 3592 sodsi

53 3628 59 3639 '
118 3626 220 3700 Viginti
244 3627 325 3681 etiam
346 3628 430 3682 libras
452 3644 634 3692 nummorum,
666 3645 732 3700 quas
752 3629 786 3682 ah
812 3645 846 3684 co
869 3644 919 3701 pro
974 3646 1069 3685 revera
1093 3630 1185 3685 salvus
1202 3646 1262 3685 csse
1286 3629 1378 3696 vultis,
1407 3629 1535 3686 saeelum
1552 3627 1713 3697 relinquite;
1743 3633 1771 3681 et

119 3715 268 3773 concordia
282 3725 448 3787 acceperunt
463 3718 561 3772 iratres
576 3715 669 3783 occisi,
688 3717 808 3787 protinus
822 3717 920 3773 Sancto
976 3719 1156 3774 monasticam
1172 3719 1257 3772 vitam
1272 3719 1410 3772 assumite.
1426 3748 1462 3758 —
1477 3718 1511 3772 Et
1525 3717 1671 3787 quomodo,
1685 3715 1772 3785 iuquit

121 3805 236 3861 hlertiuo
251 3805 396 3861 dederunt.
977 3807 1066 3873 miles,
1093 3807 1146 3863 hoc
1170 3808 1269 3862 luciam
1284 3807 1343 3861 sine
1356 3807 1461 3861 licentia
1476 3805 1577 3861 sororis
1590 3811 1687 3859 vcstrae
1701 3819 1772 3859 cou-

157 3894 202 3949 60.
219 3894 281 3948 l’ost
299 3893 360 3950 haec
375 3894 508 3950 lladullns
522 3893 642 3951 Tetherti
657 3910 815 3967 germanus,
845 3897 922 3965 puel·
975 3895 1050 3967 jugis
1063 3897 1177 3951 meatu
1196 3896 1264 3950 Tum
1277 3895 1445 3950 monachus:
1466 3918 1477 3943 a
1495 3896 1560 3950 Cum
1576 3892 1718 3957 Dominus,
1734 3893 1774 3946 in·

41 4056 52 4065 .
123 3981 180 4038 lam
206 3981 351 4052 quemdam
373 3984 517 4054 conjugem
539 3983 647 4054 accepit
669 3983 869 4048 hlainsendom,
890 3984 924 4038 dc
978 3985 1045 4055 quit,
1056 3984 1082 4038 in
1094 3983 1320 4056 Evangelioelicat
1332 4003 1337 4038 :
1349 3985 1380 4040 Si
1394 3984 1456 4057 quis
1471 3985 1546 4040 venii
1559 3983 1659 4046 adare,
1673 3987 1700 4037 et
1716 3996 1774 4037 non

124 4070 257 4125 militibus
268 4071 413 4141 provinciae
423 4072 554 4144 genitam,
566 4071 648 4126 liliam
659 4072 763 4128 seilicet
777 4072 925 4128 Hernranni
979 4073 1037 4130 odil
1044 4077 1166 4144 putrem,
1178 4077 1205 4128 et
1216 4077 1346 4141 rnnlrcm,
1358 4077 1527 4138 clusorem,
1539 4076 1567 4128 et
1577 4072 1776 4143 filiospropler

124 4158 265 4232 praepositi
275 4159 366 4214 Sancti
380 4159 495 4214 rimandi
512 4159 710 4229 llelnonensis,
726 4161 876 4233 genuitque
892 4178 925 4216 cx
980 4176 1092 4217 rrornem
1114 4177 1219 4226 narreris,
1239 4177 1296 4218 nort
1321 4165 1413 4233 polest
1433 4177 1511 4217 inens
1536 4176 1595 4216 esre
1617 4160 1774 4231 discipules

124 4249 158 4305 ee
183 4256 236 4302 tres
250 4244 329 4313 filios,
359 4246 560 4303 Theodericum
576 4246 691 4314 scilicet,
718 4248 879 4313 Walterum,
900 4254 927 4304 et
982 4248 1207 4322 (thermi),
1227 4272 1237 4298 e
1265 4265 1401 4319 nunquam
1424 4249 1564 4305 consulam
1583 4249 1660 4303 vohis
1684 4256 1776 4317 utpro

125 4335 330 4400 Hermannum,
361 4351 475 4404 quorum
496 4335 613 4407 primum
629 4336 824 4392 Theodericum
845 4339 927 4409 quin·
982 4353 1078 4393 sorore
1101 4353 1163 4393 mee
1187 4337 1306 4393 animam
1323 4346 1439 4393 vestram
1467 4337 1585 4409 perdetis
1610 4354 1616 4391 :
1639 4336 1775 4392 licentiam

126 4440 267 4495 quendem
292 4422 387 4478 litteris
410 4423 566 4480 docendum
589 4424 708 4491 tradidit,
732 4434 757 4481 et
772 4426 924 4483 iuecclesia
939 4415 965 4475 D
981 4435 1082 4482 tantum
1107 4427 1140 4481 ab
1162 4444 1194 4482 ea
1214 4428 1336 4498 quaerite,
1365 4444 1445 4500 quum
1470 4429 1492 4482 si
1507 4428 1551 4482 illa
1567 4424 1775 4491 nolueritdare,

129 4514 158 4572 S.
188 4513 279 4568 llariae
308 4512 481 4584 praebendam
510 4528 592 4566 unam
621 4513 646 4568 ei
666 4514 722 4568 dari
750 4515 925 4572 suadentibus

129 4602 271 4659 canonicis
293 4601 473 4673 abepiscopo
492 4601 605 4657 llabodo
624 4603 700 4673 petiit
720 4613 746 4658 er
761 4604 923 4674 impetravit,

129 4688 268 4763 promissis
283 4689 307 4744 ei
323 4698 434 4761 propter
448 4704 508 4744 eam
524 4704 582 4744 xxx
599 4691 696 4746 mareis
710 4693 824 4764 argenti.
846 4692 926 4762 Quod

54 4854 57 4859 .
129 4778 178 4833 ubi
202 4792 288 4848 puero
310 4793 326 4832 a
350 4778 487 4834 canonicis
509 4779 757 4851 congratulantibus
778 4781 806 4836 in
830 4783 926 4838 schola

130 4866 282 4922 nuntiatum
300 4874 350 4934 cst,
378 4866 424 4922 ille
448 4883 565 4938 vespere
586 4868 655 4924 lacto
670 4868 779 4924 domum
800 4886 926 4926 reversus

132 4970 244 5010 coenarc
268 4955 365 5023 noluit,
394 4955 442 5010 sed
457 4955 537 5010 tristis
551 4956 585 5011 ad
601 4973 721 5012 mansam
736 4958 823 5021 scdit;
849 4968 926 5029 peter

128 5058 194 5100 raro
209 5050 310 5114 putans
321 5059 382 5098 eum
398 5059 449 5116 pro
459 5059 535 5100 more
550 5060 697 5116 puerorum
713 5045 795 5101 luisse
806 5046 927 5103 verbera·

129 5137 186 5188 tum
202 5133 376 5206 amagistro,
405 5131 480 5188 linita
494 5149 572 5190 coena
592 5133 670 5190 duxit
692 5150 753 5191 enm
769 5151 785 5191 a
801 5144 878 5208 parte
900 5144 927 5193 et

128 5219 194 5293 quid
212 5221 325 5277 haberet
338 5234 421 5278 curve
436 5221 520 5277 tristis
540 5229 612 5280 esset
627 5222 762 5297 quaesivit.
791 5223 839 5280 Cui
860 5239 929 5297 puer

980 4515 1093 4571 consulo
1107 4523 1135 4571 ut
1149 4532 1181 4571 ea
1197 4516 1299 4582 relicta,
1325 4527 1456 4586 perteque
1470 4515 1627 4571 substantie
1644 4522 1739 4569 vestrm
1750 4512 1775 4568 ei

979 4603 1102 4670 diruisse,
1120 4604 1154 4659 ad
1172 4606 1255 4659 licum
1268 4605 1387 4676 fugiatis.
1407 4628 1418 4653 ι
1436 4606 1484 4659 llis
1499 4605 1606 4670 audilis,
1623 4604 1700 4658 miles
1714 4617 1776 4673 gre-

980 4693 1033 4748 tias
1048 4694 1073 4749 ei
1088 4711 1183 4765 egeus,
1198 4693 1309 4748 domum
1323 4694 1476 4758 revertitur,
1493 4695 1688 4767 ingressusque
1703 4689 1777 4746 cubi·

979 4783 1069 4838 culum
1094 4791 1121 4837 et
1136 4782 1234 4837 lectulo
1256 4781 1378 4836 residens
1405 4783 1574 4837 aurarissime
1588 4783 1655 4836 llere
1671 4780 1773 4850 incipit.

980 4871 1143 4926 hlainsendis
1154 4871 1349 4940 superveniens
1364 4887 1480 4941 cumque
1496 4871 1535 4925 sio
1549 4870 1658 4925 llentem
1669 4871 1774 4936 videns,

982 4961 1046 5030 quid
1071 4959 1134 5015 novi
1154 4959 1282 5015 acciderit
1299 4960 1371 5015 unde
1393 4976 1422 5015 se
1447 4960 1481 5013 ila
1505 4959 1637 5014 cruciaret
1655 4957 1774 5028 inquirit.

983 5048 1044 5105 l'nlt
1058 5047 1102 5103 illc
1117 5045 1216 5113 celare,
1233 5048 1292 5114 scd,
1307 5047 1354 5104 illa
1368 5047 1447 5103 nimis
1462 5049 1587 5112 instante,
1608 5046 1700 5102 omnia
1714 5062 1776 5117 qnae

982 5151 1127 5209 germanus
1149 5137 1209 5208 ejus
1228 5136 1346 5192 domnus
1367 5137 1522 5205 Gualterus,
1551 5136 1642 5193 Sancti
1660 5136 1776 5191 amandi

982 5226 1132 5282 monachus
1146 5235 1172 5284 et
1185 5226 1361 5300 praepositus,
1372 5225 1480 5284 dixerat
1492 5224 1616 5282 revolvit.
1629 5225 1697 5282 Tum
1712 5225 1773 5282 illa:

129 5484 133 5489 .
157 5441 217 5514 (tt)
244 5443 405 5501 lloneterii.
434 5444 476 5503 llo
497 5445 570 5517 quod
589 5445 750 5518 presidebat
771 5453 897 5515 monela,
927 5463 1009 5520 quern
1030 5447 1171 5522 Philippus
1199 5450 1308 5526 Aegia
1322 5449 1390 5506 urhe
1404 5450 1520 5509 Tomac.
1541 5450 1702 5510 instituerat.
1736 5454 1773 5508 lta

124 5511 349 5572 eonsuetuotnes
368 5516 484 5574 Tornoc.
