3728 6000
110 261 142 316 lb
481 260 526 316 ut:
546 257 839 317 abstinentibus
857 256 1012 316 uuoltin
1031 261 1059 317 S.
1081 258 1225 316 struunt
1244 258 1394 320 tonnae.
1728 272 1760 326 ld

110 395 255 444 sueverant
284 387 310 442 in
339 387 454 442 alterum
482 387 569 443 virum
602 393 719 441 mutatus
756 392 903 455 putaretur,
919 387 1089 457 Aquoniam
1105 386 1247 457 probatum
1270 388 1407 460 longeque
1429 388 1595 447 diffamalmn
1615 395 1759 465 erat,ejus

109 478 210 547 vixque
221 477 281 547 jam
297 476 422 531 amultis
436 483 693 548 recognosceretur.
714 474 796 529 Fama
820 473 908 544 proti-

108 582 158 621 nus
181 581 233 636 per
256 572 340 620 totam
364 564 543 620 circumvolat
566 563 722 635 regionem,
748 562 909 632 quantocius

108 656 328 712 renuntiaturum
343 657 444 710 saeculo
459 669 592 727 maguum
607 651 742 718 Orionem,
760 651 831 705 unde
844 667 910 723 qua·

107 754 167 801 tuor
180 760 216 801 ex
231 745 294 815 ejus
308 742 416 800 clericis
431 743 520 813 ipsum
546 749 691 813 sequentes
713 741 791 813 cique
813 739 908 795 adue-

107 845 210 897 rentes,
226 833 387 906 promittunt
411 834 437 888 ei
462 847 624 904 quocunque
643 829 702 897 iret,
718 846 747 885 se
760 845 821 886 enm
837 829 909 884 indi·

107 924 250 982 visibiliter
266 923 324 978 lore
339 930 490 988 secuturos,
507 929 533 977 et
548 920 584 976 ab
598 936 632 976 eo
645 934 804 991 responsum
834 918 909 974 acci-

107 1015 185 1087 piunt
216 1011 291 1083 quod
314 1010 380 1066 nihil
406 1010 506 1066 laceret
527 1009 631 1082 absque
655 1025 747 1065 eorum
772 1006 909 1064 communi

108 1118 234 1158 asscmn.
251 1101 309 1157 ilos
323 1108 416 1156 auteur
433 1099 474 1155 his
488 1099 643 1154 nominibus
657 1099 807 1170 appellatos
823 1097 911 1153 luisse

108 1192 268 1263 accepimns
283 1207 290 1246 :
307 1188 368 1245 Odo
394 1189 481 1243 abbas
495 1186 573 1259 cujus
587 1185 789 1242 anniversarius
802 1194 844 1242 est
857 1200 910 1241 xur

107 1277 248 1334 llalendas
266 1275 348 1346 Julii3
365 1275 520 1337 Gerbertus.
532 1274 578 1347 qui
593 1289 621 1329 tv
635 1273 698 1329 ldus
711 1274 814 1345 Aprilis
828 1273 909 1343 obiit;

107 1365 252 1433 ttuduttus,
277 1366 325 1439 qui
348 1373 375 1421 et
399 1364 503 1435 ipserv
517 1362 655 1419 Kalendas
669 1362 772 1431 blanii;
798 1361 910 1417 Willel-

108 1473 179 1524 mus,
191 1455 239 1527 qui
252 1455 363 1512 decimo
371 1452 486 1509 llalend.
498 1453 561 1508 llaii
571 1452 652 1515 obitu
664 1450 822 1508 Lamlridus
832 1452 912 1525 quin·

106 1555 159 1611 tus,
188 1561 286 1602 eorum
313 1544 425 1610 socius,
456 1543 522 1616 luga
551 1542 646 1614 lapsus
675 1541 762 1614 periit.
785 1541 911 1598 Protinus

106 1634 222 1691 abbates
246 1634 328 1690 totius
346 1632 506 1704 provincias,
531 1640 585 1687 tam
610 1632 809 1687 monachorum
829 1647 911 1704 quam

964 475 1150 530 misericordia
1173 478 1347 548 quamplures
1370 479 1429 549 jam
1452 493 1560 536 sanatos
1580 480 1661 538 luisse
1675 483 1704 538 in
1717 500 1758 540 ea.

963 564 1017 618 Sed
1032 580 1094 619 cum
1112 565 1169 636 ipse
1184 567 1299 621 ecclesia
1318 584 1412 624 eorum
1435 570 1604 626 multitudiue
1625 572 1681 641 iam
1706 588 1760 628 un·

963 652 1044 724 dique
1067 653 1165 709 luisset
1186 656 1298 725 repleta,
1329 658 1496 731 nimiumque
1526 660 1637 717 lotorem
1666 669 1759 733 utpote

963 758 1103 799 succensae
1117 743 1208 799 carnis
1222 746 1357 815 humanu,
1374 749 1428 814 vel,
1444 757 1473 803 ut
1487 748 1626 805 decentius
1650 750 1757 823 loquar,

963 831 1084 888 uiderem
1097 832 1153 900 iam
1168 831 1256 887 nullus
1270 851 1340 906 pene
1355 835 1565 908 ingredientium
1580 838 1693 896 sufferre
1708 856 1758 896 va-

963 920 1040 990 leret,
1057 921 1219 978 necessitate
1233 923 1367 995 compulsi
1383 926 1502 982 canonici
1519 936 1706 998 prceceperunt
1730 938 1758 986 ut

963 1026 1077 1083 quorum
1090 1010 1147 1080 jam
1164 1011 1279 1082 pedibus
1294 1014 1443 1069 combustis
1459 1015 1529 1072 tibiae
1543 1032 1683 1074 succensa
1697 1019 1759 1076 luc·

964 1108 1034 1165 rant,
1056 1099 1232 1172 sanitatisque
1256 1116 1349 1157 eorum
1372 1103 1444 1158 nulla
1468 1120 1532 1175 spes
1558 1116 1705 1177 supererat,
1725 1106 1760 1164 do

963 1188 1021 1260 ipsa
1035 1189 1150 1244 ecclesia
1165 1189 1337 1260 ejicerentur.
1359 1191 1404 1248 Sic
1422 1192 1512 1265 itaque
1527 1193 1615 1265 ejecti,
1630 1197 1760 1267 quoniam

964 1293 1015 1333 nec
1030 1276 1057 1332 in
1073 1278 1132 1332 aliis
1143 1279 1344 1350 parochialibus
1356 1280 1480 1337 ecclesiis
1493 1299 1543 1354 pro
1558 1284 1654 1340 eedem
1667 1285 1762 1342 intole-

966 1366 1047 1422 rabili
1076 1366 1170 1423 nidore
1200 1368 1409 1439 recipiebantur,
1435 1370 1470 1426 ad
1502 1371 1639 1443 prelatum
1668 1373 1762 1432 Sancti

965 1455 1073 1511 lllartiui
1088 1456 1269 1523 ecclesiolam,
1286 1465 1379 1529 utpote
1394 1475 1508 1516 vacuam
1528 1470 1553 1517 et
1569 1463 1728 1533 solitariam,
1745 1480 1762 1521 a

963 1544 1095 1615 proximis
1122 1546 1180 1601 suis
1207 1545 1409 1615 deferebantur,
1426 1549 1518 1623 ibique
1541 1551 1665 1622 ejusdem
1689 1552 1762 1625 iguis

964 1633 1070 1688 ustione
1087 1633 1194 1689 tandem
1210 1633 1330 1691 dcluncti
1346 1637 1561 1708 sepeliebantur.
1582 1639 1664 1709 Cujus
1677 1642 1761 1712 pestis

106 1725 304 1782 canonicorum
326 1722 464 1794 sigillatim
488 1719 641 1777 Turnacum
670 1719 826 1786 adveniunt,
847 1735 908 1775 ma·
923 1749 950 1809 B
963 1722 1129 1778 immanitate
1151 1733 1292 1794 permotus
1313 1727 1485 1796 supradictus
1500 1728 1629 1784 liaberlus
1644 1745 1761 1787 venera-

106 1811 416 1888 gistrnmqueOdoncm
432 1819 458 1866 et
472 1810 531 1880 ejus
556 1809 646 1865 socios
668 1809 702 1864 ad
727 1824 805 1864 suem
821 1825 909 1865 unus-

107 1904 225 1976 quisque
253 1901 399 1958 eeclesiam
424 1901 532 1956 invitat.
558 1898 670 1954 Clericis
699 1914 765 1956 vero
785 1898 908 1971 magistri

106 1993 303 2050 canonicorum
335 1991 424 2064 magis
451 2005 533 2060 quarn
560 1989 757 2045 monachorum
784 1987 909 2044 ordinem

106 2081 199 2154 placet
213 2095 367 2146 assumere,
385 2079 450 2151 qnia
464 2086 490 2134 et
504 2078 532 2133 iu
547 2077 740 2134 ecclesiasticis
759 2076 866 2143 officiis,
882 2085 910 2133 et

104 2171 132 2225 in
147 2170 308 2242 quotidiano
318 2168 392 2225 victu
407 2176 435 2223 et
450 2168 549 2224 vestitu
560 2165 682 2224 canomci
698 2164 908 2221 tolerabiliorem

105 2259 190 2315 ritum
213 2259 346 2315 ducerent
367 2273 449 2330 quern
472 2256 611 2312 monaehi.
634 2254 820 2326 Quamobrem
835 2270 909 2311 nunc

103 2348 138 2405 nd
162 2357 284 2404 mentun
303 2347 395 2403 Sancti
410 2345 504 2418 Eligii,
521 2361 592 2401 nunc
607 2359 673 2401 vero
688 2343 844 2410 Gauteuias,
861 2344 907 2403 ubi

102 2438 231 2495 canomci
261 2435 436 2492 districtioris
464 2435 525 2490 vita
551 2434 717 2501 manebant,
745 2432 908 2489 visitationis

102 2528 193 2602 gratia
218 2525 432 2598 proficiscentes,
448 2523 564 2580 sollicite
578 2522 763 2594 explorabant
778 2537 832 2592 quo
847 2522 907 2579 loco

104 2633 254 2674 remanere
269 2616 319 2672 sibi
333 2615 533 2687 competentius
547 2613 629 2679 locet,
645 2611 697 2669 sed
712 2610 805 2668 divina
817 2611 907 2683 dispo·

102 2707 167 2762 sitio
178 2708 239 2778 jara
253 2705 332 2762 aliter
344 2706 379 2761 de
394 2705 433 2761 eis
448 2704 633 2761 ordinaverat.

140 2800 171 2852 5.
194 2797 262 2851 Erat
289 2795 423 2866 siquidem
452 2802 514 2852 tunc
542 2793 671 2866 temporis
686 2801 763 2850 extra
778 2792 905 2865 ejusdem

103 2885 182 2943 urbis
207 2893 313 2957 portam
336 2884 514 2939 meridianam
536 2884 644 2941 modice
665 2882 791 2948 ccclesia,
809 2881 837 2936 in
851 2882 904 2937 bo·

103 2990 173 3030 nore
197 2973 270 3031 beati
295 2972 404 3029 llartiui
428 2971 457 3026 in
483 2978 575 3028 monte
603 2971 710 3028 modico
736 2976 902 3027 constructa.

964 1810 1025 1866 bilis
1053 1812 1211 1882 episcopus,
1229 1814 1310 1869 tutius
1324 1815 1474 1885 provinciae
1488 1817 1616 1888 populum
1632 1818 1667 1874 ad
1682 1836 1760 1876 earn-

963 1899 1026 1955 dcm
1043 1900 1149 1956 Sanctae
1164 1901 1259 1957 Merite
1280 1905 1446 1976 congregari
1467 1905 1531 1961 lecit
1555 1907 1707 1977 ecclesiam,
1725 1910 1763 1966 la·

964 1998 1062 2061 etoque
1090 1990 1193 2046 cunctis
1219 1991 1344 2063 generali
1371 2009 1506 2062 sermone,
1522 1997 1703 2067 omnibusque
1718 2000 1763 2055 ni·

963 2081 1048 2135 mium
1074 2079 1235 2151 perterritis,
1252 2080 1397 2153 plusquam
1422 2082 1496 2138 mille
1518 2083 1650 2153 juvenum
1665 2102 1760 2144 comas

963 2169 1088 2237 totondit,
1104 2177 1249 2240 vestesque
1264 2186 1313 2241 per
1328 2172 1597 2241 terramdelluentes,
1613 2183 1640 2230 et
1653 2175 1762 2233 libidini

963 2260 1149 2332 potiusquam
1165 2258 1317 2314 necessitati
1333 2261 1481 2317 servientes
1495 2263 1618 2333 praecidit
1635 2282 1642 2319 ε
1658 2265 1760 2323 deinde

962 2347 1096 2403 universis
1108 2364 1162 2403 una
1177 2347 1245 2403 leria
1259 2356 1334 2404 serta
1355 2349 1462 2422 integra
1485 2367 1571 2423 usquc
1596 2353 1632 2408 ad
1653 2363 1762 2411 noctem

958 2437 1095 2509 jejunare,
1111 2437 1148 2491 ita
1170 2445 1198 2492 ut
1220 2437 1299 2491 etiam
1329 2437 1454 2493 infantuli
1484 2441 1618 2497 nutricum
1647 2444 1762 2515 papillas

962 2542 1016 2582 non
1031 2532 1170 2596 sugerent,
1188 2526 1296 2580 indixit.
1318 2527 1456 2583 Praeterea
1469 2528 1497 2582 in
1511 2530 1633 2601 sequenti
1662 2540 1762 2590 sancte

960 2615 1048 2672 crucia
1062 2613 1233 2670 Exultatioue
1247 2614 1404 2670 uuiversum
1423 2616 1554 2687 populum
1571 2634 1633 2674 cum
1648 2629 1759 2679 sancto·

960 2721 1019 2761 rum
1046 2703 1207 2776 pignoribus
1235 2703 1315 2759 nudis
1331 2704 1445 2775 pedibus
1461 2713 1543 2762 totam
1558 2709 1655 2764 urbem
1669 2709 1758 2765 lorin-

960 2810 1040 2850 secus
1067 2793 1268 2864 processionem
1297 2792 1421 2850 iacieudo
1448 2795 1562 2852 circuire
1597 2799 1755 2865 constituit;

959 2883 1055 2954 sicque
1083 2882 1153 2936 iram
1181 2881 1287 2937 Domini
1313 2883 1340 2937 in
1369 2883 1585 2940 misericordiam
1598 2901 1758 2945 conversam

959 2970 1062 3042 experti
1091 2979 1154 3025 aunt
1182 2971 1282 3037 cuncti,
1299 2971 1393 3026 multis
1415 2989 1464 3043 pro
1486 2975 1708 3032 sacrationibus
1730 2987 1759 3034 et

103 3064 182 3120 lianc
196 3064 271 3119 lama
283 3062 447 3134 vulgaverat
469 3061 617 3132 antiquitus
645 3059 779 3115 abbatiam
808 3054 901 3128 luisse,
958 3060 1137 3131 elecmosynis
1153 3059 1242 3116 laetis.
1258 3060 1326 3129 Quae
1340 3062 1482 3131 processio
1491 3063 1518 3118 in
1529 3065 1643 3135 praeluta
1657 3075 1757 3126 senctae

102 3153 154 3209 sed
171 3161 292 3223 ternpore
311 3150 507 3222 persecutionis
521 3149 692 3207 Wandalicae
713 3165 774 3205 curn
796 3150 904 3204 caeteris
957 3150 1045 3204 erucis
1079 3149 1251 3205 lixeltatione
1280 3165 1331 3219 per
1358 3151 1483 3220 ejusdem
1513 3155 1588 3209 urbis
1615 3155 1755 3214 circuitum

102 3242 254 3298 Gallicanis
263 3241 387 3297 ecclesiis
402 3256 417 3294 a
431 3239 548 3311 paganis
557 3239 732 3304 destructam,
744 3237 777 3292 acl
788 3236 906 3291 nibilum
955 3239 1080 3308 usquein
1097 3238 1256 3293 hodiernum
1272 3239 1343 3294 diem
1359 3249 1481 3296 servatur
1495 3243 1544 3312 (ὅ),
1561 3242 1597 3296 ita
1612 3252 1641 3298 ut
1655 3244 1689 3301 de
1704 3246 1754 3301 cir·

102 3330 418 3401 devenissetquaedarn
441 3337 533 3384 umen
557 3325 907 3398 terraeelusiuprovincia
954 3328 1113 3399 cumpositis
1139 3328 1300 3399 regionibus
1323 3343 1520 3400 nonuunquam
1550 3332 1585 3385 ad
1611 3349 1671 3388 earn
1698 3334 1754 3392 lere

103 3426 307 3485 remanserant,
323 3433 382 3488 quae
397 3417 433 3473 ab
447 3417 575 3473 omuibus
597 3418 685 3472 adbuc
711 3424 790 3471 terite
812 3414 906 3471 Sancti
954 3425 1062 3473 centum
1078 3416 1163 3470 millia
1176 3416 1263 3485 plebis
1275 3415 1375 3471 diversi
1391 3433 1472 3473 sexus
1486 3427 1513 3473 et
1527 3422 1616 3475 celatis
1639 3437 1753 3494 congre·

100 3509 213 3566 Hartini
228 3508 409 3573 vocabantur,
424 3506 473 3561 sed
496 3505 522 3560 iu
548 3505 680 3560 laicorum
708 3519 804 3559 manus
818 3502 905 3559 deve-
954 3504 1017 3577 gari
1046 3505 1199 3569 videantur,
1217 3503 1268 3559 nisi
1284 3505 1354 3574 quod
1377 3504 1514 3576 jamnon
1538 3509 1617 3564 nudis
1639 3512 1754 3582 pedibus

101 3607 211 3663 oomni,
227 3597 273 3668 qui
288 3611 337 3652 eas
351 3595 378 3649 iu
394 3592 528 3650 beneficio
543 3593 577 3650 de
592 3608 674 3650 manu
689 3592 809 3662 episcopi
825 3598 906 3647 tene·
954 3611 1016 3650 eam
1048 3593 1158 3663 iaciunt,
1175 3592 1225 3648 sed
1241 3594 1331 3664 petius
1349 3593 1457 3664 milites,
1483 3605 1509 3651 et
1529 3597 1645 3667 juvenes
1672 3601 1752 3658 ludos

104 3687 183 3744 bant.
203 3687 268 3756 ipsa
285 3700 354 3741 uero
373 3681 521 3739 ecclesiola
546 3682 582 3738 ad
609 3689 710 3737 tanum
730 3679 903 3735 solitudinem
953 3689 1079 3739 exercent
1107 3681 1135 3736 in
1163 3698 1196 3738 eu
1222 3681 1392 3738 diversarum
1417 3685 1579 3755 sanitatum,
1604 3698 1630 3745 et
1654 3705 1751 3748 cursus

100 3775 192 3832 iuerat
203 3773 323 3840 redacta,
339 3780 367 3829 ut
382 3773 486 3828 nullum
500 3770 612 3828 omniuo
627 3769 704 3827 lieret
724 3769 751 3824 iu
776 3783 810 3824 ea
832 3767 904 3826 divi·
952 3788 1101 3844 equornm;
1130 3770 1246 3843 plusque
1268 3771 1328 3842 ipsa
1343 3771 1387 3828 dic
1402 3772 1438 3827 ibi
1454 3775 1607 3832 inveniatur
1634 3779 1750 3837 levitatis

99 3880 168 3921 num
189 3862 320 3929 odicium,
346 3860 475 3933 qnoniam
499 3876 549 3917 nec
572 3858 727 3931 presbyteri
749 3856 795 3928 qui
817 3872 903 3929 paro-
953 3877 1032 3932 quam
1053 3859 1204 3932 religionis,
1221 3859 1264 3914 vel
1279 3860 1444 3932 devotionis,
1461 3864 1588 3935 plurimis
1615 3869 1670 3936 jam
1698 3886 1749 3941 pro

100 3953 207 4011 cbiales
222 3951 354 4009 ecclesias
369 3949 494 4021 ejusdem
508 3948 581 4005 urbis
596 3949 734 4014 tenebant,
750 3946 904 4004 inermis·
952 3949 1125 4005 diuturnitate
1140 3949 1272 4020 temporis
1290 3948 1479 4022 ignorantibus
1507 3970 1561 4027 qua
1586 3959 1749 4016 necessitate

99 4060 158 4098 sam
182 4049 294 4099 cantara
315 4038 456 4108 volebant,
469 4046 563 4110 utpote
589 4037 666 4094 nullo
693 4035 903 4108 superveniente
952 4038 995 4094 rel
1007 4053 1089 4095 causa
1104 4037 1200 4094 eadem
1216 4040 1356 4108 processio
1372 4039 1454 4096 luerit
1468 4041 1596 4101 instituta.

100 4131 149 4205 qui
179 4131 219 4187 cis
247 4129 284 4184 ibi
311 4127 417 4200 aliquid
431 4126 548 4184 offerret.
569 4127 704 4198 Pauperes
718 4124 900 4193 solummodo,
986 4128 1013 4182 t.
1034 4127 1172 4183 Praelates
1187 4143 1254 4199 ergo
1268 4126 1391 4185 intirmcs
1410 4129 1555 4188 invisibilis
1569 4133 1643 4207 iguis
1657 4137 1750 4196 incen-

100 4221 145 4291 qai
170 4219 237 4275 nibil
260 4217 369 4291 penitus
390 4216 537 4284 habebant,
552 4222 578 4271 et
598 4215 693 4287 procul
717 4230 734 4270 a
756 4214 902 4286 ιιιοιιιίι4
951 4216 996 4271 dio
1024 4216 1212 4287 temperaliter
1237 4222 1435 4287 concrematos,
1461 4221 1520 4287 scd,
1544 4230 1573 4276 ut
1600 4226 1746 4294 credimus,

98 4309 172 4365 libus
186 4308 311 4364 ecclesiis
325 4306 425 4362 monui
447 4321 503 4361 non
526 4304 701 4361 inveniebant
723 4304 767 4374 qui
793 4319 842 4359 eos
866 4302 901 4358 ad
951 4306 1099 4375 apcccatis
1123 4305 1178 4360 suis
1201 4305 1298 4360 cedem
1320 4307 1453 4378 supplicio
1469 4321 1608 4383 purgatos,
1625 4330 1687 4371 cum
1702 4335 1748 4373 se·

99 4400 161 4455 illas
171 4399 301 4464 deferret,
311 4396 346 4451 ad
361 4397 441 4461 banc,
457 4395 519 4468 quia
533 4395 645 4466 propior
658 4401 726 4461 erat,
739 4393 899 4449 desereban·
950 4393 1042 4450 niores
1057 4394 1134 4448 urbis
1149 4394 1223 4450 cives
1236 4393 1359 4450 viderent
1374 4397 1407 4452 ad
1422 4399 1562 4469 praelatam
1577 4404 1748 4462 ecclesiolam

100 4498 151 4544 mr·
172 4488 301 4556 Tuncque
316 4485 510 4558 soporo-eniens
524 4482 662 4555 presbyter
676 4483 711 4538 de
723 4481 809 4538 vicina
829 4482 896 4537 Seu·
911 4478 936 4541 D
952 4484 980 4539 S.
999 4482 1107 4537 blartini
1121 4481 1233 4548 delerri,
1250 4487 1449 4554 compassionis
1474 4489 1662 4548 misericordia
1685 4512 1749 4565 per·

100 4580 133 4633 eti
149 4577 217 4632 Picti
232 4575 351 4632 ecclesia
365 4590 412 4630 eos
427 4573 588 4645 sepeliebat,
599 4580 625 4628 ct
639 4571 661 4627 si
677 4570 741 4642 quid
754 4571 790 4627 ab
805 4570 896 4641 aliquo
951 4573 1017 4627 moti
1034 4572 1167 4642 lacrymas
1182 4570 1341 4641 fundebant,
1357 4576 1492 4649 totiusque
1508 4579 1582 4634 urbis
1598 4584 1749 4639 thesaurum

100 4666 173 4723 fideli
189 4667 261 4722 som
274 4665 394 4721 oblatum
412 4663 516 4727 suisseg
533 4662 699 4734 asportabat,
951 4662 984 4716 ad
1001 4661 1028 4717 S.
1046 4661 1189 4714 blartiuum
1218 4660 1317 4716 del'crri
1347 4663 1480 4730 dicebant,
1496 4683 1646 4741 corumque
1661 4673 1750 4742 preci-

133 4760 160 4812 b.
183 4755 287 4812 Eodem
301 4763 425 4824 ternpore
448 4752 496 4807 illa
517 4752 597 4822 ignea
622 4751 777 4823 pestilentia
802 4749 896 4806 divino
950 4751 1001 4806 bus
1025 4750 1125 4805 ibidem
1153 4751 1320 4819 sepultorum
1344 4755 1502 4822 quamcitius
1520 4758 1663 4814 Dominum
1679 4763 1752 4832 ejus·

101 4845 203 4916 jndicio
226 4843 309 4899 nimis
332 4843 420 4915 ipsam
445 4841 617 4913 provinciam
641 4847 824 4911 oppresserat,
841 4855 898 4909 que
950 4840 1013 4894 dem
1036 4838 1162 4895 ecclesiae
1190 4838 1373 4911 miserturum,
1391 4859 1508 4915 eamque
1524 4855 1750 4921 restauraturum,

101 4936 279 5008 plurimorum
304 4933 390 5003 pedes
411 4930 542 4986 invisibili
563 4931 638 5002 igne,
655 4929 700 5001 qui
713 4928 784 5001 ignis
799 4927 898 4984 inserui
951 4929 1024 4984 lideli
1046 4929 1129 4982 corde
1144 4927 1355 5001 subjungebant.
1367 4933 1423 4987 Nec
1437 4933 1531 4990 lelellit
1548 4952 1596 4992 cos
1612 4940 1657 5010 pia
1671 4941 1750 4998 fides.

101 5025 259 5089 officitur,
273 5022 381 5094 publice
395 5019 517 5076 comburi
531 5019 702 5086 videbantur,
718 5019 897 5090 quamobrem
987 5016 1016 5068 8.
1037 5013 1131 5068 Vitalis
1160 5013 1239 5067 etiarn
1269 5015 1376 5085 quidam
1406 5036 1500 5087 senex,
1516 5022 1614 5093 opibus
1638 5042 1751 5097 pauper,

102 5131 154 5170 nen
168 5114 257 5169 solum
272 5112 309 5168 de
322 5112 381 5182 ipsa
392 5108 543 5180 provincia,
556 5107 746 5165 verumetiam
760 5108 795 5163 de
810 5123 898 5163 remo·
952 5103 1071 5159 moribus
1085 5102 1172 5167 dives,
1185 5118 1245 5158 cum
1263 5102 1337 5159 lestis
1352 5105 1449 5164 diebus
1465 5111 1565 5167 ibidem
1577 5114 1753 5172 advenientes

102 5204 135 5260 fio
154 5202 293 5273 longeque
316 5199 413 5272 positis
432 5198 591 5272 regionibus
612 5197 708 5254 eodem
730 5197 796 5269 igne
819 5212 897 5252 cnm·
948 5193 1073 5263 jttvenes,
1091 5199 1186 5263 utpote
1201 5191 1227 5246 in
1243 5194 1364 5264 spatioso
1379 5207 1406 5253 et
1420 5199 1543 5256 solitario
1568 5203 1627 5259 loco
1650 5204 1754 5261 videret

100 5292 173 5348 mi
193 5292 228 5347 ,d
252 5289 396 5346 calogium
411 5287 508 5344 Bootae
523 5287 625 5354 bierioe,
650 5286 678 5341 in
705 5285 772 5341 urbe
792 5286 898 5342 'lorna-
952 5283 1086 5348 cursibus,
1102 5279 1237 5350 variisque
1262 5282 1332 5339 ludis
1356 5295 1380 5342 et
1405 5289 1568 5346 clamoribus
1589 5292 1754 5351 lasciviendo

100 5382 173 5439 censi
187 5386 380 5448 oonsuuctam,
395 5375 516 5450 quotidie
536 5375 674 5449 gregatim
696 5373 896 5444 deferebantur,
952 5373 1088 5438 insistere,
1104 5370 1264 5443 increpabat
1284 5391 1344 5443 eos,
1366 5376 1483 5435 dicens:
1505 5403 1515 5427 «ι
1533 5381 1632 5448 Nolite,
1649 5383 1753 5440 dulcis·

133 5555 340 5629 (cisoranum.
356 5547 611 5631 lstbacprucesslu
629 5548 774 5631 etiamnum
793 5544 946 5606 celebratur
960 5549 1119 5622 quotannis.
1152 5548 1290 5608 Dominica
1318 5551 1505 5624 precedente,
1526 5568 1541 5608 a
1566 5553 1755 5615 concionatore

100 5629 369 5686 mandunensi
385 5623 497 5692 brunsca
509 5621 703 5691 processionis.
