3728 6000
109 198 181 275 nto
803 202 946 264 nunnnn
965 203 1002 260 ιιι
1020 202 1127 260 earn

109 358 166 401 cus
175 339 320 399 lneodem
328 331 843 395 monasterioinsiitutnsseeundum
856 328 937 387 beati
953 331 976 386 Α
1321 329 1503 388 cccxxxm,

114 429 262 489 Benedicti
271 426 405 499 regulam
417 422 522 482 luturis
531 422 641 480 ibidem
651 419 937 495 temporibusinvio·
991 427 1039 485 Aa
1052 427 1213 501 Samum
1230 427 1377 487 oppam,
1392 460 1427 471 -
1442 429 1483 488 pe
1497 430 1628 489 ,messe
1642 429 1676 490 3·
1696 430 1814 490 om

112 519 241 578 labiliter
257 519 459 575 conservetur.
481 513 624 569 Praeterea
637 524 826 584 quecunque
844 507 936 574 bona,
1314 502 1357 571 stc
1371 503 1499 572 nepotr'o.

112 601 605 684 quascunquepossessionesidem
612 598 938 670 monasteriuminprm·
1303 598 1399 672 (Anno
1415 600 1515 675 iiras)

109 696 359 769 sentiarumJnste
367 690 546 751 etcenonice
555 688 702 767 possidet,
711 688 796 746 autin
804 686 937 744 futurum
1195 688 1303 761 [Mansa
1321 688 1445 757 doerit,
1460 687 1526 761 xxl,
1540 689 1619 764 etz]

111 786 305 846 concessione
318 780 504 858 pontificum,
518 778 675 850 largitione
685 791 786 848 regum
801 775 847 833 vel
858 774 936 848 prin·
1024 777 1160 833 Euonuius
1170 776 1339 850 episcopus,
1353 794 1457 835 servus
1467 795 1625 837 servorum
1638 779 1703 847 liei,
1718 778 1813 838 dilecto

111 877 222 951 cipum,
245 872 398 930 oblatione
416 868 562 935 lideiium,
583 883 636 924 seu
659 866 749 923 etiam
771 864 836 922 aliis
850 863 937 937 justis
991 863 1053 922 lilio
1069 866 1189 923 Sucnnro
1204 865 1307 924 abbati
1323 867 1352 925 S.
1364 868 1506 942 Dionysii,
1521 868 1696 927 salutemet
1708 874 1814 943 aposto·

112 964 211 1024 modis
231 965 290 1020 neo
310 959 439 1035 propitio
457 957 567 1032 poterit
587 955 723 1029 adipisci,
742 954 832 1011 llrma
851 951 936 1010 vobis
991 951 1081 1011 licam
1091 953 1342 1013 benedictionem.
1616 946 1620 954 '

110 1054 276 1127 vestrisque
291 1047 513 1107 successoribus
524 1051 552 1104 et
563 1045 676 1103 illibata
690 1045 898 1118 permaneant.
1027 1043 1133 1101 Notum
1150 1043 1188 1099 sit
1199 1042 1370 1101 discretioni
1384 1051 1441 1101 tum
1453 1045 1536 1119 quod
1547 1061 1611 1104 non
1622 1045 1695 1104 ideo
1704 1061 1811 1104 venera·

146 1131 938 1210 Decernimusergoutnulliomninobominumliceei
992 1132 1081 1188 bilem
1109 1131 1230 1190 tratrem
1259 1139 1394 1190 nostrum
1426 1135 1500 1205 ling.
1527 1134 1810 1193 Autissiodorensen

112 1232 269 1309 praelatum
299 1226 512 1286 monasterinm
537 1230 647 1281 temere
673 1222 858 1297 perturbare,
885 1223 938 1277 aut
991 1220 1167 1294 episcopum
1179 1220 1230 1277 tibi
1240 1221 1536 1280 indenuntiationem
1547 1225 1811 1281 cententimnostre

114 1323 180 1396 ejus
195 1318 401 1395 possessiones
415 1315 530 1373 anlerre
541 1312 587 1371 vel
599 1313 717 1371 ablatas
729 1310 864 1377 retinere,
881 1309 937 1366 mi·
992 1309 1198 1382 adjunximus,
1213 1314 1244 1367 ut
1258 1310 1295 1367 de
1307 1316 1334 1368 te
1348 1311 1537 1384 aliquatenus
1556 1310 1701 1371 diffidere
1715 1312 1812 1371 debes·

112 1425 205 1470 nnere
220 1425 273 1466 seu
285 1405 470 1481 quibuslibet
482 1401 691 1460 vexationibus
710 1400 833 1473 fatigare
855 1416 863 1467 ;
883 1398 937 1456 sed
992 1414 1070 1465 mus,
1087 1415 1156 1455 cum
1172 1399 1318 1472 praeterita
1331 1403 1359 1456 et
1371 1399 1458 1457 lortia
1468 1400 1547 1459 iacta
1560 1399 1673 1460 inturoe
1688 1407 1812 1459 constm»

110 1498 555 1569 omnieintegracnnserrentnr
565 1507 669 1549 eornm
680 1506 735 1564 pro
745 1506 874 1564 quornm
886 1503 938 1560 gu·
993 1488 1041 1545 tie
1053 1488 1193 1546 exhibeat
1203 1492 1380 1560 argumenta
1396 1505 1404 1557 ;
1420 1488 1474 1547 ssd
1487 1495 1520 1548 ιιι
1533 1492 1655 1548 Sanctae
1670 1490 1814 1550 Genoreie

107 1582 554 1648 bernationeetsustentatione
576 1596 720 1637 concessa
735 1583 816 1648 sunt,
835 1577 938 1634 usibus
993 1575 1150 1634 seculares
1165 1577 1300 1635 canonici
1312 1578 1341 1635 in
1356 1582 1383 1634 te
1398 1578 1563 1652 specialiter
1575 1578 1706 1637 invidiae
1720 1595 1816 1637 censu
1857 1650 1859 1665 Ι

109 1674 284 1737 omnimode
295 1672 464 1748 protutura,
475 1668 792 1741 salveltatisponensis
805 1665 938 1740 episcopi
954 1684 974 1739 Β
994 1680 1053 1722 non
1065 1666 1197 1722 babeant
1209 1682 1355 1736 exercere,
1369 1667 1421 1725 tibi
1428 1667 1492 1741 jam
1507 1668 1623 1727 dictum
1634 1668 1764 1726 tratrem
1774 1683 1818 1725 nc
1857 1678 1859 1687 ·

111 1765 258 1827 canonica
267 1761 394 1836 justitia.
403 1759 434 1817 Si
446 1775 508 1834 qua
518 1759 646 1832 igiturin
656 1757 788 1814 luturnm
801 1755 936 1813 ecclesie·
993 1755 1238 1814 strumduximus
1253 1756 1495 1830 adiungendum.
1505 1760 1566 1815 Tne
1574 1758 1683 1834 itaque
1694 1756 1816 1825 interest,

109 1849 716 1924 sticaseculerisvepersonahancnostrae
725 1844 938 1903 constitutionis
992 1851 1142 1920 quatenus
1152 1844 1248 1904 taliter
1262 1846 1292 1902 in
1301 1845 1430 1920 incoepto
1444 1847 1526 1905 bono
1536 1846 1645 1904 iirmus
1655 1846 1782 1914 existes,
1791 1851 1818 1903 ιιι

110 1944 253 2019 paginam
266 1941 373 2007 sciens,
383 1942 488 1997 contra
501 1953 569 1996 enm
580 1941 691 1995 umere
704 1934 938 1993 reniretentave·
993 1934 1070 1992 sicut
1079 1934 1228 2006 religionis
1242 1934 1393 2008 plantator
1404 1935 1525 2004 videris,
1535 1936 1577 1994 iia
1589 1942 1617 1995 et
1627 1943 1818 1995 conservatur

109 2028 298 2101 rit,secund0
305 2029 426 2087 tertiove
432 2026 660 2096 commonita,sl
669 2040 728 2082 non
737 2023 937 2081 satisfactione
992 2023 1083 2097 ipsius
1095 2023 1206 2081 debeas
1218 2029 1340 2081 auctora
1352 2025 1479 2081 Domino
1491 2024 1633 2097 judicari.

110 2135 245 2195 congrua
256 2117 460 2178 emendaverit
471 2122 587 2173 reatum
598 2130 698 2183 suum,
713 2113 867 2189 potestatis
881 2112 938 2170 bc·
1312 2133 1488 2191 cccxxxiv·

110 2211 251 2284 norisque
271 2210 316 2267 sui
331 2206 475 2278 dignitate
493 2208 602 2271 careat,
623 2219 766 2277 reamque
788 2219 819 2260 se
834 2202 937 2259 divino
991 2231 1040 2289 Ad
1049 2230 1207 2302 Suffenum
1220 2231 1365 2288 abbatem·
1378 2262 1410 2272 -
1427 2232 1463 2291 ω
1473 2232 1597 2303 Hum-
1612 2232 1818 2291 Victorino*

107 2298 221 2376 judicio
229 2299 352 2358 existere
364 2297 402 2353 de
414 2299 583 2368 perpetrata
596 2292 750 2368 iniquitate
763 2296 935 2363 cognoscat,
1027 2317 1132 2372 „mm
1145 2302 1186 2359 ed
1196 2303 1359 2359 Romanum
1370 2301 1424 2361 ru,
1434 2302 1607 2376 mimum
1620 2311 1648 2362 οἱ
1658 2302 1699 2364 de
1708 2305 1817 2377 „eom-⁰

110 2396 137 2448 et
154 2407 173 2448 a
191 2388 391 2447 sacratissimo
408 2400 533 2457 corpore
552 2388 581 2441 et
600 2382 746 2454 sanguine
769 2382 818 2437 tiei
833 2387 862 2437 et
880 2383 936 2437 tto-
1027 2376 1156 2432 ecclesie
1170 2375 1201 2431 S.
1218 2374 1380 2444 Genorresoe.

1302 2472 1511 2546 (annolitssi)

1187 2561 1296 2633 [Mansa
1313 2562 1439 2629 concii..
1455 2562 1521 2630 xxt,
1543 2561 1622 2640 eta]

109 2660 193 2715 ceni:
206 2654 323 2712 cunctis
343 2656 444 2709 autem
454 2651 551 2708 eidem
565 2649 632 2707 loco
647 2648 730 2721 justa
749 2647 936 2705 servantibus
1026 2652 1163 2708 Eucaerus
1173 2651 1453 2724 episcopusservus
1464 2667 1621 2709 servorum
1636 2651 1702 2719 liei,
1716 2651 1813 2709 dilecte

109 2746 147 2804 sit
161 2760 220 2819 pax
231 2742 348 2800 liomini
363 2741 456 2798 nostri
472 2742 541 2796 lesu
555 2737 671 2805 Christi,
685 2742 834 2811 quatenus
847 2742 874 2792 et
886 2735 935 2793 bic
989 2740 1051 2799 filio
1067 2743 1188 2798 Sucnaro
1203 2738 1306 2797 abbati
1318 2742 1347 2797 S.
1359 2739 1501 2815 Dionysii,
1514 2739 1644 2799 salutem
1659 2745 1690 2800 et
1704 2745 1814 2816 apostc

108 2825 935 2901 iructumbonaeactionispercipiantetapuddistrictum
990 2827 1344 2888 licambenedictionam.

106 2922 240 2998 judicem
251 2919 376 2994 praemia
389 2923 507 2976 aterum
519 2918 601 2991 pacis
616 2916 777 2973 inveniant.
793 2916 898 2972 Amen.
1027 2923 1066 2977 tte
1081 2917 1238 2975 dilectione
1254 2922 1304 2975 tua
1323 2918 1485 2990 plurimum
1500 2918 1702 2988 confidentes,
1719 2920 1812 2977 omnir

144 3014 205 3085 ligo
219 3008 367 3083 eugenius
383 3006 542 3066 Catholicae
556 3005 692 3063 Ecclesia
711 3005 880 3078 episcopus.
953 3008 1489 3101 Cqunportareconsueritcbaritas,
1500 3006 1657 3082 imponere
1667 3008 1813 3066 tibinulla·

145 3104 252 3160 lictum
269 3100 343 3158 Sene
358 3113 412 3172 per
431 3112 556 3155 manum
576 3095 729 3163 cuidonis,
745 3098 855 3151 saneim
875 3096 936 3151 lto·
989 3102 1077 3154 tenus
1093 3096 1279 3154 dubitamus.
1295 3098 1370 3164 onia
1390 3113 1461 3168 ergo
1475 3097 1602 3155 dilectus
1617 3097 1701 3155 lilius
1723 3104 1813 3156 noster

109 3207 206 3251 manm
222 3188 358 3247 Ecclesiae
378 3188 457 3245 diac.
472 3187 555 3244 card.
572 3190 602 3242 et
621 3184 799 3252 cancellarii,
822 3199 851 3240 ιιι
869 3182 932 3241 ιιιιι.
990 3189 1074 3259 tingo
1096 3185 1259 3244 canonicus
1279 3186 1307 3242 S.
1333 3186 1456 3244 Victoris
1469 3187 1507 3244 ad
1525 3203 1580 3245 nos
1592 3188 1749 3246 rediturus
1766 3191 1812 3253 est,

107 3279 290 3347 Decembris,
305 3278 466 3337 indictione
481 3293 528 3343 ιιι,
544 3274 761 3333 incarnationis
773 3273 933 3331 dominicas
989 3274 1229 3333 benevolentiam
1242 3282 1322 3333 tuam
1338 3291 1494 3348 rogamus,
1505 3282 1657 3350 quatenus
1668 3276 1695 3334 ei
1709 3276 1814 3352 equita·

107 3363 892 3442 annotitti,pontificatusverodominiEugeniipapae
899 3363 935 3420 ill
990 3371 1086 3423 turam
1100 3380 1190 3422 unam
1204 3370 1398 3439 etexpensas,
1410 3382 1479 3438 qum
1495 3381 1550 3439 pro
1559 3364 1664 3439 ipsaet
1677 3366 1745 3438 ejus
1759 3382 1814 3422 ses-

106 3465 313 3537 anncquarto.
990 3470 1057 3512 sore
1074 3455 1103 3511 in
1118 3454 1214 3510 reditu
1233 3454 1289 3510 sibi
1304 3452 1463 3525 sufficiant,
1481 3454 1616 3526 largiaris
1639 3471 1647 3523 ;
1665 3454 1771 3513 abbati
1784 3469 1813 3510 ac

263 3546 442 3622 (Piumbum.
458 3544 611 3618 ducentur
625 3545 687 3601 ΡΡ.
703 3543 774 3616 lll.)
988 3544 1130 3601 iratribus
1147 3544 1260 3600 Sanctae
1276 3543 1433 3600 Genoreim
1446 3560 1481 3600 ex
1497 3550 1602 3603 nostra
1618 3549 1708 3618 parte
1721 3543 1815 3616 injun-

443 3661 594 3719 CCCfflH
989 3648 1053 3704 ges,
1080 3636 1112 3688 ιιι
1135 3631 1173 3688 de
1195 3630 1361 3688 redditibus
1385 3631 1560 3700 decanatus,
1587 3633 1641 3707 qui
1671 3631 1814 3704 assignari

570 3777 575 3789 ,
599 3703 606 3716 ’
857 3775 862 3785 ,
989 3721 1103 3779 eisdem
1114 3720 1383 3788 iratribusdebent,
1395 3720 1747 3797 vigintiquinquelibras
1756 3723 1814 3779 Pro·

106 3778 451 3908 Addmumbssffl
465 3777 691 3919 ἒυθθᾯζΐὲίῖ
706 3776 934 3846 mmmmm
989 3809 1178 3879 viniensium,
1198 3826 1276 3883 quas
1291 3809 1331 3865 ad
1345 3825 1422 3883 opus
1435 3809 1566 3867 ecclesias
1587 3809 1815 3868 acreditoribus

410 3955 511 4023 n,
530 3954 634 4027 n,
989 3898 1816 4063 ιιιιιιιιιιιιιιιιιιιιιιιιιιι

307 4071 421 4143 [aissa
434 4070 563 4137 &imile
575 4068 649 4135 ΧΧῙ,
665 4069 738 4142 Μ]
988 4092 1043 4151 pro
1054 4093 1089 4135 eo
1101 4082 1133 4135 ιιι
1145 4094 1244 4134 causae
1260 4076 1481 4134 inimicitiarum
1495 4077 1687 4137 secularium
1698 4077 1818 4136 clerico·

144 4166 459 4241 Eunmrusepiscopus,
474 4180 739 4224 serrnsservorum
753 4165 813 4232 tici,
824 4165 932 4225 dilecto
987 4182 1055 4223 rum
1065 4167 1202 4239 ejusdem
1213 4165 1346 4223 ecclesie
1355 4170 1494 4224 contrata
1505 4167 1724 4239 minuerentur,
1733 4183 1817 4226 vene

108 4258 170 4317 illic
181 4257 300 4316 saccaro
310 4255 413 4314 abbati
428 4255 527 4315 Sancti
538 4255 670 4330 Dionysii
679 4256 805 4315 salutem
819 4260 848 4314 et
863 4273 933 4331 apo·
988 4255 1113 4313 rabilem
1121 4256 1818 4331 Hugonementissiodorensemepiscopumtibi

110 4348 246 4406 stolicam
261 4344 513 4403 benedictionem.
988 4345 1192 4418 adjunximus,
1212 4347 1288 4402 sicut
1301 4345 1425 4418 potuisti
1437 4361 1474 4402 ex
1489 4345 1615 4403 aliarum
1631 4344 1819 4422 inspectione

1760 205 1814 263 13&

110 2478 186 2537 mini
200 2474 408 2550 Redemptoris
428 2473 522 2530 nostri
540 2474 610 2530 iesu
632 2470 741 2527 Christi
760 2469 858 2526 aliena
876 2469 935 2536 liat,

110 2573 201 2640 atque
216 2567 245 2623 in
260 2570 393 2622 extremo
406 2562 544 2619 examine
559 2560 700 2617 distr-tete
714 2559 816 2615 ultioni
831 2558 936 2631 subja·

144 4434 293 4504 Quoniam
307 4436 383 4491 sicut
395 4433 560 4491 litterarum
571 4437 688 4490 tuarum
697 4433 786 4492 nobis
798 4433 934 4509 inspecta
949 4402 973 4460 D
988 4434 1163 4503 litterarum,
1173 4451 1249 4508 quas
1258 4434 1311 4492 tibi
1322 4435 1556 4503 transmisimus,
1570 4435 1748 4507 agnovisse.

108 4522 357 4600 seriespatelecit‚
369 4525 491 4582 nuntios
501 4528 529 4582 et
538 4524 649 4581 litteras
664 4527 732 4581 tuas
747 4524 786 4581 ab
799 4532 931 4583 nostram

109 4615 300 4690 presentiam
322 4614 353 4671 in
378 4615 515 4686 proximo
544 4631 575 4670 es
605 4615 847 4684 transmissurus,
879 4615 932 4689 qui

111 4706 227 4762 Sanctae
238 4701 395 4761 Genovelm
409 4703 562 4774 negotium
578 4701 664 4760 nobis
673 4702 933 4778 pleniusaperiant

109 4797 137 4852 et
147 4791 527 4866 ostendant,tibinuncper
536 4792 661 4849 latorem
672 4793 863 4867 presentium
871 4810 931 4852 non

108 4883 251 4941 duximus
258 4880 512 4954 respondendum.
524 4882 598 4939 Cum
609 4898 679 4939 vero
690 4883 787 4940 nuntii
798 4885 838 4941 tui
846 4884 932 4941 nobis

107 4972 208 5046 ipsum
221 4971 373 5042 negotium
386 4969 502 5044 plenius
512 4970 694 5038 intimantes,
709 4978 848 5029 nostrone
861 4989 931 5030 ecn-

109 5060 222 5135 spectui
237 5058 474 5134 praesentabunt.
490 5063 560 5116 tunc
571 5059 653 5135 quod
665 5059 835 5118 laciendum
846 5061 933 5118 inerit

109 5158 231 5209 auctore
246 5151 373 5207 Domino
386 5147 541 5206 iaciemus.
552 5149 670 5206 interim
686 5157 787 5208 autem
799 5155 850 5207 tua
861 5151 933 5208 dite-

108 5239 169 5298 ctio
181 5237 337 5312 dillgenter
347 5238 489 5311 invigilet,
504 5243 536 5296 nt
546 5239 628 5314 qnod
637 5238 702 5312 jam
714 5239 814 5298 divina
825 5241 931 5313 gratia,

110 5333 139 5385 et
153 5331 203 5384 tuo
215 5327 374 5400 adjutorio,
386 5344 421 5385 ex
437 5329 572 5386 maxima
582 5333 667 5401 parte
680 5327 868 5403 perfecimus,
882 5328 933 5388 de-

109 5415 182 5473 strui
195 5413 364 5473 nullatenus
375 5415 506 5490 patiaris.

1325 4534 1488 4592 cccxxxv.

987 4631 1035 4687 Ad
1049 4630 1221 4688 Wibuldum
1232 4631 1771 4704 abbatemctsr·utrerCorieicnrer.-
1784 4634 1818 4694 Ut

986 4702 1103 4761 nultum
1111 4703 1500 4775 npudcostocunrllcuiicur
1508 4703 1658 4776 depositio
1668 4706 1814 4765 inueniat.

1236 4793 1332 4865 (tuno
1348 4793 1425 4863 itte,
1446 4794 1511 4851 lan.
1526 4795 1562 4863 l.)

1185 4879 1321 4955 [uinces.
1336 4882 1596 4955 Collect.,ll,293.]

1023 4972 1161 5027 Eudemus
1172 4969 1338 5044 episcopus,
1350 4987 1455 5028 servus
1464 4988 1619 5029 serrorum
1631 4971 1696 5039 Dei,
1707 4972 1816 5031 dilecto

986 5060 1047 5118 tilio
1059 5060 1205 5119 Wrniaoo
1216 5060 1317 5117 abbati
1329 5060 1492 5135 etcapitulo
1502 5059 1674 5119 corbeiensi
1684 5064 1815 5121 satutem

987 5154 1016 5206 et
1027 5149 1225 5222 apostolicam
1240 5149 1490 5207 benedictionem.

1023 5239 1172 5305 Quantum
1195 5238 1231 5296 sit
1251 5238 1454 5296 necessarium
1476 5236 1686 5311 religiosorum
1709 5256 1816 5299 mona·

987 5325 1111 5385 chorum
1132 5327 1222 5403 quieti
1242 5328 1423 5402 prospicere,
1439 5331 1469 5384 ct
1486 5327 1524 5386 de
1537 5324 1673 5401 ipsorum
1691 5328 1817 5387 utilitate

988 5416 1115 5475 sollicite
1126 5417 1267 5490 cogitare,
1279 5422 1450 5475 anteactum
1464 5416 1703 5493 officium,qnod
1718 5419 1749 5475 in
1765 5416 1816 5477 ab

988 5504 1078 5564 batiae
1092 5505 1238 5582 regimine
1247 5505 1405 5580 gessimus,
1419 5521 1475 5566 nos
1488 5505 1684 5574 intermutat
1697 5504 1817 5568 Creator
