<?xml version="1.0" encoding="UTF-8"?>
<!DOCTYPE html PUBLIC "-//W3C//DTD XHTML 1.0 Transitional//EN"
    "http://www.w3.org/TR/xhtml1/DTD/xhtml1-transitional.dtd">
<html xmlns="http://www.w3.org/1999/xhtml" xml:lang="en" lang="en">
 <head>
  <title>
</title>
<meta http-equiv="Content-Type" content="text/html;charset=utf-8" />
  <meta name='ocr-system' content='tesseract 3.04.00' />
  <meta name='ocr-capabilities' content='ocr_page ocr_carea ocr_par ocr_line ocrx_word'/>
</head>
<body>
  <div class='ocr_page' id='page_1' title='image "./patrologiaecurs13unkngoog_0489.png"; bbox 0 0 3728 6000; ppageno 0'>
   <div class='ocr_carea' id='block_1_1' title="bbox 175 211 1818 311">
    <p class='ocr_par' dir='ltr' id='par_1_1' title="bbox 175 211 1818 311">
     <span class='ocr_line' id='line_1_1' title="bbox 175 211 1818 311; baseline 0.029 -47"><span class='ocrx_word' id='word_1_1' title='bbox 175 229 228 288; x_wconf 60' lang='lat'>957</span> <span class='ocrx_word' id='word_1_2' title='bbox 672 222 705 282; x_wconf 87' lang='lat' dir='ltr'>n.</span> <span class='ocrx_word' id='word_1_3' title='bbox 723 222 853 285; x_wconf 79' lang='lat' dir='ltr'>annuat</span> <span class='ocrx_word' id='word_1_4' title='bbox 870 229 1097 290; x_wconf 79' lang='lat' dir='ltr'>scuoutsrrct</span> <span class='ocrx_word' id='word_1_5' title='bbox 1117 232 1325 299; x_wconf 79' lang='lat' dir='ltr'>reomensis</span> <span class='ocrx_word' id='word_1_6' title='bbox 1419 250 1423 256; x_wconf 90' lang='lat'>·</span> <span class='ocrx_word' id='word_1_7' title='bbox 1595 211 1598 214; x_wconf 59' lang='grc'><strong>’</strong></span> <span class='ocrx_word' id='word_1_8' title='bbox 1768 254 1818 311; x_wconf 82' lang='lat' dir='ltr'>eoa</span> 
     </span>
    </p>
   </div>
   <div class='ocr_carea' id='block_1_2' title="bbox 146 354 1818 3008">
    <p class='ocr_par' dir='ltr' id='par_1_2' title="bbox 146 354 1818 3008">
     <span class='ocr_line' id='line_1_2' title="bbox 173 354 1818 439; baseline 0.009 -25"><span class='ocrx_word' id='word_1_9' title='bbox 173 357 307 414; x_wconf 75' lang='lat' dir='ltr'><strong>haereticis</strong></span> <span class='ocrx_word' id='word_1_10' title='bbox 333 357 376 412; x_wconf 86' lang='lat' dir='ltr'>vel</span> <span class='ocrx_word' id='word_1_11' title='bbox 397 357 534 411; x_wconf 89' lang='lat' dir='ltr'>damnetis</span> <span class='ocrx_word' id='word_1_12' title='bbox 556 368 716 426; x_wconf 88' lang='lat' dir='ltr'>permanere</span> <span class='ocrx_word' id='word_1_13' title='bbox 749 354 848 410; x_wconf 84' lang='lat' dir='ltr'>Christi</span> <span class='ocrx_word' id='word_1_14' title='bbox 876 373 973 413; x_wconf 86' lang='lat' dir='ltr'>sacra·</span> <span class='ocrx_word' id='word_1_15' title='bbox 985 363 1013 422; x_wconf 79' lang='grc' dir='ltr'><strong>Α</strong></span> <span class='ocrx_word' id='word_1_16' title='bbox 1029 361 1118 417; x_wconf 87' lang='lat' dir='ltr'>minua</span> <span class='ocrx_word' id='word_1_17' title='bbox 1136 366 1306 423; x_wconf 87' lang='lat' dir='ltr'>asacerdote</span> <span class='ocrx_word' id='word_1_18' title='bbox 1320 383 1373 424; x_wconf 89' lang='lat' dir='ltr'>non</span> <span class='ocrx_word' id='word_1_19' title='bbox 1389 369 1566 439; x_wconf 69' lang='lat' dir='ltr'>pecuniarum</span> <span class='ocrx_word' id='word_1_20' title='bbox 1590 373 1640 428; x_wconf 84' lang='lat' dir='ltr'>sed</span> <span class='ocrx_word' id='word_1_21' title='bbox 1661 374 1739 431; x_wconf 86' lang='lat' dir='ltr'>lucra</span> <span class='ocrx_word' id='word_1_22' title='bbox 1761 378 1818 433; x_wconf 82' lang='lat' dir='ltr'>nni-</span> 
     </span>
     <span class='ocr_line' id='line_1_3' title="bbox 169 443 1816 536; baseline 0.006 -34"><span class='ocrx_word' id='word_1_23' title='bbox 169 456 262 502; x_wconf 88' lang='lat' dir='ltr'>menta</span> <span class='ocrx_word' id='word_1_24' title='bbox 277 455 499 517; x_wconf 85' lang='lat' dir='ltr'>:veraquantum</span> <span class='ocrx_word' id='word_1_25' title='bbox 520 443 554 498; x_wconf 88' lang='lat' dir='ltr'>ad</span> <span class='ocrx_word' id='word_1_26' title='bbox 569 458 599 498; x_wconf 89' lang='lat' dir='ltr'>se</span> <span class='ocrx_word' id='word_1_27' title='bbox 616 449 643 496; x_wconf 89' lang='lat' dir='ltr'>et</span> <span class='ocrx_word' id='word_1_28' title='bbox 657 450 763 508; x_wconf 87' lang='lat' dir='ltr'>saneta,</span> <span class='ocrx_word' id='word_1_29' title='bbox 780 443 828 498; x_wconf 87' lang='lat' dir='ltr'>sed</span> <span class='ocrx_word' id='word_1_30' title='bbox 844 445 894 499; x_wconf 92' lang='lat' dir='ltr'>nisi</span> <span class='ocrx_word' id='word_1_31' title='bbox 909 462 969 516; x_wconf 85' lang='lat' dir='ltr'>pae·</span> <span class='ocrx_word' id='word_1_32' title='bbox 1023 466 1127 506; x_wconf 88' lang='lat' dir='ltr'>marum</span> <span class='ocrx_word' id='word_1_33' title='bbox 1142 452 1244 525; x_wconf 81' lang='lat' dir='ltr'>exigat.</span> <span class='ocrx_word' id='word_1_34' title='bbox 1259 455 1336 511; x_wconf 84' lang='lat' dir='ltr'>Unde</span> <span class='ocrx_word' id='word_1_35' title='bbox 1350 457 1429 512; x_wconf 88' lang='lat' dir='ltr'>etiam</span> <span class='ocrx_word' id='word_1_36' title='bbox 1445 459 1626 530; x_wconf 78' lang='lat' dir='ltr'>Hieronymus</span> <span class='ocrx_word' id='word_1_37' title='bbox 1636 466 1816 536; x_wconf 66' lang='lat' dir='ltr'>conqueritur</span> 
     </span>
     <span class='ocr_line' id='line_1_4' title="bbox 170 530 1815 624; baseline 0.007 -29"><span class='ocrx_word' id='word_1_38' title='bbox 170 536 285 595; x_wconf 89' lang='lat' dir='ltr'>nitentia</span> <span class='ocrx_word' id='word_1_39' title='bbox 308 534 352 589; x_wconf 88' lang='lat' dir='ltr'>vel</span> <span class='ocrx_word' id='word_1_40' title='bbox 372 533 540 605; x_wconf 73' lang='lat' dir='ltr'>indulgentia</span> <span class='ocrx_word' id='word_1_41' title='bbox 558 533 720 586; x_wconf 83' lang='lat' dir='ltr'>subventum</span> <span class='ocrx_word' id='word_1_42' title='bbox 744 530 835 599; x_wconf 84' lang='lat' dir='ltr'>tuerit,</span> <span class='ocrx_word' id='word_1_43' title='bbox 859 533 894 588; x_wconf 86' lang='lat' dir='ltr'>ad</span> <span class='ocrx_word' id='word_1_44' title='bbox 915 534 969 590; x_wconf 86' lang='lat' dir='ltr'>da·</span> <span class='ocrx_word' id='word_1_45' title='bbox 1022 538 1180 608; x_wconf 85' lang='lat' dir='ltr'>inllicbaea,</span> <span class='ocrx_word' id='word_1_46' title='bbox 1198 558 1259 597; x_wconf 93' lang='lat' dir='ltr'>cum</span> <span class='ocrx_word' id='word_1_47' title='bbox 1278 543 1382 601; x_wconf 88' lang='lat' dir='ltr'>dicatur</span> <span class='ocrx_word' id='word_1_48' title='bbox 1394 546 1427 601; x_wconf 91' lang='lat' dir='ltr'>ad</span> <span class='ocrx_word' id='word_1_49' title='bbox 1442 548 1580 616; x_wconf 89' lang='lat' dir='ltr'>apostolos</span> <span class='ocrx_word' id='word_1_50' title='bbox 1597 549 1707 608; x_wconf 86' lang='lat' dir='ltr'>:Nolite</span> <span class='ocrx_word' id='word_1_51' title='bbox 1726 554 1815 624; x_wconf 85' lang='lat' dir='ltr'>possi-</span> 
     </span>
     <span class='ocr_line' id='line_1_5' title="bbox 169 619 1814 708; baseline -0.015 -25"><span class='ocrx_word' id='word_1_52' title='bbox 169 627 339 683; x_wconf 88' lang='lat' dir='ltr'>mnationem</span> <span class='ocrx_word' id='word_1_53' title='bbox 368 621 540 690; x_wconf 83' lang='lat' dir='ltr'>ustrrpntoris</span> <span class='ocrx_word' id='word_1_54' title='bbox 569 619 742 690; x_wconf 76' lang='lat' dir='ltr'>pervenient,</span> <span class='ocrx_word' id='word_1_55' title='bbox 772 621 815 676; x_wconf 85' lang='lat' dir='ltr'>vel</span> <span class='ocrx_word' id='word_1_56' title='bbox 832 621 967 689; x_wconf 82' lang='lat' dir='ltr'>babenlis,</span> <span class='ocrx_word' id='word_1_57' title='bbox 1021 627 1204 694; x_wconf 55' lang='lat' dir='ltr'>desecatum,</span> <span class='ocrx_word' id='word_1_58' title='bbox 1224 646 1313 703; x_wconf 59' lang='lat' dir='ltr'>neque</span> <span class='ocrx_word' id='word_1_59' title='bbox 1336 639 1491 706; x_wconf 43' lang='lat' dir='ltr'>amentum,</span> <span class='ocrx_word' id='word_1_60' title='bbox 1517 651 1605 708; x_wconf 56' lang='lat' dir='ltr'>nequ,</span> <span class='ocrx_word' id='word_1_61' title='bbox 1627 654 1669 694; x_wconf 55' lang='lat' dir='ltr'><strong>m</strong></span> <span class='ocrx_word' id='word_1_62' title='bbox 1692 639 1719 694; x_wconf 66' lang='lat' dir='ltr'>in</span> <span class='ocrx_word' id='word_1_63' title='bbox 1743 642 1814 697; x_wconf 48' lang='lat' dir='ltr'>mnis</span> 
     </span>
     <span class='ocr_line' id='line_1_6' title="bbox 169 707 1813 792; baseline 0.001 -20"><span class='ocrx_word' id='word_1_64' title='bbox 169 717 213 772; x_wconf 89' lang='lat' dir='ltr'>vel</span> <span class='ocrx_word' id='word_1_65' title='bbox 225 713 325 780; x_wconf 88' lang='lat' dir='ltr'>dantis,</span> <span class='ocrx_word' id='word_1_66' title='bbox 340 711 383 767; x_wconf 88' lang='lat' dir='ltr'>vel</span> <span class='ocrx_word' id='word_1_67' title='bbox 398 708 567 780; x_wconf 88' lang='lat' dir='ltr'>accipientis.</span> <span class='ocrx_word' id='word_1_68' title='bbox 582 707 653 777; x_wconf 88' lang='lat' dir='ltr'>Quid</span> <span class='ocrx_word' id='word_1_69' title='bbox 669 724 735 778; x_wconf 80' lang='lat' dir='ltr'>ergo</span> <span class='ocrx_word' id='word_1_70' title='bbox 749 709 864 779; x_wconf 87' lang='lat' dir='ltr'>prodest</span> <span class='ocrx_word' id='word_1_71' title='bbox 893 711 966 781; x_wconf 88' lang='lat' dir='ltr'>quod</span> <span class='ocrx_word' id='word_1_72' title='bbox 1021 716 1121 771; x_wconf 84' lang='lat' dir='ltr'>vestris</span> <span class='ocrx_word' id='word_1_73' title='bbox 1136 720 1171 772; x_wconf 86' lang='lat' dir='ltr'>sit</span> <span class='ocrx_word' id='word_1_74' title='bbox 1195 718 1285 788; x_wconf 75' lang='lat' dir='ltr'>(ibid,</span> <span class='ocrx_word' id='word_1_75' title='bbox 1306 721 1345 792; x_wconf 85' lang='grc'>9),</span> <span class='ocrx_word' id='word_1_76' title='bbox 1365 729 1393 777; x_wconf 92' lang='lat' dir='ltr'>et</span> <span class='ocrx_word' id='word_1_77' title='bbox 1416 724 1570 779; x_wconf 85' lang='lat' dir='ltr'>excutiatur</span> <span class='ocrx_word' id='word_1_78' title='bbox 1590 725 1626 781; x_wconf 89' lang='lat' dir='ltr'>de</span> <span class='ocrx_word' id='word_1_79' title='bbox 1650 727 1704 783; x_wconf 83' lang='lat' dir='ltr'>vir-i</span> <span class='ocrx_word' id='word_1_80' title='bbox 1729 730 1813 786; x_wconf 61' lang='lat'><strong>„0011</strong></span> 
     </span>
     <span class='ocr_line' id='line_1_7' title="bbox 166 802 1813 883; baseline 0.001 -21"><span class='ocrx_word' id='word_1_81' title='bbox 166 820 231 862; x_wconf 87' lang='lat' dir='ltr'>vera</span> <span class='ocrx_word' id='word_1_82' title='bbox 245 812 273 858; x_wconf 89' lang='lat' dir='ltr'>et</span> <span class='ocrx_word' id='word_1_83' title='bbox 287 809 378 856; x_wconf 85' lang='lat' dir='ltr'>sancta</span> <span class='ocrx_word' id='word_1_84' title='bbox 393 807 464 866; x_wconf 88' lang='lat' dir='ltr'>suet,</span> <span class='ocrx_word' id='word_1_85' title='bbox 486 814 548 855; x_wconf 91' lang='lat' dir='ltr'>cum</span> <span class='ocrx_word' id='word_1_86' title='bbox 567 805 744 869; x_wconf 74' lang='lat' dir='ltr'>usurpatores</span> <span class='ocrx_word' id='word_1_87' title='bbox 769 814 868 867; x_wconf 90' lang='lat' dir='ltr'>pravos</span> <span class='ocrx_word' id='word_1_88' title='bbox 889 815 967 870; x_wconf 85' lang='lat' dir='ltr'>aequc</span> <span class='ocrx_word' id='word_1_89' title='bbox 1020 802 1144 858; x_wconf 89' lang='lat' dir='ltr'>manibus</span> <span class='ocrx_word' id='word_1_90' title='bbox 1158 805 1237 859; x_wconf 89' lang='lat' dir='ltr'>etiam</span> <span class='ocrx_word' id='word_1_91' title='bbox 1251 805 1344 864; x_wconf 79' lang='lat' dir='ltr'>labore</span> <span class='ocrx_word' id='word_1_92' title='bbox 1363 817 1456 880; x_wconf 85' lang='lat' dir='ltr'>parata</span> <span class='ocrx_word' id='word_1_93' title='bbox 1478 812 1618 883; x_wconf 73' lang='lat' dir='ltr'>pecunia,</span> <span class='ocrx_word' id='word_1_94' title='bbox 1649 829 1735 871; x_wconf 74' lang='lat' dir='ltr'>voces</span> <span class='ocrx_word' id='word_1_95' title='bbox 1758 817 1813 874; x_wconf 77' lang='lat'>00.</span> 
     </span>
     <span class='ocr_line' id='line_1_8' title="bbox 164 885 1812 967; baseline -0.001 -18"><span class='ocrx_word' id='word_1_96' title='bbox 164 893 356 967; x_wconf 68' lang='lat' dir='ltr'>perimentes</span> <span class='ocrx_word' id='word_1_97' title='bbox 371 889 395 944; x_wconf 90' lang='lat' dir='ltr'>si</span> <span class='ocrx_word' id='word_1_98' title='bbox 409 895 499 943; x_wconf 89' lang='lat' dir='ltr'>essent</span> <span class='ocrx_word' id='word_1_99' title='bbox 515 887 587 942; x_wconf 88' lang='lat' dir='ltr'>mala</span> <span class='ocrx_word' id='word_1_100' title='bbox 604 894 631 940; x_wconf 89' lang='lat' dir='ltr'>et</span> <span class='ocrx_word' id='word_1_101' title='bbox 645 885 729 941; x_wconf 88' lang='lat' dir='ltr'>noxia</span> <span class='ocrx_word' id='word_1_102' title='bbox 742 887 757 939; x_wconf 86' lang='lat'>‘?</span> <span class='ocrx_word' id='word_1_103' title='bbox 772 887 889 942; x_wconf 83' lang='lat' dir='ltr'>Crassus</span> <span class='ocrx_word' id='word_1_104' title='bbox 913 903 964 942; x_wconf 87' lang='lat' dir='ltr'>au·</span> <span class='ocrx_word' id='word_1_105' title='bbox 1019 889 1085 945; x_wconf 90' lang='lat' dir='ltr'>mini</span> <span class='ocrx_word' id='word_1_106' title='bbox 1099 892 1246 960; x_wconf 72' lang='lat' dir='ltr'>venditant,</span> <span class='ocrx_word' id='word_1_107' title='bbox 1263 903 1290 950; x_wconf 88' lang='lat' dir='ltr'>et</span> <span class='ocrx_word' id='word_1_108' title='bbox 1310 895 1345 952; x_wconf 91' lang='lat' dir='ltr'>de</span> <span class='ocrx_word' id='word_1_109' title='bbox 1364 898 1499 953; x_wconf 83' lang='lat' dir='ltr'>columbis</span> <span class='ocrx_word' id='word_1_110' title='bbox 1520 909 1677 957; x_wconf 85' lang='lat' dir='ltr'>mercantur</span> <span class='ocrx_word' id='word_1_111' title='bbox 1694 903 1723 958; x_wconf 88' lang='lat' dir='ltr'>in</span> <span class='ocrx_word' id='word_1_112' title='bbox 1743 908 1812 961; x_wconf 75' lang='lat' dir='ltr'>tem.</span> 
     </span>
     <span class='ocr_line' id='line_1_9' title="bbox 164 974 1812 1061; baseline 0.003 -22"><span class='ocrx_word' id='word_1_113' title='bbox 164 998 226 1039; x_wconf 90' lang='lat' dir='ltr'>rum</span> <span class='ocrx_word' id='word_1_114' title='bbox 241 980 334 1047; x_wconf 86' lang='lat' dir='ltr'>sitivit,</span> <span class='ocrx_word' id='word_1_115' title='bbox 354 993 433 1050; x_wconf 84' lang='lat' dir='ltr'>aeque</span> <span class='ocrx_word' id='word_1_116' title='bbox 455 976 537 1047; x_wconf 90' lang='lat' dir='ltr'>periit</span> <span class='ocrx_word' id='word_1_117' title='bbox 565 990 633 1030; x_wconf 87' lang='lat' dir='ltr'>auro</span> <span class='ocrx_word' id='word_1_118' title='bbox 658 974 727 1030; x_wconf 92' lang='lat' dir='ltr'>sicut</span> <span class='ocrx_word' id='word_1_119' title='bbox 752 975 825 1031; x_wconf 84' lang='lat' dir='ltr'>Nero</span> <span class='ocrx_word' id='word_1_120' title='bbox 846 991 962 1032; x_wconf 90' lang='lat' dir='ltr'>veneno.</span> <span class='ocrx_word' id='word_1_121' title='bbox 1018 979 1071 1050; x_wconf 89' lang='lat' dir='ltr'>plo.</span> <span class='ocrx_word' id='word_1_122' title='bbox 1088 980 1193 1036; x_wconf 84' lang='lat' dir='ltr'>Revera</span> <span class='ocrx_word' id='word_1_123' title='bbox 1208 983 1279 1037; x_wconf 88' lang='lat' dir='ltr'>eninr</span> <span class='ocrx_word' id='word_1_124' title='bbox 1301 1001 1361 1055; x_wconf 77' lang='lat' dir='ltr'>quan</span> <span class='ocrx_word' id='word_1_125' title='bbox 1375 987 1433 1042; x_wconf 87' lang='lat' dir='ltr'>Deo</span> <span class='ocrx_word' id='word_1_126' title='bbox 1450 987 1536 1043; x_wconf 86' lang='lat' dir='ltr'>semel</span> <span class='ocrx_word' id='word_1_127' title='bbox 1550 988 1641 1045; x_wconf 85' lang='lat' dir='ltr'>oblata</span> <span class='ocrx_word' id='word_1_128' title='bbox 1655 995 1730 1061; x_wconf 91' lang='lat' dir='ltr'>sunl,</span> <span class='ocrx_word' id='word_1_129' title='bbox 1746 1009 1812 1050; x_wconf 86' lang='lat' dir='ltr'>ven-</span> 
     </span>
     <span class='ocr_line' id='line_1_10' title="bbox 163 1063 1812 1152; baseline 0.005 -25"><span class='ocrx_word' id='word_1_130' title='bbox 163 1073 232 1127; x_wconf 88' lang='lat' dir='ltr'>Item</span> <span class='ocrx_word' id='word_1_131' title='bbox 247 1084 254 1124; x_wconf 91' lang='lat'>:</span> <span class='ocrx_word' id='word_1_132' title='bbox 269 1072 372 1123; x_wconf 79' lang='lat' dir='ltr'>Aurum</span> <span class='ocrx_word' id='word_1_133' title='bbox 384 1081 463 1134; x_wconf 81' lang='lat' dir='ltr'>aeque</span> <span class='ocrx_word' id='word_1_134' title='bbox 479 1080 574 1119; x_wconf 89' lang='lat' dir='ltr'>verum</span> <span class='ocrx_word' id='word_1_135' title='bbox 590 1063 670 1119; x_wconf 90' lang='lat' dir='ltr'>estin</span> <span class='ocrx_word' id='word_1_136' title='bbox 685 1063 839 1129; x_wconf 84' lang='lat' dir='ltr'>arcaturis,</span> <span class='ocrx_word' id='word_1_137' title='bbox 851 1064 919 1119; x_wconf 88' lang='lat' dir='ltr'>sicut</span> <span class='ocrx_word' id='word_1_138' title='bbox 935 1064 963 1119; x_wconf 93' lang='lat' dir='ltr'>in</span> <span class='ocrx_word' id='word_1_139' title='bbox 1017 1068 1109 1124; x_wconf 88' lang='lat' dir='ltr'>denda</span> <span class='ocrx_word' id='word_1_140' title='bbox 1119 1085 1173 1125; x_wconf 90' lang='lat' dir='ltr'>non</span> <span class='ocrx_word' id='word_1_141' title='bbox 1188 1080 1259 1139; x_wconf 93' lang='lat' dir='ltr'>sunt,</span> <span class='ocrx_word' id='word_1_142' title='bbox 1274 1073 1336 1142; x_wconf 80' lang='lat' dir='ltr'>quia</span> <span class='ocrx_word' id='word_1_143' title='bbox 1360 1075 1433 1145; x_wconf 92' lang='lat' dir='ltr'>quod</span> <span class='ocrx_word' id='word_1_144' title='bbox 1454 1075 1499 1132; x_wconf 86' lang='lat' dir='ltr'>ille</span> <span class='ocrx_word' id='word_1_145' title='bbox 1523 1091 1577 1133; x_wconf 94' lang='lat' dir='ltr'>nou</span> <span class='ocrx_word' id='word_1_146' title='bbox 1600 1079 1723 1137; x_wconf 88' lang='lat' dir='ltr'>vendidit</span> <span class='ocrx_word' id='word_1_147' title='bbox 1739 1082 1812 1152; x_wconf 78' lang='lat' dir='ltr'>cuius</span> 
     </span>
     <span class='ocr_line' id='line_1_11' title="bbox 164 1150 1812 1241; baseline 0.005 -25"><span class='ocrx_word' id='word_1_148' title='bbox 164 1161 291 1216; x_wconf 88' lang='lat' dir='ltr'>thesauro</span> <span class='ocrx_word' id='word_1_149' title='bbox 311 1155 396 1227; x_wconf 84' lang='lat' dir='ltr'>regis,</span> <span class='ocrx_word' id='word_1_150' title='bbox 419 1152 467 1209; x_wconf 87' lang='lat' dir='ltr'>sed</span> <span class='ocrx_word' id='word_1_151' title='bbox 489 1168 506 1208; x_wconf 88' lang='lat' dir='ltr'>a</span> <span class='ocrx_word' id='word_1_152' title='bbox 530 1167 596 1223; x_wconf 80' lang='lat' dir='ltr'>rege</span> <span class='ocrx_word' id='word_1_153' title='bbox 615 1150 687 1206; x_wconf 87' lang='lat' dir='ltr'>licite</span> <span class='ocrx_word' id='word_1_154' title='bbox 714 1150 838 1216; x_wconf 88' lang='lat' dir='ltr'>babetur,</span> <span class='ocrx_word' id='word_1_155' title='bbox 861 1167 878 1207; x_wconf 86' lang='lat' dir='ltr'>a</span> <span class='ocrx_word' id='word_1_156' title='bbox 902 1152 963 1207; x_wconf 86' lang='lat' dir='ltr'>iure</span> <span class='ocrx_word' id='word_1_157' title='bbox 1016 1158 1160 1228; x_wconf 90' lang='lat' dir='ltr'>proprium</span> <span class='ocrx_word' id='word_1_158' title='bbox 1182 1158 1241 1226; x_wconf 84' lang='lat' dir='ltr'>luit,</span> <span class='ocrx_word' id='word_1_159' title='bbox 1266 1163 1402 1233; x_wconf 90' lang='lat' dir='ltr'>quomodo</span> <span class='ocrx_word' id='word_1_160' title='bbox 1419 1163 1467 1220; x_wconf 91' lang='lat' dir='ltr'>ille</span> <span class='ocrx_word' id='word_1_161' title='bbox 1487 1167 1607 1222; x_wconf 89' lang='lat' dir='ltr'>vendere</span> <span class='ocrx_word' id='word_1_162' title='bbox 1632 1168 1714 1225; x_wconf 89' lang='lat' dir='ltr'>debet</span> <span class='ocrx_word' id='word_1_163' title='bbox 1737 1171 1812 1241; x_wconf 82' lang='lat' dir='ltr'>cujus</span> 
     </span>
     <span class='ocr_line' id='line_1_12' title="bbox 162 1239 1812 1318; baseline -0.001 -15"><span class='ocrx_word' id='word_1_164' title='bbox 162 1247 255 1303; x_wconf 89' lang='lat' dir='ltr'>illicite</span> <span class='ocrx_word' id='word_1_165' title='bbox 269 1245 357 1309; x_wconf 85' lang='lat' dir='ltr'>datur,</span> <span class='ocrx_word' id='word_1_166' title='bbox 374 1241 467 1298; x_wconf 83' lang='lat' dir='ltr'>illicite</span> <span class='ocrx_word' id='word_1_167' title='bbox 482 1241 634 1310; x_wconf 81' lang='lat' dir='ltr'>accipitur:</span> <span class='ocrx_word' id='word_1_168' title='bbox 650 1239 711 1295; x_wconf 90' lang='lat' dir='ltr'>ideo</span> <span class='ocrx_word' id='word_1_169' title='bbox 734 1241 835 1310; x_wconf 87' lang='lat' dir='ltr'>etipse</span> <span class='ocrx_word' id='word_1_170' title='bbox 859 1240 909 1307; x_wconf 90' lang='lat' dir='ltr'>lur,</span> <span class='ocrx_word' id='word_1_171' title='bbox 934 1250 963 1296; x_wconf 87' lang='lat' dir='ltr'>ct</span> <span class='ocrx_word' id='word_1_172' title='bbox 1015 1261 1070 1301; x_wconf 93' lang='lat' dir='ltr'>nou</span> <span class='ocrx_word' id='word_1_173' title='bbox 1087 1254 1127 1301; x_wconf 86' lang='lat' dir='ltr'>est</span> <span class='ocrx_word' id='word_1_174' title='bbox 1141 1248 1155 1300; x_wconf 75' lang='lat'>⁴?</span> <span class='ocrx_word' id='word_1_175' title='bbox 1171 1248 1274 1318; x_wconf 85' lang='lat' dir='ltr'>Pauper</span> <span class='ocrx_word' id='word_1_176' title='bbox 1288 1250 1360 1305; x_wconf 90' lang='lat' dir='ltr'>enim</span> <span class='ocrx_word' id='word_1_177' title='bbox 1375 1251 1560 1310; x_wconf 78' lang='lat' dir='ltr'>Clrristussuo</span> <span class='ocrx_word' id='word_1_178' title='bbox 1578 1255 1730 1312; x_wconf 70' lang='lat' dir='ltr'>Ecclesiam</span> <span class='ocrx_word' id='word_1_179' title='bbox 1753 1274 1812 1314; x_wconf 61' lang='lat' dir='ltr'>san.</span> 
     </span>
     <span class='ocr_line' id='line_1_13' title="bbox 162 1327 1808 1418; baseline -0.004 -24"><span class='ocrx_word' id='word_1_180' title='bbox 162 1333 376 1394; x_wconf 79' lang='lat' dir='ltr'>communicator</span> <span class='ocrx_word' id='word_1_181' title='bbox 399 1330 471 1396; x_wconf 88' lang='lat' dir='ltr'>iurti,</span> <span class='ocrx_word' id='word_1_182' title='bbox 488 1329 540 1384; x_wconf 91' lang='lat' dir='ltr'>nisi</span> <span class='ocrx_word' id='word_1_183' title='bbox 564 1327 632 1382; x_wconf 82' lang='lat' dir='ltr'>torte</span> <span class='ocrx_word' id='word_1_184' title='bbox 655 1327 882 1384; x_wconf 78' lang='lat' dir='ltr'>deconscientia</span> <span class='ocrx_word' id='word_1_185' title='bbox 897 1328 963 1383; x_wconf 81' lang='lat' dir='ltr'>furti</span> <span class='ocrx_word' id='word_1_186' title='bbox 1014 1335 1098 1404; x_wconf 73' lang='lat' dir='ltr'>puine</span> <span class='ocrx_word' id='word_1_187' title='bbox 1108 1336 1231 1403; x_wconf 89' lang='lat' dir='ltr'>redemit,</span> <span class='ocrx_word' id='word_1_188' title='bbox 1248 1344 1274 1393; x_wconf 91' lang='lat' dir='ltr'>et</span> <span class='ocrx_word' id='word_1_189' title='bbox 1295 1338 1409 1394; x_wconf 89' lang='lat' dir='ltr'>instituit</span> <span class='ocrx_word' id='word_1_190' title='bbox 1434 1357 1489 1396; x_wconf 87' lang='lat' dir='ltr'>uon</span> <span class='ocrx_word' id='word_1_191' title='bbox 1498 1342 1606 1411; x_wconf 90' lang='lat' dir='ltr'>divites,</span> <span class='ocrx_word' id='word_1_192' title='bbox 1629 1343 1682 1400; x_wconf 89' lang='lat' dir='ltr'>sed</span> <span class='ocrx_word' id='word_1_193' title='bbox 1702 1361 1808 1418; x_wconf 65' lang='lat' dir='ltr'>paupe.</span> 
     </span>
     <span class='ocr_line' id='line_1_14' title="bbox 159 1414 1808 1502; baseline -0.004 -21"><span class='ocrx_word' id='word_1_194' title='bbox 159 1441 189 1481; x_wconf 87' lang='lat' dir='ltr'>ae</span> <span class='ocrx_word' id='word_1_195' title='bbox 204 1420 371 1496; x_wconf 74' lang='lat' dir='ltr'>purgaverit,</span> <span class='ocrx_word' id='word_1_196' title='bbox 388 1427 417 1474; x_wconf 94' lang='lat' dir='ltr'>ut</span> <span class='ocrx_word' id='word_1_197' title='bbox 430 1420 511 1474; x_wconf 88' lang='lat' dir='ltr'>etiam</span> <span class='ocrx_word' id='word_1_198' title='bbox 527 1416 650 1487; x_wconf 89' lang='lat' dir='ltr'>perbibet</span> <span class='ocrx_word' id='word_1_199' title='bbox 670 1414 795 1471; x_wconf 81' lang='lat' dir='ltr'>Gelenius</span> <span class='ocrx_word' id='word_1_200' title='bbox 819 1417 854 1471; x_wconf 85' lang='lat' dir='ltr'>ud</span> <span class='ocrx_word' id='word_1_201' title='bbox 879 1417 958 1471; x_wconf 81' lang='lat' dir='ltr'>Ana·</span> <span class='ocrx_word' id='word_1_202' title='bbox 1014 1439 1056 1477; x_wconf 84' lang='lat' dir='ltr'>res</span> <span class='ocrx_word' id='word_1_203' title='bbox 1072 1440 1145 1490; x_wconf 87' lang='lat' dir='ltr'>;non</span> <span class='ocrx_word' id='word_1_204' title='bbox 1158 1440 1191 1480; x_wconf 86' lang='lat' dir='ltr'>en</span> <span class='ocrx_word' id='word_1_205' title='bbox 1205 1442 1266 1498; x_wconf 84' lang='lat' dir='ltr'>quae</span> <span class='ocrx_word' id='word_1_206' title='bbox 1279 1431 1352 1494; x_wconf 89' lang='lat' dir='ltr'>sunl,</span> <span class='ocrx_word' id='word_1_207' title='bbox 1367 1428 1415 1484; x_wconf 87' lang='lat' dir='ltr'>sed</span> <span class='ocrx_word' id='word_1_208' title='bbox 1430 1445 1491 1502; x_wconf 80' lang='lat' dir='ltr'>quae</span> <span class='ocrx_word' id='word_1_209' title='bbox 1503 1446 1557 1486; x_wconf 86' lang='lat' dir='ltr'>non</span> <span class='ocrx_word' id='word_1_210' title='bbox 1572 1441 1635 1488; x_wconf 68' lang='lat' dir='ltr'>suite</span> <span class='ocrx_word' id='word_1_211' title='bbox 1647 1433 1684 1489; x_wconf 64' lang='lat' dir='ltr'>de</span> <span class='ocrx_word' id='word_1_212' title='bbox 1708 1435 1808 1491; x_wconf 66' lang='lat' dir='ltr'>mund,</span> 
     </span>
     <span class='ocr_line' id='line_1_15' title="bbox 161 1504 1807 1594; baseline 0.003 -23"><span class='ocrx_word' id='word_1_213' title='bbox 161 1513 278 1571; x_wconf 79' lang='lat' dir='ltr'>etesium</span> <span class='ocrx_word' id='word_1_214' title='bbox 293 1510 497 1580; x_wconf 85' lang='lat' dir='ltr'>imperatorem,</span> <span class='ocrx_word' id='word_1_215' title='bbox 522 1514 635 1576; x_wconf 88' lang='lat' dir='ltr'>uterque</span> <span class='ocrx_word' id='word_1_216' title='bbox 659 1504 743 1576; x_wconf 76' lang='lat' dir='ltr'>digne</span> <span class='ocrx_word' id='word_1_217' title='bbox 767 1512 794 1559; x_wconf 93' lang='lat' dir='ltr'>et</span> <span class='ocrx_word' id='word_1_218' title='bbox 815 1509 890 1576; x_wconf 87' lang='lat' dir='ltr'>juste</span> <span class='ocrx_word' id='word_1_219' title='bbox 912 1507 958 1561; x_wconf 91' lang='lat' dir='ltr'>da·</span> <span class='ocrx_word' id='word_1_220' title='bbox 1012 1512 1117 1584; x_wconf 82' lang='lat' dir='ltr'>elegit;</span> <span class='ocrx_word' id='word_1_221' title='bbox 1140 1530 1203 1569; x_wconf 90' lang='lat' dir='ltr'>suos</span> <span class='ocrx_word' id='word_1_222' title='bbox 1230 1532 1400 1572; x_wconf 86' lang='lat' dir='ltr'>successores</span> <span class='ocrx_word' id='word_1_223' title='bbox 1424 1534 1479 1573; x_wconf 93' lang='lat' dir='ltr'>non</span> <span class='ocrx_word' id='word_1_224' title='bbox 1502 1520 1596 1576; x_wconf 91' lang='lat' dir='ltr'>mundi</span> <span class='ocrx_word' id='word_1_225' title='bbox 1623 1522 1739 1594; x_wconf 87' lang='lat' dir='ltr'>amicos,</span> <span class='ocrx_word' id='word_1_226' title='bbox 1760 1526 1807 1580; x_wconf 88' lang='lat' dir='ltr'>sed</span> 
     </span>
     <span class='ocr_line' id='line_1_16' title="bbox 159 1593 1806 1668; baseline 0.005 -9"><span class='ocrx_word' id='word_1_227' title='bbox 159 1602 305 1660; x_wconf 81' lang='lat' dir='ltr'>mutabitur.</span> <span class='ocrx_word' id='word_1_228' title='bbox 321 1598 398 1655; x_wconf 89' lang='lat' dir='ltr'>Unde</span> <span class='ocrx_word' id='word_1_229' title='bbox 414 1595 598 1668; x_wconf 88' lang='lat' dir='ltr'>periculosum</span> <span class='ocrx_word' id='word_1_230' title='bbox 612 1608 708 1649; x_wconf 86' lang='lat' dir='ltr'>revera</span> <span class='ocrx_word' id='word_1_231' title='bbox 724 1593 766 1649; x_wconf 90' lang='lat' dir='ltr'>vel</span> <span class='ocrx_word' id='word_1_232' title='bbox 790 1593 958 1663; x_wconf 86' lang='lat' dir='ltr'>approbatio·</span> <span class='ocrx_word' id='word_1_233' title='bbox 1011 1601 1137 1657; x_wconf 88' lang='lat' dir='ltr'>inimicos</span> <span class='ocrx_word' id='word_1_234' title='bbox 1150 1619 1213 1659; x_wconf 87' lang='lat' dir='ltr'>esse</span> <span class='ocrx_word' id='word_1_235' title='bbox 1228 1605 1313 1660; x_wconf 90' lang='lat' dir='ltr'>voluit</span> <span class='ocrx_word' id='word_1_236' title='bbox 1330 1620 1367 1666; x_wconf 77' lang='lat' dir='ltr'>:a</span> <span class='ocrx_word' id='word_1_237' title='bbox 1386 1622 1435 1662; x_wconf 88' lang='lat' dir='ltr'>sua</span> <span class='ocrx_word' id='word_1_238' title='bbox 1451 1607 1576 1663; x_wconf 87' lang='lat' dir='ltr'>Ecelesia</span> <span class='ocrx_word' id='word_1_239' title='bbox 1590 1626 1643 1665; x_wconf 92' lang='lat' dir='ltr'>non</span> <span class='ocrx_word' id='word_1_240' title='bbox 1665 1613 1747 1668; x_wconf 89' lang='lat' dir='ltr'>modo</span> <span class='ocrx_word' id='word_1_241' title='bbox 1766 1613 1806 1668; x_wconf 85' lang='lat' dir='ltr'>le-</span> 
     </span>
     <span class='ocr_line' id='line_1_17' title="bbox 156 1682 1807 1774; baseline 0.001 -25"><span class='ocrx_word' id='word_1_242' title='bbox 156 1709 201 1758; x_wconf 89' lang='lat' dir='ltr'>ne,</span> <span class='ocrx_word' id='word_1_243' title='bbox 214 1691 258 1748; x_wconf 84' lang='lat' dir='ltr'>vel</span> <span class='ocrx_word' id='word_1_244' title='bbox 273 1704 414 1753; x_wconf 87' lang='lat' dir='ltr'>consensu,</span> <span class='ocrx_word' id='word_1_245' title='bbox 430 1684 473 1740; x_wconf 88' lang='lat' dir='ltr'>vel</span> <span class='ocrx_word' id='word_1_246' title='bbox 489 1683 595 1747; x_wconf 84' lang='lat' dir='ltr'>sallem,</span> <span class='ocrx_word' id='word_1_247' title='bbox 617 1698 650 1737; x_wconf 81' lang='lat' dir='ltr'>ex</span> <span class='ocrx_word' id='word_1_248' title='bbox 675 1682 850 1748; x_wconf 87' lang='lat' dir='ltr'>conscientia,</span> <span class='ocrx_word' id='word_1_249' title='bbox 866 1683 954 1738; x_wconf 70' lang='lat' dir='ltr'>haere·</span> <span class='ocrx_word' id='word_1_250' title='bbox 968 1715 995 1774; x_wconf 80' lang='lat' dir='ltr'><strong>B</strong></span> <span class='ocrx_word' id='word_1_251' title='bbox 1010 1689 1084 1744; x_wconf 89' lang='lat' dir='ltr'>noris</span> <span class='ocrx_word' id='word_1_252' title='bbox 1099 1699 1126 1745; x_wconf 92' lang='lat' dir='ltr'>et</span> <span class='ocrx_word' id='word_1_253' title='bbox 1140 1690 1213 1750; x_wconf 83' lang='lat' dir='ltr'>lucri</span> <span class='ocrx_word' id='word_1_254' title='bbox 1222 1693 1371 1762; x_wconf 83' lang='lat' dir='ltr'>cujuslibet</span> <span class='ocrx_word' id='word_1_255' title='bbox 1385 1696 1548 1751; x_wconf 89' lang='lat' dir='ltr'>commercia</span> <span class='ocrx_word' id='word_1_256' title='bbox 1565 1697 1686 1765; x_wconf 90' lang='lat' dir='ltr'>abstulit,</span> <span class='ocrx_word' id='word_1_257' title='bbox 1709 1701 1760 1755; x_wconf 89' lang='lat' dir='ltr'>sed</span> <span class='ocrx_word' id='word_1_258' title='bbox 1782 1708 1807 1756; x_wconf 79' lang='lat' dir='ltr'>et</span> 
     </span>
     <span class='ocr_line' id='line_1_18' title="bbox 156 1771 1806 1861; baseline 0 -24"><span class='ocrx_word' id='word_1_259' title='bbox 156 1781 216 1837; x_wconf 89' lang='lat' dir='ltr'>ticis</span> <span class='ocrx_word' id='word_1_260' title='bbox 231 1773 533 1843; x_wconf 85' lang='lat' dir='ltr'>communicare;quia</span> <span class='ocrx_word' id='word_1_261' title='bbox 547 1772 600 1827; x_wconf 92' lang='lat' dir='ltr'>etsi</span> <span class='ocrx_word' id='word_1_262' title='bbox 614 1771 774 1845; x_wconf 84' lang='lat' dir='ltr'>aliquando,</span> <span class='ocrx_word' id='word_1_263' title='bbox 786 1781 815 1825; x_wconf 92' lang='lat' dir='ltr'>ut</span> <span class='ocrx_word' id='word_1_264' title='bbox 829 1771 953 1842; x_wconf 82' lang='lat' dir='ltr'>superius</span> <span class='ocrx_word' id='word_1_265' title='bbox 1009 1779 1248 1851; x_wconf 73' lang='lat' dir='ltr'>concupiscentie,</span> <span class='ocrx_word' id='word_1_266' title='bbox 1285 1782 1443 1853; x_wconf 91' lang='lat' dir='ltr'>voluptatis,</span> <span class='ocrx_word' id='word_1_267' title='bbox 1462 1785 1663 1855; x_wconf 83' lang='lat' dir='ltr'>sollicitudinis,</span> <span class='ocrx_word' id='word_1_268' title='bbox 1696 1788 1806 1861; x_wconf 82' lang='lat' dir='ltr'>impedi.</span> 
     </span>
     <span class='ocr_line' id='line_1_19' title="bbox 156 1860 1805 1947; baseline 0.006 -22"><span class='ocrx_word' id='word_1_269' title='bbox 156 1877 241 1944; x_wconf 86' lang='lat' dir='ltr'>patet,</span> <span class='ocrx_word' id='word_1_270' title='bbox 258 1866 391 1922; x_wconf 88' lang='lat' dir='ltr'>indultum</span> <span class='ocrx_word' id='word_1_271' title='bbox 407 1870 449 1918; x_wconf 84' lang='lat' dir='ltr'>est</span> <span class='ocrx_word' id='word_1_272' title='bbox 463 1877 497 1917; x_wconf 85' lang='lat' dir='ltr'>ex</span> <span class='ocrx_word' id='word_1_273' title='bbox 512 1860 683 1917; x_wconf 91' lang='lat' dir='ltr'>discretionis</span> <span class='ocrx_word' id='word_1_274' title='bbox 695 1860 738 1915; x_wconf 93' lang='lat' dir='ltr'>vel</span> <span class='ocrx_word' id='word_1_275' title='bbox 753 1860 860 1929; x_wconf 87' lang='lat' dir='ltr'>pietatis</span> <span class='ocrx_word' id='word_1_276' title='bbox 882 1860 956 1914; x_wconf 88' lang='lat' dir='ltr'>arbi·</span> <span class='ocrx_word' id='word_1_277' title='bbox 1010 1877 1101 1923; x_wconf 71' lang='lat' dir='ltr'>nterim</span> <span class='ocrx_word' id='word_1_278' title='bbox 1118 1869 1276 1940; x_wconf 80' lang='lat' dir='ltr'>exstirpavit</span> <span class='ocrx_word' id='word_1_279' title='bbox 1297 1888 1304 1933; x_wconf 86' lang='lat'>;</span> <span class='ocrx_word' id='word_1_280' title='bbox 1321 1879 1488 1928; x_wconf 85' lang='lat' dir='ltr'>terrenorum</span> <span class='ocrx_word' id='word_1_281' title='bbox 1502 1883 1702 1947; x_wconf 90' lang='lat' dir='ltr'>contemptum,</span> <span class='ocrx_word' id='word_1_282' title='bbox 1723 1876 1805 1935; x_wconf 89' lang='lat' dir='ltr'>coele·</span> 
     </span>
     <span class='ocr_line' id='line_1_20' title="bbox 155 1949 1806 2037; baseline -0.02 -22"><span class='ocrx_word' id='word_1_283' title='bbox 155 1959 220 2025; x_wconf 90' lang='lat' dir='ltr'>trio,</span> <span class='ocrx_word' id='word_1_284' title='bbox 236 1955 390 2012; x_wconf 87' lang='lat' dir='ltr'>damnabile</span> <span class='ocrx_word' id='word_1_285' title='bbox 405 1961 495 2008; x_wconf 91' lang='lat' dir='ltr'>tamen</span> <span class='ocrx_word' id='word_1_286' title='bbox 510 1957 618 2007; x_wconf 91' lang='lat' dir='ltr'>constat</span> <span class='ocrx_word' id='word_1_287' title='bbox 632 1965 694 2004; x_wconf 89' lang='lat' dir='ltr'>esse</span> <span class='ocrx_word' id='word_1_288' title='bbox 706 1949 814 2019; x_wconf 86' lang='lat' dir='ltr'>justoet</span> <span class='ocrx_word' id='word_1_289' title='bbox 825 1963 891 2004; x_wconf 85' lang='lat' dir='ltr'>vero</span> <span class='ocrx_word' id='word_1_290' title='bbox 904 1949 955 2005; x_wconf 85' lang='lat' dir='ltr'>Dei</span> <span class='ocrx_word' id='word_1_291' title='bbox 1007 1957 1087 2012; x_wconf 87' lang='lat' dir='ltr'>stium</span> <span class='ocrx_word' id='word_1_292' title='bbox 1102 1967 1205 2014; x_wconf 64' lang='lat' dir='ltr'>,amum</span> <span class='ocrx_word' id='word_1_293' title='bbox 1216 1973 1337 2015; x_wconf 60' lang='lat' dir='ltr'>,morum</span> <span class='ocrx_word' id='word_1_294' title='bbox 1353 1962 1459 2017; x_wconf 49' lang='lat' dir='ltr'>indixi,</span> <span class='ocrx_word' id='word_1_295' title='bbox 1485 1963 1553 2018; x_wconf 72' lang='lat' dir='ltr'>Cum</span> <span class='ocrx_word' id='word_1_296' title='bbox 1574 1980 1642 2037; x_wconf 52' lang='lat' dir='ltr'>ergo</span> <span class='ocrx_word' id='word_1_297' title='bbox 1663 1966 1732 2020; x_wconf 60' lang='lat' dir='ltr'>nihi,</span> <span class='ocrx_word' id='word_1_298' title='bbox 1756 1967 1806 2023; x_wconf 33' lang='lat' dir='ltr'>&#39;m‘</span> 
     </span>
     <span class='ocr_line' id='line_1_21' title="bbox 153 2043 1804 2122; baseline -0.007 -3"><span class='ocrx_word' id='word_1_299' title='bbox 153 2047 267 2119; x_wconf 66' lang='lat' dir='ltr'>lssdissiO·</span> <span class='ocrx_word' id='word_1_300' title='bbox 1007 2043 1095 2100; x_wconf 87' lang='lat' dir='ltr'>buerit</span> <span class='ocrx_word' id='word_1_301' title='bbox 1118 2046 1160 2101; x_wconf 86' lang='lat' dir='ltr'>vel</span> <span class='ocrx_word' id='word_1_302' title='bbox 1185 2046 1286 2103; x_wconf 85' lang='lat' dir='ltr'>babere</span> <span class='ocrx_word' id='word_1_303' title='bbox 1301 2047 1435 2116; x_wconf 88' lang='lat' dir='ltr'>debuerit,</span> <span class='ocrx_word' id='word_1_304' title='bbox 1447 2049 1482 2104; x_wconf 86' lang='lat' dir='ltr'>ab</span> <span class='ocrx_word' id='word_1_305' title='bbox 1496 2050 1611 2122; x_wconf 78' lang='lat' dir='ltr'>originis</span> <span class='ocrx_word' id='word_1_306' title='bbox 1625 2068 1684 2107; x_wconf 82' lang='lat' dir='ltr'>suae</span> <span class='ocrx_word' id='word_1_307' title='bbox 1703 2070 1804 2110; x_wconf 84' lang='lat' dir='ltr'>succes</span> 
     </span>
     <span class='ocr_line' id='line_1_22' title="bbox 154 2133 1804 2208; baseline -0.003 -6"><span class='ocrx_word' id='word_1_308' title='bbox 154 2147 220 2203; x_wconf 79' lang='lat' dir='ltr'>Gne.</span> <span class='ocrx_word' id='word_1_309' title='bbox 238 2141 373 2198; x_wconf 81' lang='lat' dir='ltr'>LXXXV.</span> <span class='ocrx_word' id='word_1_310' title='bbox 392 2139 467 2208; x_wconf 82' lang='lat' dir='ltr'>Quod</span> <span class='ocrx_word' id='word_1_311' title='bbox 482 2138 541 2194; x_wconf 81' lang='lat' dir='ltr'>tole</span> <span class='ocrx_word' id='word_1_312' title='bbox 560 2137 684 2192; x_wconf 76' lang='lat' dir='ltr'>avaritie</span> <span class='ocrx_word' id='word_1_313' title='bbox 704 2135 883 2192; x_wconf 80' lang='lat' dir='ltr'>commendet</span> <span class='ocrx_word' id='word_1_314' title='bbox 907 2135 953 2191; x_wconf 85' lang='lat' dir='ltr'>Si·</span> <span class='ocrx_word' id='word_1_315' title='bbox 1006 2133 1093 2200; x_wconf 90' lang='lat' dir='ltr'>sione,</span> <span class='ocrx_word' id='word_1_316' title='bbox 1114 2133 1186 2205; x_wconf 92' lang='lat' dir='ltr'>quod</span> <span class='ocrx_word' id='word_1_317' title='bbox 1210 2134 1259 2189; x_wconf 92' lang='lat' dir='ltr'>nisi</span> <span class='ocrx_word' id='word_1_318' title='bbox 1284 2152 1333 2206; x_wconf 91' lang='lat' dir='ltr'>per</span> <span class='ocrx_word' id='word_1_319' title='bbox 1351 2137 1473 2208; x_wconf 87' lang='lat' dir='ltr'>rapinam</span> <span class='ocrx_word' id='word_1_320' title='bbox 1494 2137 1619 2194; x_wconf 85' lang='lat' dir='ltr'>babuerit</span> <span class='ocrx_word' id='word_1_321' title='bbox 1641 2140 1678 2196; x_wconf 88' lang='lat' dir='ltr'>de</span> <span class='ocrx_word' id='word_1_322' title='bbox 1704 2142 1804 2197; x_wconf 91' lang='lat' dir='ltr'>mundo</span> 
     </span>
     <span class='ocr_line' id='line_1_23' title="bbox 484 2211 1800 2297; baseline -0.001 -10"><span class='ocrx_word' id='word_1_323' title='bbox 484 2211 620 2264; x_wconf 61' lang='lat' dir='ltr'><strong><em>mmm·</em></strong></span> <span class='ocrx_word' id='word_1_324' title='bbox 1007 2221 1060 2276; x_wconf 85' lang='lat' dir='ltr'>nisi</span> <span class='ocrx_word' id='word_1_325' title='bbox 1075 2221 1144 2277; x_wconf 85' lang='lat' dir='ltr'>forte</span> <span class='ocrx_word' id='word_1_326' title='bbox 1160 2239 1194 2278; x_wconf 84' lang='lat' dir='ltr'>ex</span> <span class='ocrx_word' id='word_1_327' title='bbox 1210 2224 1327 2295; x_wconf 82' lang='lat' dir='ltr'>gratuita</span> <span class='ocrx_word' id='word_1_328' title='bbox 1341 2226 1494 2296; x_wconf 86' lang='lat' dir='ltr'>aliquorum</span> <span class='ocrx_word' id='word_1_329' title='bbox 1509 2225 1630 2283; x_wconf 89' lang='lat' dir='ltr'>fidelium</span> <span class='ocrx_word' id='word_1_330' title='bbox 1652 2229 1800 2297; x_wconf 87' lang='lat' dir='ltr'>oblatione,</span> 
     </span>
     <span class='ocr_line' id='line_1_24' title="bbox 188 2302 1803 2388; baseline -0.02 -19"><span class='ocrx_word' id='word_1_331' title='bbox 188 2312 259 2384; x_wconf 85' lang='lat' dir='ltr'>Quia</span> <span class='ocrx_word' id='word_1_332' title='bbox 277 2326 344 2383; x_wconf 76' lang='lat' dir='ltr'>ergo</span> <span class='ocrx_word' id='word_1_333' title='bbox 365 2312 485 2365; x_wconf 84' lang='lat' dir='ltr'>baereses</span> <span class='ocrx_word' id='word_1_334' title='bbox 505 2321 568 2361; x_wconf 89' lang='lat' dir='ltr'>cum</span> <span class='ocrx_word' id='word_1_335' title='bbox 596 2305 652 2358; x_wconf 91' lang='lat' dir='ltr'>suis</span> <span class='ocrx_word' id='word_1_336' title='bbox 675 2302 953 2360; x_wconf 87' lang='lat' dir='ltr'>communicatoribus</span> <span class='ocrx_word' id='word_1_337' title='bbox 1005 2325 1057 2366; x_wconf 71' lang='lat' dir='ltr'>nec</span> <span class='ocrx_word' id='word_1_338' title='bbox 1072 2311 1106 2365; x_wconf 66' lang='lat' dir='ltr'>nd</span> <span class='ocrx_word' id='word_1_339' title='bbox 1120 2327 1148 2365; x_wconf 55' lang='grc' dir='ltr'>,ρ</span> <span class='ocrx_word' id='word_1_340' title='bbox 1170 2327 1289 2382; x_wconf 61' lang='lat' dir='ltr'>,uosque</span> <span class='ocrx_word' id='word_1_341' title='bbox 1313 2314 1549 2369; x_wconf 54' lang='lat' dir='ltr'>suspenpandump</span> <span class='ocrx_word' id='word_1_342' title='bbox 1574 2316 1646 2372; x_wconf 56' lang='lat' dir='ltr'><strong>satis</strong></span> <span class='ocrx_word' id='word_1_343' title='bbox 1669 2332 1737 2388; x_wconf 55' lang='lat' dir='ltr'>ergo</span> <span class='ocrx_word' id='word_1_344' title='bbox 1758 2318 1803 2374; x_wconf 47' lang='lat' dir='ltr'>ab</span> 
     </span>
     <span class='ocr_line' id='line_1_25' title="bbox 151 2391 1802 2474; baseline -0.002 -14"><span class='ocrx_word' id='word_1_345' title='bbox 151 2412 214 2460; x_wconf 91' lang='lat' dir='ltr'>sunt</span> <span class='ocrx_word' id='word_1_346' title='bbox 228 2403 371 2465; x_wconf 77' lang='lat' dir='ltr'>damnatae,</span> <span class='ocrx_word' id='word_1_347' title='bbox 388 2398 450 2452; x_wconf 87' lang='lat' dir='ltr'>ideo</span> <span class='ocrx_word' id='word_1_348' title='bbox 466 2411 482 2450; x_wconf 89' lang='lat' dir='ltr'>a</span> <span class='ocrx_word' id='word_1_349' title='bbox 496 2402 589 2448; x_wconf 88' lang='lat' dir='ltr'>sancta</span> <span class='ocrx_word' id='word_1_350' title='bbox 603 2391 728 2448; x_wconf 86' lang='lat' dir='ltr'>Ecclesia</span> <span class='ocrx_word' id='word_1_351' title='bbox 741 2407 854 2462; x_wconf 87' lang='lat' dir='ltr'>prorsus</span> <span class='ocrx_word' id='word_1_352' title='bbox 876 2407 950 2461; x_wconf 85' lang='lat' dir='ltr'>prae·</span> <span class='ocrx_word' id='word_1_353' title='bbox 1005 2398 1125 2468; x_wconf 75' lang='lat' dir='ltr'>surdum,</span> <span class='ocrx_word' id='word_1_354' title='bbox 1149 2408 1178 2455; x_wconf 87' lang='lat' dir='ltr'>ut</span> <span class='ocrx_word' id='word_1_355' title='bbox 1199 2400 1243 2471; x_wconf 90' lang='lat' dir='ltr'>qui</span> <span class='ocrx_word' id='word_1_356' title='bbox 1267 2416 1317 2454; x_wconf 91' lang='lat' dir='ltr'>sun</span> <span class='ocrx_word' id='word_1_357' title='bbox 1339 2401 1494 2471; x_wconf 86' lang='lat' dir='ltr'>relinquere</span> <span class='ocrx_word' id='word_1_358' title='bbox 1518 2404 1696 2474; x_wconf 89' lang='lat' dir='ltr'>imperantur,</span> <span class='ocrx_word' id='word_1_359' title='bbox 1713 2406 1802 2463; x_wconf 82' lang='lat' dir='ltr'>aliena</span> 
     </span>
     <span class='ocr_line' id='line_1_26' title="bbox 149 2478 1801 2564; baseline -0.006 -4"><span class='ocrx_word' id='word_1_360' title='bbox 149 2499 191 2546; x_wconf 62' lang='lat'>²0?</span> <span class='ocrx_word' id='word_1_361' title='bbox 209 2488 358 2545; x_wconf 64' lang='grc' dir='ltr'>51111οΠῑῦ111</span> <span class='ocrx_word' id='word_1_362' title='bbox 370 2490 431 2539; x_wconf 69' lang='lat'>⁵⁰⁰²</span> <span class='ocrx_word' id='word_1_363' title='bbox 454 2481 609 2550; x_wconf 77' lang='lat' dir='ltr'>exstirpatae</span> <span class='ocrx_word' id='word_1_364' title='bbox 626 2497 632 2533; x_wconf 85' lang='lat'>²</span> <span class='ocrx_word' id='word_1_365' title='bbox 650 2494 730 2551; x_wconf 65' lang='lat' dir='ltr'>(luam</span> <span class='ocrx_word' id='word_1_366' title='bbox 756 2494 818 2533; x_wconf 64' lang='lat'>‘³⁰¹¹‘</span> <span class='ocrx_word' id='word_1_367' title='bbox 835 2478 950 2532; x_wconf 52' lang='lat' dir='ltr'>inimi·</span> <span class='ocrx_word' id='word_1_368' title='bbox 1004 2488 1122 2543; x_wconf 90' lang='lat' dir='ltr'>vendant</span> <span class='ocrx_word' id='word_1_369' title='bbox 1137 2504 1144 2558; x_wconf 89' lang='lat'>;</span> <span class='ocrx_word' id='word_1_370' title='bbox 1162 2496 1198 2554; x_wconf 89' lang='lat' dir='ltr'>et,</span> <span class='ocrx_word' id='word_1_371' title='bbox 1214 2487 1287 2560; x_wconf 89' lang='lat' dir='ltr'>quod</span> <span class='ocrx_word' id='word_1_372' title='bbox 1302 2489 1424 2545; x_wconf 84' lang='lat' dir='ltr'>deterius</span> <span class='ocrx_word' id='word_1_373' title='bbox 1438 2499 1490 2557; x_wconf 85' lang='lat' dir='ltr'>est,</span> <span class='ocrx_word' id='word_1_374' title='bbox 1510 2492 1609 2564; x_wconf 86' lang='lat' dir='ltr'>quibus</span> <span class='ocrx_word' id='word_1_375' title='bbox 1627 2493 1662 2549; x_wconf 89' lang='lat' dir='ltr'>de</span> <span class='ocrx_word' id='word_1_376' title='bbox 1684 2496 1801 2551; x_wconf 86' lang='lat' dir='ltr'>terrenis</span> 
     </span>
     <span class='ocr_line' id='line_1_27' title="bbox 151 2567 1800 2649; baseline -0.005 0"><span class='ocrx_word' id='word_1_377' title='bbox 151 2577 232 2636; x_wconf 63' lang='lat' dir='ltr'>clbffl</span> <span class='ocrx_word' id='word_1_378' title='bbox 262 2574 374 2631; x_wconf 58' lang='lat' dir='ltr'>mimia</span> <span class='ocrx_word' id='word_1_379' title='bbox 398 2572 455 2626; x_wconf 72' lang='lat'><strong>⁵⁰¹³</strong></span> <span class='ocrx_word' id='word_1_380' title='bbox 480 2567 655 2625; x_wconf 67' lang='lat' dir='ltr'><strong>⁰⁰mffl⁹¹¹d⁸¹</strong></span> <span class='ocrx_word' id='word_1_381' title='bbox 685 2567 811 2622; x_wconf 62' lang='grc'>11111118·</span> <span class='ocrx_word' id='word_1_382' title='bbox 841 2568 951 2622; x_wconf 73' lang='lat' dir='ltr'>Caelerae</span> <span class='ocrx_word' id='word_1_383' title='bbox 1004 2575 1084 2631; x_wconf 90' lang='lat' dir='ltr'>etiam</span> <span class='ocrx_word' id='word_1_384' title='bbox 1112 2586 1219 2633; x_wconf 86' lang='lat' dir='ltr'>terrena</span> <span class='ocrx_word' id='word_1_385' title='bbox 1246 2577 1321 2634; x_wconf 89' lang='lat' dir='ltr'>lucra</span> <span class='ocrx_word' id='word_1_386' title='bbox 1350 2579 1558 2649; x_wconf 87' lang='lat' dir='ltr'>interdicuntur,</span> <span class='ocrx_word' id='word_1_387' title='bbox 1588 2582 1622 2637; x_wconf 89' lang='lat' dir='ltr'>de</span> <span class='ocrx_word' id='word_1_388' title='bbox 1642 2582 1800 2640; x_wconf 87' lang='lat' dir='ltr'>coelestibus</span> 
     </span>
     <span class='ocr_line' id='line_1_28' title="bbox 152 2655 1800 2738; baseline -0.007 -15"><span class='ocrx_word' id='word_1_389' title='bbox 152 2667 224 2725; x_wconf 88' lang='lat' dir='ltr'>enirn</span> <span class='ocrx_word' id='word_1_390' title='bbox 252 2667 383 2729; x_wconf 87' lang='lat' dir='ltr'>haereses,</span> <span class='ocrx_word' id='word_1_391' title='bbox 400 2675 462 2732; x_wconf 83' lang='lat' dir='ltr'>quae</span> <span class='ocrx_word' id='word_1_392' title='bbox 486 2656 676 2712; x_wconf 87' lang='lat' dir='ltr'>insolubilibus</span> <span class='ocrx_word' id='word_1_393' title='bbox 698 2656 839 2711; x_wconf 87' lang='lat' dir='ltr'>sententiis</span> <span class='ocrx_word' id='word_1_394' title='bbox 860 2655 952 2710; x_wconf 86' lang='lat' dir='ltr'>Eccle·</span> <span class='ocrx_word' id='word_1_395' title='bbox 1004 2666 1141 2738; x_wconf 67' lang='lat' dir='ltr'>negotiare</span> <span class='ocrx_word' id='word_1_396' title='bbox 1156 2667 1284 2733; x_wconf 65' lang='lat' dir='ltr'>audeant,</span> <span class='ocrx_word' id='word_1_397' title='bbox 1308 2667 1378 2723; x_wconf 57' lang='lat' dir='ltr'>adeo</span> <span class='ocrx_word' id='word_1_398' title='bbox 1404 2676 1431 2722; x_wconf 69' lang='lat' dir='ltr'>up</span> <span class='ocrx_word' id='word_1_399' title='bbox 1454 2684 1544 2725; x_wconf 48' lang='grc' dir='ltr'>,ευρ</span> <span class='ocrx_word' id='word_1_400' title='bbox 1567 2670 1720 2727; x_wconf 57' lang='lat' dir='ltr'>venalitatis</span> <span class='ocrx_word' id='word_1_401' title='bbox 1742 2687 1800 2725; x_wconf 56' lang='lat' dir='ltr'>aaa.</span> 
     </span>
     <span class='ocr_line' id='line_1_29' title="bbox 150 2744 1800 2828; baseline -0.007 -3"><span class='ocrx_word' id='word_1_402' title='bbox 150 2752 402 2812; x_wconf 62' lang='lat' dir='ltr'>⁸5³m⁵⁰issd0b³ssb</span> <span class='ocrx_word' id='word_1_403' title='bbox 420 2755 482 2803; x_wconf 64' lang='lat'>⁸⁸⁰¹</span> <span class='ocrx_word' id='word_1_404' title='bbox 497 2747 602 2816; x_wconf 62' lang='lat' dir='ltr'>⁵⁰Pi¹aea</span> <span class='ocrx_word' id='word_1_405' title='bbox 623 2745 682 2800; x_wconf 62' lang='lat'>⁵0¹²</span> <span class='ocrx_word' id='word_1_406' title='bbox 702 2745 758 2799; x_wconf 68' lang='lat' dir='ltr'>haec</span> <span class='ocrx_word' id='word_1_407' title='bbox 783 2760 843 2814; x_wconf 71' lang='lat' dir='ltr'>(ll¹ae</span> <span class='ocrx_word' id='word_1_408' title='bbox 867 2744 950 2798; x_wconf 72' lang='lat' dir='ltr'>inmt-</span> <span class='ocrx_word' id='word_1_409' title='bbox 1003 2754 1073 2820; x_wconf 90' lang='lat' dir='ltr'>ritia,</span> <span class='ocrx_word' id='word_1_410' title='bbox 1099 2771 1148 2809; x_wconf 88' lang='lat' dir='ltr'>nec</span> <span class='ocrx_word' id='word_1_411' title='bbox 1170 2763 1226 2809; x_wconf 84' lang='lat' dir='ltr'>tuta</span> <span class='ocrx_word' id='word_1_412' title='bbox 1250 2771 1308 2810; x_wconf 90' lang='lat' dir='ltr'>esse</span> <span class='ocrx_word' id='word_1_413' title='bbox 1335 2756 1419 2828; x_wconf 87' lang='lat' dir='ltr'>possit</span> <span class='ocrx_word' id='word_1_414' title='bbox 1443 2757 1525 2811; x_wconf 87' lang='lat' dir='ltr'>etiam</span> <span class='ocrx_word' id='word_1_415' title='bbox 1552 2757 1673 2815; x_wconf 84' lang='lat' dir='ltr'>fidelium</span> <span class='ocrx_word' id='word_1_416' title='bbox 1704 2759 1800 2815; x_wconf 90' lang='lat' dir='ltr'>delun·</span> 
     </span>
     <span class='ocr_line' id='line_1_30' title="bbox 148 2832 1798 2922; baseline -0.021 -21"><span class='ocrx_word' id='word_1_417' title='bbox 148 2841 326 2901; x_wconf 89' lang='lat' dir='ltr'>merabilibus</span> <span class='ocrx_word' id='word_1_418' title='bbox 339 2839 423 2910; x_wconf 93' lang='lat' dir='ltr'>pollet</span> <span class='ocrx_word' id='word_1_419' title='bbox 444 2834 574 2908; x_wconf 76' lang='lat' dir='ltr'>pecualia,</span> <span class='ocrx_word' id='word_1_420' title='bbox 598 2833 766 2888; x_wconf 87' lang='lat' dir='ltr'>incessanter</span> <span class='ocrx_word' id='word_1_421' title='bbox 788 2832 948 2888; x_wconf 86' lang='lat' dir='ltr'>scandulum</span> <span class='ocrx_word' id='word_1_422' title='bbox 963 2859 987 2922; x_wconf 77' lang='lat' dir='ltr'>C</span> <span class='ocrx_word' id='word_1_423' title='bbox 1003 2851 1109 2898; x_wconf 84' lang='lat' dir='ltr'>olorum</span> <span class='ocrx_word' id='word_1_424' title='bbox 1125 2843 1309 2916; x_wconf 45' lang='lat' dir='ltr'>eleemosyna,</span> <span class='ocrx_word' id='word_1_425' title='bbox 1325 2861 1376 2901; x_wconf 61' lang='lat' dir='ltr'>ne,</span> <span class='ocrx_word' id='word_1_426' title='bbox 1390 2845 1485 2901; x_wconf 56' lang='lat' dir='ltr'>,anem</span> <span class='ocrx_word' id='word_1_427' title='bbox 1504 2847 1604 2906; x_wconf 57' lang='lat' dir='ltr'>diviuae</span> <span class='ocrx_word' id='word_1_428' title='bbox 1627 2848 1798 2904; x_wconf 46' lang='lat' dir='ltr'><strong>administra·</strong></span> 
     </span>
     <span class='ocr_line' id='line_1_31' title="bbox 146 2920 1190 3008; baseline -0.018 -19"><span class='ocrx_word' id='word_1_429' title='bbox 146 2928 410 3008; x_wconf 77' lang='lat' dir='ltr'>generatEcclesiae.</span> <span class='ocrx_word' id='word_1_430' title='bbox 427 2925 493 2980; x_wconf 82' lang='lat' dir='ltr'>dliae</span> <span class='ocrx_word' id='word_1_431' title='bbox 517 2925 685 2978; x_wconf 87' lang='lat' dir='ltr'>autoritatem</span> <span class='ocrx_word' id='word_1_432' title='bbox 710 2921 762 2975; x_wconf 88' lang='lat' dir='ltr'>sibi</span> <span class='ocrx_word' id='word_1_433' title='bbox 785 2920 946 2976; x_wconf 87' lang='lat' dir='ltr'>videbantur</span> <span class='ocrx_word' id='word_1_434' title='bbox 1001 2932 1190 3005; x_wconf 49' lang='lat' dir='ltr'>rionisgmpa,</span> 
     </span>
    </p>
   </div>
   <div class='ocr_carea' id='block_1_3' title="bbox 130 3010 1796 4417">
    <p class='ocr_par' dir='ltr' id='par_1_3' title="bbox 146 3010 1796 3176">
     <span class='ocr_line' id='line_1_32' title="bbox 148 3010 1796 3093; baseline -0.02 -14"><span class='ocrx_word' id='word_1_435' title='bbox 148 3021 307 3080; x_wconf 86' lang='lat' dir='ltr'>contrahere</span> <span class='ocrx_word' id='word_1_436' title='bbox 333 3032 350 3072; x_wconf 87' lang='lat' dir='ltr'>a</span> <span class='ocrx_word' id='word_1_437' title='bbox 375 3013 516 3087; x_wconf 84' lang='lat' dir='ltr'>prophetis</span> <span class='ocrx_word' id='word_1_438' title='bbox 545 3020 572 3067; x_wconf 90' lang='lat' dir='ltr'>et</span> <span class='ocrx_word' id='word_1_439' title='bbox 595 3010 781 3083; x_wconf 75' lang='lat' dir='ltr'>evangelistis,</span> <span class='ocrx_word' id='word_1_440' title='bbox 808 3013 945 3065; x_wconf 87' lang='lat' dir='ltr'>ettamen</span> <span class='ocrx_word' id='word_1_441' title='bbox 1000 3021 1068 3076; x_wconf 54' lang='lat' dir='ltr'>epp,</span> <span class='ocrx_word' id='word_1_442' title='bbox 1087 3022 1239 3080; x_wconf 62' lang='lat' dir='ltr'>LXXXVI¹</span> <span class='ocrx_word' id='word_1_443' title='bbox 1258 3025 1333 3093; x_wconf 57' lang='lat' dir='ltr'><strong><em>Quod</em></strong></span> <span class='ocrx_word' id='word_1_444' title='bbox 1348 3027 1381 3081; x_wconf 57' lang='lat' dir='ltr'>d,</span> <span class='ocrx_word' id='word_1_445' title='bbox 1395 3025 1526 3083; x_wconf 52' lang='lat' dir='ltr'>Simoni,</span> <span class='ocrx_word' id='word_1_446' title='bbox 1540 3024 1706 3082; x_wconf 59' lang='lat' dir='ltr'><strong><em>damnanda</em></strong></span> <span class='ocrx_word' id='word_1_447' title='bbox 1720 3026 1796 3084; x_wconf 53' lang='lat' dir='ltr'>num</span> 
     </span>
     <span class='ocr_line' id='line_1_33' title="bbox 146 3097 1476 3176; baseline -0.018 -9"><span class='ocrx_word' id='word_1_448' title='bbox 146 3111 328 3176; x_wconf 76' lang='lat' dir='ltr'>cecideruut,</span> <span class='ocrx_word' id='word_1_449' title='bbox 352 3107 410 3160; x_wconf 87' lang='lat' dir='ltr'>baec</span> <span class='ocrx_word' id='word_1_450' title='bbox 439 3101 640 3158; x_wconf 88' lang='lat' dir='ltr'>damnationem</span> <span class='ocrx_word' id='word_1_451' title='bbox 671 3099 785 3154; x_wconf 87' lang='lat' dir='ltr'>sustinet</span> <span class='ocrx_word' id='word_1_452' title='bbox 819 3098 853 3152; x_wconf 92' lang='lat' dir='ltr'>ab</span> <span class='ocrx_word' id='word_1_453' title='bbox 883 3098 944 3168; x_wconf 90' lang='lat' dir='ltr'>ipso</span> <span class='ocrx_word' id='word_1_454' title='bbox 1314 3097 1476 3152; x_wconf 62' lang='lat' dir='ltr'>laceratum,</span> 
     </span>
    </p>

    <p class='ocr_par' dir='ltr' id='par_1_4' title="bbox 130 3183 1794 4417">
     <span class='ocr_line' id='line_1_34' title="bbox 145 3183 1793 3268; baseline -0.01 -11"><span class='ocrx_word' id='word_1_455' title='bbox 145 3201 214 3267; x_wconf 87' lang='lat' dir='ltr'>Deo,</span> <span class='ocrx_word' id='word_1_456' title='bbox 230 3193 420 3268; x_wconf 85' lang='lat' dir='ltr'>etproplretis,</span> <span class='ocrx_word' id='word_1_457' title='bbox 446 3200 473 3247; x_wconf 93' lang='lat' dir='ltr'>et</span> <span class='ocrx_word' id='word_1_458' title='bbox 500 3189 626 3246; x_wconf 77' lang='lat' dir='ltr'>omatibus</span> <span class='ocrx_word' id='word_1_459' title='bbox 656 3187 780 3252; x_wconf 89' lang='lat' dir='ltr'>sanctis;</span> <span class='ocrx_word' id='word_1_460' title='bbox 803 3194 830 3241; x_wconf 91' lang='lat' dir='ltr'>et</span> <span class='ocrx_word' id='word_1_461' title='bbox 853 3194 941 3242; x_wconf 80' lang='lat' dir='ltr'>maten</span> <span class='ocrx_word' id='word_1_462' title='bbox 1032 3186 1133 3254; x_wconf 80' lang='lat' dir='ltr'>dspere</span> <span class='ocrx_word' id='word_1_463' title='bbox 1150 3183 1258 3254; x_wconf 89' lang='lat' dir='ltr'>quidem</span> <span class='ocrx_word' id='word_1_464' title='bbox 1282 3185 1310 3239; x_wconf 92' lang='lat' dir='ltr'>in</span> <span class='ocrx_word' id='word_1_465' title='bbox 1339 3185 1510 3240; x_wconf 79' lang='lat' dir='ltr'>simoniacos</span> <span class='ocrx_word' id='word_1_466' title='bbox 1533 3184 1608 3254; x_wconf 87' lang='lat' dir='ltr'>loqui</span> <span class='ocrx_word' id='word_1_467' title='bbox 1631 3185 1696 3241; x_wconf 87' lang='lat' dir='ltr'>visu</span> <span class='ocrx_word' id='word_1_468' title='bbox 1722 3201 1793 3253; x_wconf 88' lang='lat' dir='ltr'>sum,</span> 
     </span>
     <span class='ocr_line' id='line_1_35' title="bbox 145 3270 1794 3351; baseline -0.01 -5"><span class='ocrx_word' id='word_1_469' title='bbox 145 3288 295 3345; x_wconf 88' lang='lat' dir='ltr'>admodum</span> <span class='ocrx_word' id='word_1_470' title='bbox 318 3282 420 3340; x_wconf 83' lang='lat' dir='ltr'>Lernaei</span> <span class='ocrx_word' id='word_1_471' title='bbox 449 3279 546 3351; x_wconf 86' lang='lat' dir='ltr'>capitis</span> <span class='ocrx_word' id='word_1_472' title='bbox 574 3278 609 3333; x_wconf 88' lang='lat' dir='ltr'>ab</span> <span class='ocrx_word' id='word_1_473' title='bbox 632 3278 691 3348; x_wconf 88' lang='lat' dir='ltr'>ipsa</span> <span class='ocrx_word' id='word_1_474' title='bbox 715 3291 768 3331; x_wconf 89' lang='lat' dir='ltr'>sua</span> <span class='ocrx_word' id='word_1_475' title='bbox 789 3275 941 3333; x_wconf 89' lang='lat' dir='ltr'>succisione</span> <span class='ocrx_word' id='word_1_476' title='bbox 995 3270 1044 3326; x_wconf 90' lang='lat' dir='ltr'>sed</span> <span class='ocrx_word' id='word_1_477' title='bbox 1059 3271 1125 3327; x_wconf 92' lang='lat' dir='ltr'>sciat</span> <span class='ocrx_word' id='word_1_478' title='bbox 1149 3272 1322 3343; x_wconf 85' lang='lat' dir='ltr'>omnipotens</span> <span class='ocrx_word' id='word_1_479' title='bbox 1336 3274 1410 3329; x_wconf 87' lang='lat' dir='ltr'>Deus</span> <span class='ocrx_word' id='word_1_480' title='bbox 1423 3271 1570 3328; x_wconf 89' lang='lat' dir='ltr'>salubriter</span> <span class='ocrx_word' id='word_1_481' title='bbox 1583 3288 1617 3329; x_wconf 88' lang='lat' dir='ltr'>ac</span> <span class='ocrx_word' id='word_1_482' title='bbox 1632 3289 1709 3341; x_wconf 87' lang='lat' dir='ltr'>vere,</span> <span class='ocrx_word' id='word_1_483' title='bbox 1731 3274 1794 3347; x_wconf 87' lang='lat' dir='ltr'>quia</span> 
     </span>
     <span class='ocr_line' id='line_1_36' title="bbox 142 3360 1793 3438; baseline -0.01 -5"><span class='ocrx_word' id='word_1_484' title='bbox 142 3377 227 3434; x_wconf 87' lang='lat' dir='ltr'>sumit</span> <span class='ocrx_word' id='word_1_485' title='bbox 242 3376 451 3430; x_wconf 87' lang='lat' dir='ltr'>incrementum.</span> <span class='ocrx_word' id='word_1_486' title='bbox 468 3368 503 3423; x_wconf 93' lang='lat' dir='ltr'>Ut</span> <span class='ocrx_word' id='word_1_487' title='bbox 517 3380 582 3438; x_wconf 82' lang='lat' dir='ltr'>ergo</span> <span class='ocrx_word' id='word_1_488' title='bbox 603 3372 685 3435; x_wconf 90' lang='lat' dir='ltr'>patet,</span> <span class='ocrx_word' id='word_1_489' title='bbox 702 3362 784 3418; x_wconf 86' lang='lat' dir='ltr'>iidem</span> <span class='ocrx_word' id='word_1_490' title='bbox 806 3363 939 3418; x_wconf 85' lang='lat' dir='ltr'>Christia-</span> <span class='ocrx_word' id='word_1_491' title='bbox 996 3374 1049 3413; x_wconf 92' lang='lat' dir='ltr'>uon</span> <span class='ocrx_word' id='word_1_492' title='bbox 1073 3375 1106 3415; x_wconf 85' lang='lat' dir='ltr'>ex</span> <span class='ocrx_word' id='word_1_493' title='bbox 1127 3374 1188 3415; x_wconf 89' lang='lat' dir='ltr'>meo</span> <span class='ocrx_word' id='word_1_494' title='bbox 1215 3376 1295 3416; x_wconf 88' lang='lat' dir='ltr'>sensu</span> <span class='ocrx_word' id='word_1_495' title='bbox 1322 3369 1548 3433; x_wconf 87' lang='lat' dir='ltr'>praesumptuose,</span> <span class='ocrx_word' id='word_1_496' title='bbox 1576 3360 1626 3418; x_wconf 89' lang='lat' dir='ltr'>sed</span> <span class='ocrx_word' id='word_1_497' title='bbox 1655 3363 1793 3434; x_wconf 86' lang='lat' dir='ltr'>exipsius</span> 
     </span>
     <span class='ocr_line' id='line_1_37' title="bbox 141 3447 1790 3533; baseline -0.01 -10"><span class='ocrx_word' id='word_1_498' title='bbox 141 3483 205 3523; x_wconf 90' lang='lat' dir='ltr'>nam</span> <span class='ocrx_word' id='word_1_499' title='bbox 221 3479 275 3521; x_wconf 92' lang='lat' dir='ltr'>non</span> <span class='ocrx_word' id='word_1_500' title='bbox 290 3465 447 3533; x_wconf 76' lang='lat' dir='ltr'>expugnant</span> <span class='ocrx_word' id='word_1_501' title='bbox 464 3454 604 3511; x_wconf 80' lang='lat' dir='ltr'>sententiae</span> <span class='ocrx_word' id='word_1_502' title='bbox 624 3454 666 3508; x_wconf 91' lang='lat' dir='ltr'>vel</span> <span class='ocrx_word' id='word_1_503' title='bbox 689 3453 800 3516; x_wconf 76' lang='lat' dir='ltr'>divitiae,</span> <span class='ocrx_word' id='word_1_504' title='bbox 819 3451 881 3522; x_wconf 88' lang='lat' dir='ltr'>quia</span> <span class='ocrx_word' id='word_1_505' title='bbox 904 3452 939 3506; x_wconf 90' lang='lat' dir='ltr'>ad</span> <span class='ocrx_word' id='word_1_506' title='bbox 995 3447 1106 3502; x_wconf 74' lang='lat' dir='ltr'>bontilli</span> <span class='ocrx_word' id='word_1_507' title='bbox 1135 3455 1161 3503; x_wconf 92' lang='lat' dir='ltr'>et</span> <span class='ocrx_word' id='word_1_508' title='bbox 1195 3450 1315 3503; x_wconf 90' lang='lat' dir='ltr'>omnium</span> <span class='ocrx_word' id='word_1_509' title='bbox 1349 3458 1506 3505; x_wconf 88' lang='lat' dir='ltr'>sanctorum</span> <span class='ocrx_word' id='word_1_510' title='bbox 1536 3451 1707 3522; x_wconf 85' lang='lat' dir='ltr'>auctoritate,</span> <span class='ocrx_word' id='word_1_511' title='bbox 1744 3451 1790 3523; x_wconf 83' lang='lat' dir='ltr'>qui</span> 
     </span>
     <span class='ocr_line' id='line_1_38' title="bbox 144 3537 1791 3625; baseline -0.009 -17"><span class='ocrx_word' id='word_1_512' title='bbox 144 3552 216 3625; x_wconf 91' lang='lat' dir='ltr'>quod</span> <span class='ocrx_word' id='word_1_513' title='bbox 239 3551 366 3621; x_wconf 82' lang='lat' dir='ltr'>loquaces</span> <span class='ocrx_word' id='word_1_514' title='bbox 380 3547 497 3601; x_wconf 75' lang='lat' dir='ltr'>haereses</span> <span class='ocrx_word' id='word_1_515' title='bbox 511 3541 560 3597; x_wconf 83' lang='lat' dir='ltr'>sed</span> <span class='ocrx_word' id='word_1_516' title='bbox 589 3555 726 3611; x_wconf 87' lang='lat' dir='ltr'>pauperes</span> <span class='ocrx_word' id='word_1_517' title='bbox 753 3554 807 3594; x_wconf 92' lang='lat' dir='ltr'>non</span> <span class='ocrx_word' id='word_1_518' title='bbox 826 3547 939 3608; x_wconf 90' lang='lat' dir='ltr'>possunt</span> <span class='ocrx_word' id='word_1_519' title='bbox 994 3537 1335 3607; x_wconf 86' lang='lat' dir='ltr'>verboetexemplodum</span> <span class='ocrx_word' id='word_1_520' title='bbox 1360 3537 1426 3592; x_wconf 87' lang='lat' dir='ltr'>nibil</span> <span class='ocrx_word' id='word_1_521' title='bbox 1450 3538 1478 3593; x_wconf 93' lang='lat' dir='ltr'>in</span> <span class='ocrx_word' id='word_1_522' title='bbox 1500 3539 1601 3594; x_wconf 90' lang='lat' dir='ltr'>mundo</span> <span class='ocrx_word' id='word_1_523' title='bbox 1622 3555 1718 3596; x_wconf 88' lang='lat' dir='ltr'>amare</span> <span class='ocrx_word' id='word_1_524' title='bbox 1747 3539 1791 3596; x_wconf 83' lang='lat' dir='ltr'>rel</span> 
     </span>
     <span class='ocr_line' id='line_1_39' title="bbox 140 3624 1789 3712; baseline -0.008 -15"><span class='ocrx_word' id='word_1_525' title='bbox 140 3655 253 3712; x_wconf 81' lang='lat' dir='ltr'>cogere,</span> <span class='ocrx_word' id='word_1_526' title='bbox 264 3639 298 3692; x_wconf 89' lang='lat' dir='ltr'>ad</span> <span class='ocrx_word' id='word_1_527' title='bbox 314 3635 381 3690; x_wconf 90' lang='lat' dir='ltr'>illud</span> <span class='ocrx_word' id='word_1_528' title='bbox 396 3635 455 3688; x_wconf 79' lang='lat' dir='ltr'>brec</span> <span class='ocrx_word' id='word_1_529' title='bbox 469 3640 544 3686; x_wconf 86' lang='lat' dir='ltr'>muta</span> <span class='ocrx_word' id='word_1_530' title='bbox 559 3629 693 3684; x_wconf 88' lang='lat' dir='ltr'>seddives</span> <span class='ocrx_word' id='word_1_531' title='bbox 708 3627 934 3699; x_wconf 83' lang='lat' dir='ltr'>potestallicete:</span> <span class='ocrx_word' id='word_1_532' title='bbox 994 3624 1095 3680; x_wconf 87' lang='lat' dir='ltr'>habore</span> <span class='ocrx_word' id='word_1_533' title='bbox 1110 3624 1281 3693; x_wconf 85' lang='lat' dir='ltr'>studuerunt,</span> <span class='ocrx_word' id='word_1_534' title='bbox 1298 3626 1420 3682; x_wconf 87' lang='lat' dir='ltr'>coeleslia</span> <span class='ocrx_word' id='word_1_535' title='bbox 1443 3643 1493 3698; x_wconf 90' lang='lat' dir='ltr'>pro</span> <span class='ocrx_word' id='word_1_536' title='bbox 1515 3628 1631 3683; x_wconf 89' lang='lat' dir='ltr'>terrenis</span> <span class='ocrx_word' id='word_1_537' title='bbox 1653 3635 1789 3694; x_wconf 81' lang='lat' dir='ltr'>mutuare,</span> 
     </span>
     <span class='ocr_line' id='line_1_40' title="bbox 138 3712 1789 3799; baseline -0.007 -15"><span class='ocrx_word' id='word_1_538' title='bbox 138 3727 246 3799; x_wconf 84' lang='lat' dir='ltr'>regalia</span> <span class='ocrx_word' id='word_1_539' title='bbox 264 3726 336 3780; x_wconf 90' lang='lat' dir='ltr'>enim</span> <span class='ocrx_word' id='word_1_540' title='bbox 359 3727 444 3777; x_wconf 86' lang='lat' dir='ltr'>castra</span> <span class='ocrx_word' id='word_1_541' title='bbox 469 3727 495 3774; x_wconf 91' lang='lat' dir='ltr'>et</span> <span class='ocrx_word' id='word_1_542' title='bbox 519 3717 692 3783; x_wconf 90' lang='lat' dir='ltr'>numismata,</span> <span class='ocrx_word' id='word_1_543' title='bbox 716 3717 778 3786; x_wconf 81' lang='lat' dir='ltr'>qrria</span> <span class='ocrx_word' id='word_1_544' title='bbox 802 3716 887 3771; x_wconf 88' lang='lat' dir='ltr'>semel</span> <span class='ocrx_word' id='word_1_545' title='bbox 908 3715 935 3769; x_wconf 88' lang='lat' dir='ltr'>in</span> <span class='ocrx_word' id='word_1_546' title='bbox 994 3712 1046 3768; x_wconf 85' lang='lat' dir='ltr'>vile</span> <span class='ocrx_word' id='word_1_547' title='bbox 1067 3713 1149 3769; x_wconf 91' lang='lat' dir='ltr'>nimis</span> <span class='ocrx_word' id='word_1_548' title='bbox 1171 3714 1363 3770; x_wconf 88' lang='lat' dir='ltr'>commercium</span> <span class='ocrx_word' id='word_1_549' title='bbox 1386 3715 1590 3772; x_wconf 87' lang='lat' dir='ltr'>abstruxerunt.</span> <span class='ocrx_word' id='word_1_550' title='bbox 1616 3717 1675 3788; x_wconf 81' lang='lat' dir='ltr'>Ego</span> <span class='ocrx_word' id='word_1_551' title='bbox 1700 3725 1789 3773; x_wconf 85' lang='lat' dir='ltr'>nutem</span> 
     </span>
     <span class='ocr_line' id='line_1_41' title="bbox 140 3805 1789 3878; baseline -0.007 -5"><span class='ocrx_word' id='word_1_552' title='bbox 140 3817 231 3873; x_wconf 89' lang='lat' dir='ltr'>dotem</span> <span class='ocrx_word' id='word_1_553' title='bbox 248 3813 377 3868; x_wconf 78' lang='lat' dir='ltr'>Ecclesiae</span> <span class='ocrx_word' id='word_1_554' title='bbox 393 3817 540 3872; x_wconf 86' lang='lat' dir='ltr'>cesserunt,</span> <span class='ocrx_word' id='word_1_555' title='bbox 556 3823 609 3861; x_wconf 86' lang='lat' dir='ltr'>noe</span> <span class='ocrx_word' id='word_1_556' title='bbox 626 3805 795 3871; x_wconf 73' lang='lat' dir='ltr'>venduntur,</span> <span class='ocrx_word' id='word_1_557' title='bbox 813 3815 838 3860; x_wconf 91' lang='lat' dir='ltr'>el</span> <span class='ocrx_word' id='word_1_558' title='bbox 854 3821 936 3878; x_wconf 78' lang='lat' dir='ltr'>rega·</span> <span class='ocrx_word' id='word_1_559' title='bbox 989 3809 1079 3858; x_wconf 88' lang='lat' dir='ltr'>tacere</span> <span class='ocrx_word' id='word_1_560' title='bbox 1101 3817 1155 3856; x_wconf 88' lang='lat' dir='ltr'>non</span> <span class='ocrx_word' id='word_1_561' title='bbox 1176 3805 1341 3874; x_wconf 71' lang='lat' dir='ltr'>praesumpti,</span> <span class='ocrx_word' id='word_1_562' title='bbox 1364 3821 1413 3858; x_wconf 90' lang='lat' dir='ltr'>nec</span> <span class='ocrx_word' id='word_1_563' title='bbox 1436 3805 1534 3876; x_wconf 84' lang='lat' dir='ltr'>aliquis</span> <span class='ocrx_word' id='word_1_564' title='bbox 1571 3820 1667 3860; x_wconf 90' lang='lat' dir='ltr'>revera</span> <span class='ocrx_word' id='word_1_565' title='bbox 1696 3813 1789 3862; x_wconf 79' lang='lat' dir='ltr'>meere</span> 
     </span>
     <span class='ocr_line' id='line_1_42' title="bbox 139 3891 1787 3969; baseline -0.007 -8"><span class='ocrx_word' id='word_1_566' title='bbox 139 3906 177 3961; x_wconf 88' lang='lat' dir='ltr'>lia</span> <span class='ocrx_word' id='word_1_567' title='bbox 196 3902 291 3969; x_wconf 89' lang='lat' dir='ltr'>verba,</span> <span class='ocrx_word' id='word_1_568' title='bbox 308 3916 369 3956; x_wconf 92' lang='lat' dir='ltr'>cum</span> <span class='ocrx_word' id='word_1_569' title='bbox 394 3896 558 3952; x_wconf 88' lang='lat' dir='ltr'>transierunt</span> <span class='ocrx_word' id='word_1_570' title='bbox 581 3895 607 3948; x_wconf 91' lang='lat' dir='ltr'>in</span> <span class='ocrx_word' id='word_1_571' title='bbox 627 3897 688 3962; x_wconf 89' lang='lat' dir='ltr'>jorn</span> <span class='ocrx_word' id='word_1_572' title='bbox 706 3894 847 3963; x_wconf 71' lang='lat' dir='ltr'>Ecclesiae,</span> <span class='ocrx_word' id='word_1_573' title='bbox 874 3901 935 3947; x_wconf 91' lang='lat' dir='ltr'>sunt</span> <span class='ocrx_word' id='word_1_574' title='bbox 989 3891 1071 3945; x_wconf 87' lang='lat' dir='ltr'>debet</span> <span class='ocrx_word' id='word_1_575' title='bbox 1086 3910 1093 3958; x_wconf 78' lang='lat'>3</span> <span class='ocrx_word' id='word_1_576' title='bbox 1110 3891 1182 3962; x_wconf 85' lang='lat' dir='ltr'>quia,</span> <span class='ocrx_word' id='word_1_577' title='bbox 1199 3901 1226 3946; x_wconf 93' lang='lat' dir='ltr'>ut</span> <span class='ocrx_word' id='word_1_578' title='bbox 1242 3892 1463 3959; x_wconf 85' lang='lat' dir='ltr'>aitArnbrosius,</span> <span class='ocrx_word' id='word_1_579' title='bbox 1490 3893 1552 3948; x_wconf 91' lang='lat' dir='ltr'>licet</span> <span class='ocrx_word' id='word_1_580' title='bbox 1575 3892 1621 3946; x_wconf 92' lang='lat' dir='ltr'>tibi</span> <span class='ocrx_word' id='word_1_581' title='bbox 1647 3892 1733 3949; x_wconf 89' lang='lat' dir='ltr'>silere</span> <span class='ocrx_word' id='word_1_582' title='bbox 1758 3894 1787 3949; x_wconf 88' lang='lat' dir='ltr'>in</span> 
     </span>
     <span class='ocr_line' id='line_1_43' title="bbox 138 3978 1785 4056; baseline -0.007 -6"><span class='ocrx_word' id='word_1_583' title='bbox 138 3990 292 4050; x_wconf 85' lang='lat' dir='ltr'>vendendo.</span> <span class='ocrx_word' id='word_1_584' title='bbox 309 3989 393 4044; x_wconf 90' lang='lat' dir='ltr'>Totus</span> <span class='ocrx_word' id='word_1_585' title='bbox 407 3986 576 4056; x_wconf 85' lang='lat' dir='ltr'>episcopatus</span> <span class='ocrx_word' id='word_1_586' title='bbox 590 3983 616 4038; x_wconf 91' lang='lat' dir='ltr'>in</span> <span class='ocrx_word' id='word_1_587' title='bbox 637 3998 729 4038; x_wconf 89' lang='lat' dir='ltr'>massa</span> <span class='ocrx_word' id='word_1_588' title='bbox 749 3981 834 4054; x_wconf 81' lang='lat' dir='ltr'>gratis</span> <span class='ocrx_word' id='word_1_589' title='bbox 854 3982 934 4036; x_wconf 85' lang='lat' dir='ltr'>datur</span> <span class='ocrx_word' id='word_1_590' title='bbox 985 3978 1088 4050; x_wconf 88' lang='lat' dir='ltr'>judicio</span> <span class='ocrx_word' id='word_1_591' title='bbox 1110 3980 1275 4051; x_wconf 88' lang='lat' dir='ltr'>pecuniaro;</span> <span class='ocrx_word' id='word_1_592' title='bbox 1296 3982 1324 4034; x_wconf 89' lang='lat' dir='ltr'>in</span> <span class='ocrx_word' id='word_1_593' title='bbox 1345 3997 1422 4035; x_wconf 86' lang='lat' dir='ltr'>cansa</span> <span class='ocrx_word' id='word_1_594' title='bbox 1443 3990 1530 4036; x_wconf 87' lang='lat' dir='ltr'>aulem</span> <span class='ocrx_word' id='word_1_595' title='bbox 1546 3981 1604 4047; x_wconf 89' lang='lat' dir='ltr'>Dei,</span> <span class='ocrx_word' id='word_1_596' title='bbox 1631 3982 1677 4036; x_wconf 92' lang='lat' dir='ltr'>ubi</span> <span class='ocrx_word' id='word_1_597' title='bbox 1705 3998 1785 4040; x_wconf 88' lang='lat' dir='ltr'>cem·</span> 
     </span>
     <span class='ocr_line' id='line_1_44' title="bbox 137 4069 1785 4154; baseline -0.007 -15"><span class='ocrx_word' id='word_1_598' title='bbox 137 4081 301 4154; x_wconf 87' lang='lat' dir='ltr'>aprineipe,</span> <span class='ocrx_word' id='word_1_599' title='bbox 318 4087 345 4134; x_wconf 90' lang='lat' dir='ltr'>et</span> <span class='ocrx_word' id='word_1_600' title='bbox 359 4077 464 4132; x_wconf 88' lang='lat' dir='ltr'>bannus</span> <span class='ocrx_word' id='word_1_601' title='bbox 479 4073 598 4130; x_wconf 84' lang='lat' dir='ltr'>decauiae</span> <span class='ocrx_word' id='word_1_602' title='bbox 611 4071 769 4128; x_wconf 86' lang='lat' dir='ltr'>vendendus</span> <span class='ocrx_word' id='word_1_603' title='bbox 783 4081 824 4126; x_wconf 89' lang='lat' dir='ltr'>est</span> <span class='ocrx_word' id='word_1_604' title='bbox 838 4087 853 4124; x_wconf 88' lang='lat' dir='ltr'>a</span> <span class='ocrx_word' id='word_1_605' title='bbox 868 4086 931 4141; x_wconf 74' lang='lat' dir='ltr'>prae·</span> <span class='ocrx_word' id='word_1_606' title='bbox 989 4069 1179 4125; x_wconf 89' lang='lat' dir='ltr'>municatiouia</span> <span class='ocrx_word' id='word_1_607' title='bbox 1199 4079 1240 4125; x_wconf 89' lang='lat' dir='ltr'>est</span> <span class='ocrx_word' id='word_1_608' title='bbox 1262 4070 1412 4141; x_wconf 87' lang='lat' dir='ltr'>periculum</span> <span class='ocrx_word' id='word_1_609' title='bbox 1433 4072 1513 4126; x_wconf 90' lang='lat' dir='ltr'>etiam</span> <span class='ocrx_word' id='word_1_610' title='bbox 1536 4070 1705 4127; x_wconf 88' lang='lat' dir='ltr'>dissimulare</span> <span class='ocrx_word' id='word_1_611' title='bbox 1728 4086 1785 4128; x_wconf 89' lang='lat' dir='ltr'>nou</span> 
     </span>
     <span class='ocr_line' id='line_1_45' title="bbox 130 4157 1785 4237; baseline -0.007 -9"><span class='ocrx_word' id='word_1_612' title='bbox 130 4171 197 4228; x_wconf 76' lang='lat' dir='ltr'>‘sule</span> <span class='ocrx_word' id='word_1_613' title='bbox 209 4170 223 4223; x_wconf 80' lang='lat' dir='ltr'>‘l</span> <span class='ocrx_word' id='word_1_614' title='bbox 237 4169 344 4224; x_wconf 84' lang='lat' dir='ltr'>Frustra</span> <span class='ocrx_word' id='word_1_615' title='bbox 359 4182 410 4237; x_wconf 81' lang='lat' dir='ltr'>ego</span> <span class='ocrx_word' id='word_1_616' title='bbox 426 4165 556 4236; x_wconf 79' lang='lat' dir='ltr'>precepit</span> <span class='ocrx_word' id='word_1_617' title='bbox 572 4162 654 4225; x_wconf 79' lang='lat' dir='ltr'>Deris,</span> <span class='ocrx_word' id='word_1_618' title='bbox 670 4159 759 4232; x_wconf 79' lang='lat' dir='ltr'>protis</span> <span class='ocrx_word' id='word_1_619' title='bbox 770 4160 928 4230; x_wconf 79' lang='lat' dir='ltr'>accepistis,</span> <span class='ocrx_word' id='word_1_620' title='bbox 986 4157 1046 4215; x_wconf 87' lang='lat' dir='ltr'>leve</span> <span class='ocrx_word' id='word_1_621' title='bbox 1063 4169 1199 4228; x_wconf 89' lang='lat' dir='ltr'>peecatum</span> <span class='ocrx_word' id='word_1_622' title='bbox 1214 4167 1263 4213; x_wconf 88' lang='lat' dir='ltr'>est.</span> <span class='ocrx_word' id='word_1_623' title='bbox 1281 4158 1315 4213; x_wconf 86' lang='lat' dir='ltr'>Et</span> <span class='ocrx_word' id='word_1_624' title='bbox 1335 4158 1485 4231; x_wconf 83' lang='lat' dir='ltr'>Gregorius</span> <span class='ocrx_word' id='word_1_625' title='bbox 1500 4159 1538 4214; x_wconf 85' lang='lat' dir='ltr'>ait</span> <span class='ocrx_word' id='word_1_626' title='bbox 1554 4177 1560 4223; x_wconf 94' lang='lat'>;</span> <span class='ocrx_word' id='word_1_627' title='bbox 1582 4158 1652 4228; x_wconf 86' lang='lat' dir='ltr'>Quia</span> <span class='ocrx_word' id='word_1_628' title='bbox 1661 4161 1785 4233; x_wconf 85' lang='lat' dir='ltr'>quisquis</span> 
     </span>
     <span class='ocr_line' id='line_1_46' title="bbox 136 4219 1784 4332; baseline -0.008 -15"><span class='ocrx_word' id='word_1_629' title='bbox 136 4260 226 4332; x_wconf 77' lang='lat' dir='ltr'>prolis</span> <span class='ocrx_word' id='word_1_630' title='bbox 242 4257 307 4314; x_wconf 83' lang='lat' dir='ltr'>dulc</span> <span class='ocrx_word' id='word_1_631' title='bbox 323 4255 431 4326; x_wconf 81' lang='lat' dir='ltr'>(dotet.</span> <span class='ocrx_word' id='word_1_632' title='bbox 448 4269 476 4320; x_wconf 86' lang='lat' dir='ltr'>x,</span> <span class='ocrx_word' id='word_1_633' title='bbox 493 4254 519 4321; x_wconf 88' lang='lat'>8)</span> <span class='ocrx_word' id='word_1_634' title='bbox 530 4269 537 4306; x_wconf 91' lang='lat'><strong>:</strong></span> <span class='ocrx_word' id='word_1_635' title='bbox 548 4250 651 4321; x_wconf 89' lang='lat' dir='ltr'>siquod</span> <span class='ocrx_word' id='word_1_636' title='bbox 665 4245 930 4321; x_wconf 80' lang='lat' dir='ltr'>gratisaccipituriu</span> <span class='ocrx_word' id='word_1_637' title='bbox 944 4219 971 4279; x_wconf 79' lang='lat' dir='ltr'>D</span> <span class='ocrx_word' id='word_1_638' title='bbox 986 4247 1013 4300; x_wconf 91' lang='lat' dir='ltr'>in</span> <span class='ocrx_word' id='word_1_639' title='bbox 1040 4246 1190 4301; x_wconf 84' lang='lat' dir='ltr'>Simoniam</span> <span class='ocrx_word' id='word_1_640' title='bbox 1208 4247 1383 4303; x_wconf 83' lang='lat' dir='ltr'>veliementer</span> <span class='ocrx_word' id='word_1_641' title='bbox 1412 4263 1466 4302; x_wconf 92' lang='lat' dir='ltr'>non</span> <span class='ocrx_word' id='word_1_642' title='bbox 1492 4249 1634 4316; x_wconf 88' lang='lat' dir='ltr'>exarserit,</span> <span class='ocrx_word' id='word_1_643' title='bbox 1659 4265 1721 4304; x_wconf 89' lang='lat' dir='ltr'>cum</span> <span class='ocrx_word' id='word_1_644' title='bbox 1749 4265 1784 4307; x_wconf 90' lang='lat' dir='ltr'>eo</span> 
     </span>
     <span class='ocr_line' id='line_1_47' title="bbox 135 4335 1726 4417; baseline -0.009 -10"><span class='ocrx_word' id='word_1_645' title='bbox 135 4365 258 4417; x_wconf 90' lang='lat' dir='ltr'>munere,</span> <span class='ocrx_word' id='word_1_646' title='bbox 272 4344 442 4404; x_wconf 87' lang='lat' dir='ltr'>vendendum</span> <span class='ocrx_word' id='word_1_647' title='bbox 457 4349 499 4397; x_wconf 90' lang='lat' dir='ltr'>est</span> <span class='ocrx_word' id='word_1_648' title='bbox 513 4341 540 4395; x_wconf 91' lang='lat' dir='ltr'>in</span> <span class='ocrx_word' id='word_1_649' title='bbox 555 4337 767 4410; x_wconf 89' lang='lat' dir='ltr'>dispensatione,</span> <span class='ocrx_word' id='word_1_650' title='bbox 785 4352 845 4392; x_wconf 90' lang='lat' dir='ltr'>cum</span> <span class='ocrx_word' id='word_1_651' title='bbox 869 4336 930 4391; x_wconf 89' lang='lat' dir='ltr'>Do-</span> <span class='ocrx_word' id='word_1_652' title='bbox 984 4352 999 4389; x_wconf 85' lang='lat' dir='ltr'>a</span> <span class='ocrx_word' id='word_1_653' title='bbox 1015 4351 1068 4405; x_wconf 85' lang='lat' dir='ltr'>quo</span> <span class='ocrx_word' id='word_1_654' title='bbox 1083 4335 1135 4392; x_wconf 92' lang='lat' dir='ltr'>boc</span> <span class='ocrx_word' id='word_1_655' title='bbox 1145 4335 1376 4408; x_wconf 82' lang='lat' dir='ltr'>flagitiumortum</span> <span class='ocrx_word' id='word_1_656' title='bbox 1389 4345 1430 4392; x_wconf 89' lang='lat' dir='ltr'>est</span> <span class='ocrx_word' id='word_1_657' title='bbox 1442 4338 1593 4407; x_wconf 89' lang='lat' dir='ltr'>portionem</span> <span class='ocrx_word' id='word_1_658' title='bbox 1606 4337 1726 4395; x_wconf 88' lang='lat' dir='ltr'>babebit.</span> 
     </span>
    </p>
   </div>
   <div class='ocr_carea' id='block_1_4' title="bbox 346 4514 1778 4540">
    <p class='ocr_par' dir='ltr' id='par_1_5' title="bbox 346 4514 1778 4540">
     <span class='ocr_line' id='line_1_48' title="bbox 346 4514 1778 4540; baseline -0.01 -10"><span class='ocrx_word' id='word_1_659' title='bbox 346 4514 901 4530; x_wconf 63' lang='lat'>---——.-——------...--—-—-——.-</span> <span class='ocrx_word' id='word_1_660' title='bbox 1193 4515 1778 4540; x_wconf 38' lang='grc' dir='ltr'>...Γ-ᾕ--ττ-Ἀ-</span> 
     </span>
    </p>
   </div>
   <div class='ocr_carea' id='block_1_5' title="bbox 369 4651 1520 4780">
    <p class='ocr_par' dir='ltr' id='par_1_6' title="bbox 369 4651 1520 4780">
     <span class='ocr_line' id='line_1_49' title="bbox 369 4651 1520 4780; baseline -0.007 -17"><span class='ocrx_word' id='word_1_661' title='bbox 369 4654 661 4763; x_wconf 85' lang='lat' dir='ltr'>lllONlTUM</span> <span class='ocrx_word' id='word_1_662' title='bbox 701 4654 765 4755; x_wconf 91' lang='lat' dir='ltr'>lN</span> <span class='ocrx_word' id='word_1_663' title='bbox 796 4652 1079 4780; x_wconf 82' lang='lat' dir='ltr'>SEQUENS</span> <span class='ocrx_word' id='word_1_664' title='bbox 1119 4651 1520 4758; x_wconf 85' lang='lat' dir='ltr'>OPUSCULUl.</span> 
     </span>
    </p>
   </div>
   <div class='ocr_carea' id='block_1_6' title="bbox 592 4842 1313 4917">
    <p class='ocr_par' dir='ltr' id='par_1_7' title="bbox 592 4842 1313 4917">
     <span class='ocr_line' id='line_1_50' title="bbox 592 4842 1313 4917; baseline -0.007 -15"><span class='ocrx_word' id='word_1_665' title='bbox 592 4847 636 4917; x_wconf 88' lang='lat' dir='ltr'>(D.</span> <span class='ocrx_word' id='word_1_666' title='bbox 652 4845 681 4902; x_wconf 89' lang='lat' dir='ltr'>B.</span> <span class='ocrx_word' id='word_1_667' title='bbox 699 4846 776 4913; x_wconf 74' lang='lat' dir='ltr'>Pan,</span> <span class='ocrx_word' id='word_1_668' title='bbox 791 4843 871 4901; x_wconf 71' lang='lat' dir='ltr'>Prot.</span> <span class='ocrx_word' id='word_1_669' title='bbox 882 4845 917 4900; x_wconf 89' lang='lat' dir='ltr'>ad</span> <span class='ocrx_word' id='word_1_670' title='bbox 932 4849 1002 4902; x_wconf 89' lang='lat' dir='ltr'>tom.</span> <span class='ocrx_word' id='word_1_671' title='bbox 1022 4842 1058 4900; x_wconf 88' lang='lat' dir='ltr'>lv</span> <span class='ocrx_word' id='word_1_672' title='bbox 1073 4842 1219 4912; x_wconf 67' lang='lat' dir='ltr'>decedet„</span> <span class='ocrx_word' id='word_1_673' title='bbox 1229 4859 1257 4915; x_wconf 93' lang='lat' dir='ltr'>p.</span> <span class='ocrx_word' id='word_1_674' title='bbox 1272 4845 1313 4914; x_wconf 86' lang='lat' dir='ltr'>x.)</span> 
     </span>
    </p>
   </div>
   <div class='ocr_carea' id='block_1_7' title="bbox 133 4524 364 4552">
    <p class='ocr_par' dir='ltr' id='par_1_8' title="bbox 133 4524 364 4552">
     <span class='ocr_line' id='line_1_51' title="bbox 200 4524 334 4534; baseline -0.022 0"><span class='ocrx_word' id='word_1_675' title='bbox 200 4524 334 4534; x_wconf 58' lang='lat' dir='ltr'>.-.u-...mm-</span> 
     </span>
     <span class='ocr_line' id='line_1_52' title="bbox 133 4540 364 4552; baseline -0.022 -2"><span class='ocrx_word' id='word_1_676' title='bbox 133 4541 220 4552; x_wconf 73' lang='lat'><em>.--..--.</em></span> <span class='ocrx_word' id='word_1_677' title='bbox 228 4543 243 4548; x_wconf 83' lang='lat'>..</span> <span class='ocrx_word' id='word_1_678' title='bbox 256 4542 303 4548; x_wconf 73' lang='grc'>.--</span> <span class='ocrx_word' id='word_1_679' title='bbox 316 4540 364 4547; x_wconf 58' lang='grc'>,-</span> 
     </span>
    </p>
   </div>
   <div class='ocr_carea' id='block_1_8' title="bbox 121 5091 1773 5679">
    <p class='ocr_par' dir='ltr' id='par_1_9' title="bbox 121 5091 1773 5679">
     <span class='ocr_line' id='line_1_53' title="bbox 164 5091 1773 5167; baseline -0.011 -2"><span class='ocrx_word' id='word_1_680' title='bbox 164 5106 332 5166; x_wconf 87' lang='lat' dir='ltr'>Clarissimus</span> <span class='ocrx_word' id='word_1_681' title='bbox 348 5104 377 5159; x_wconf 85' lang='grc' dir='ltr'>Ρ.</span> <span class='ocrx_word' id='word_1_682' title='bbox 395 5100 510 5156; x_wconf 88' lang='lat' dir='ltr'>domnus</span> <span class='ocrx_word' id='word_1_683' title='bbox 523 5099 684 5154; x_wconf 88' lang='lat' dir='ltr'>Edrnundus</span> <span class='ocrx_word' id='word_1_684' title='bbox 698 5098 818 5152; x_wconf 78' lang='lat' dir='ltr'>Mastane</span> <span class='ocrx_word' id='word_1_685' title='bbox 833 5111 920 5166; x_wconf 90' lang='lat' dir='ltr'>nuper</span> <span class='ocrx_word' id='word_1_686' title='bbox 933 5093 1078 5149; x_wconf 85' lang='lat' dir='ltr'>admodum</span> <span class='ocrx_word' id='word_1_687' title='bbox 1093 5092 1185 5167; x_wconf 76' lang='lat' dir='ltr'>Alperi</span> <span class='ocrx_word' id='word_1_688' title='bbox 1201 5110 1235 5148; x_wconf 83' lang='lat' dir='ltr'>ex</span> <span class='ocrx_word' id='word_1_689' title='bbox 1254 5091 1418 5148; x_wconf 85' lang='lat' dir='ltr'>scholastico</span> <span class='ocrx_word' id='word_1_690' title='bbox 1440 5091 1584 5148; x_wconf 80' lang='lat' dir='ltr'>leodiensi</span> <span class='ocrx_word' id='word_1_691' title='bbox 1604 5091 1773 5150; x_wconf 88' lang='lat' dir='ltr'>Cluniaoen·</span> 
     </span>
     <span class='ocr_line' id='line_1_54' title="bbox 129 5163 1770 5239; baseline -0.01 -2"><span class='ocrx_word' id='word_1_692' title='bbox 129 5182 167 5237; x_wconf 91' lang='lat' dir='ltr'>sis</span> <span class='ocrx_word' id='word_1_693' title='bbox 181 5179 306 5235; x_wconf 87' lang='lat' dir='ltr'>monachi</span> <span class='ocrx_word' id='word_1_694' title='bbox 321 5175 436 5231; x_wconf 81' lang='lat' dir='ltr'>librom</span> <span class='ocrx_word' id='word_1_695' title='bbox 446 5169 846 5239; x_wconf 78' lang='lat' dir='ltr'>demisericordicctjustitiu</span> <span class='ocrx_word' id='word_1_696' title='bbox 856 5165 939 5220; x_wconf 92' lang='lat' dir='ltr'>edidit</span> <span class='ocrx_word' id='word_1_697' title='bbox 953 5164 980 5218; x_wconf 89' lang='lat' dir='ltr'>in</span> <span class='ocrx_word' id='word_1_698' title='bbox 993 5163 1126 5220; x_wconf 78' lang='lat' dir='ltr'>Thesauri</span> <span class='ocrx_word' id='word_1_699' title='bbox 1140 5165 1353 5221; x_wconf 80' lang='lat' dir='ltr'>Accedetorum</span> <span class='ocrx_word' id='word_1_700' title='bbox 1369 5165 1435 5219; x_wconf 84' lang='lat' dir='ltr'>Noui</span> <span class='ocrx_word' id='word_1_701' title='bbox 1450 5173 1525 5220; x_wconf 90' lang='lat' dir='ltr'>tomo</span> <span class='ocrx_word' id='word_1_702' title='bbox 1541 5164 1572 5232; x_wconf 89' lang='lat' dir='ltr'>V,</span> <span class='ocrx_word' id='word_1_703' title='bbox 1588 5179 1603 5217; x_wconf 87' lang='lat' dir='ltr'>a</span> <span class='ocrx_word' id='word_1_704' title='bbox 1617 5164 1670 5219; x_wconf 92' lang='lat' dir='ltr'>col.</span> <span class='ocrx_word' id='word_1_705' title='bbox 1688 5163 1770 5233; x_wconf 87' lang='grc'>1019,</span> 
     </span>
     <span class='ocr_line' id='line_1_55' title="bbox 128 5234 1770 5320; baseline -0.012 -12"><span class='ocrx_word' id='word_1_706' title='bbox 128 5253 158 5308; x_wconf 91' lang='lat' dir='ltr'>iu</span> <span class='ocrx_word' id='word_1_707' title='bbox 174 5252 251 5320; x_wconf 89' lang='lat' dir='ltr'>cujus</span> <span class='ocrx_word' id='word_1_708' title='bbox 289 5248 441 5313; x_wconf 79' lang='lat' dir='ltr'>rael&#39;atione,</span> <span class='ocrx_word' id='word_1_709' title='bbox 455 5260 534 5314; x_wconf 84' lang='lat' dir='ltr'>quam</span> <span class='ocrx_word' id='word_1_710' title='bbox 549 5243 667 5297; x_wconf 89' lang='lat' dir='ltr'>domnus</span> <span class='ocrx_word' id='word_1_711' title='bbox 681 5239 811 5294; x_wconf 86' lang='lat' dir='ltr'>Nicolaus</span> <span class='ocrx_word' id='word_1_712' title='bbox 827 5237 996 5300; x_wconf 87' lang='lat' dir='ltr'>Leodiensis,</span> <span class='ocrx_word' id='word_1_713' title='bbox 1011 5237 1045 5289; x_wconf 87' lang='lat' dir='ltr'>de</span> <span class='ocrx_word' id='word_1_714' title='bbox 1064 5237 1191 5290; x_wconf 87' lang='lat' dir='ltr'>omnibus</span> <span class='ocrx_word' id='word_1_715' title='bbox 1210 5236 1303 5305; x_wconf 81' lang='lat' dir='ltr'>digeri</span> <span class='ocrx_word' id='word_1_716' title='bbox 1325 5235 1463 5304; x_wconf 86' lang='lat' dir='ltr'>opusculis</span> <span class='ocrx_word' id='word_1_717' title='bbox 1487 5250 1572 5304; x_wconf 72' lang='lat' dir='ltr'>agens</span> <span class='ocrx_word' id='word_1_718' title='bbox 1594 5234 1770 5306; x_wconf 87' lang='lat' dir='ltr'>concrispsit,</span> 
     </span>
     <span class='ocr_line' id='line_1_56' title="bbox 127 5305 1772 5394; baseline -0.01 -17"><span class='ocrx_word' id='word_1_719' title='bbox 127 5338 215 5394; x_wconf 87' lang='lat' dir='ltr'>pauca</span> <span class='ocrx_word' id='word_1_720' title='bbox 231 5320 351 5391; x_wconf 81' lang='lat' dir='ltr'>quidem,</span> <span class='ocrx_word' id='word_1_721' title='bbox 366 5318 412 5372; x_wconf 88' lang='lat' dir='ltr'>sed</span> <span class='ocrx_word' id='word_1_722' title='bbox 428 5317 522 5388; x_wconf 81' lang='lat' dir='ltr'>gravia</span> <span class='ocrx_word' id='word_1_723' title='bbox 536 5321 562 5368; x_wconf 96' lang='lat' dir='ltr'>et</span> <span class='ocrx_word' id='word_1_724' title='bbox 576 5312 628 5366; x_wconf 89' lang='lat' dir='ltr'>lide</span> <span class='ocrx_word' id='word_1_725' title='bbox 644 5313 727 5381; x_wconf 83' lang='lat' dir='ltr'>digna</span> <span class='ocrx_word' id='word_1_726' title='bbox 742 5310 775 5364; x_wconf 90' lang='lat' dir='ltr'>de</span> <span class='ocrx_word' id='word_1_727' title='bbox 790 5309 843 5363; x_wconf 82' lang='lat' dir='ltr'>vita</span> <span class='ocrx_word' id='word_1_728' title='bbox 858 5317 882 5363; x_wconf 88' lang='lat' dir='ltr'>el</span> <span class='ocrx_word' id='word_1_729' title='bbox 896 5307 1003 5375; x_wconf 88' lang='lat' dir='ltr'>seriptis</span> <span class='ocrx_word' id='word_1_730' title='bbox 1018 5306 1107 5375; x_wconf 70' lang='lat' dir='ltr'>elgeri</span> <span class='ocrx_word' id='word_1_731' title='bbox 1123 5307 1271 5360; x_wconf 86' lang='lat' dir='ltr'>traduntur.</span> <span class='ocrx_word' id='word_1_732' title='bbox 1289 5305 1408 5375; x_wconf 67' lang='lat' dir='ltr'>Alpenos</span> <span class='ocrx_word' id='word_1_733' title='bbox 1423 5305 1594 5370; x_wconf 73' lang='lat' dir='ltr'>Laodicenis,</span> <span class='ocrx_word' id='word_1_734' title='bbox 1612 5307 1699 5376; x_wconf 88' lang='lat' dir='ltr'>inquit</span> <span class='ocrx_word' id='word_1_735' title='bbox 1719 5307 1772 5360; x_wconf 90' lang='lat' dir='ltr'>Ni·</span> 
     </span>
     <span class='ocr_line' id='line_1_57' title="bbox 125 5377 1768 5460; baseline -0.009 -13"><span class='ocrx_word' id='word_1_736' title='bbox 125 5393 227 5453; x_wconf 83' lang='lat' dir='ltr'>colnus,</span> <span class='ocrx_word' id='word_1_737' title='bbox 246 5387 489 5460; x_wconf 78' lang='lat' dir='ltr'>scriptoraequalis,</span> <span class='ocrx_word' id='word_1_738' title='bbox 505 5386 539 5439; x_wconf 86' lang='lat' dir='ltr'>eb</span> <span class='ocrx_word' id='word_1_739' title='bbox 551 5385 612 5455; x_wconf 81' lang='lat' dir='ltr'>ipae</span> <span class='ocrx_word' id='word_1_740' title='bbox 625 5383 753 5453; x_wconf 71' lang='lat' dir='ltr'>infantie</span> <span class='ocrx_word' id='word_1_741' title='bbox 769 5384 860 5435; x_wconf 84' lang='lat' dir='ltr'>tutem</span> <span class='ocrx_word' id='word_1_742' title='bbox 874 5395 903 5433; x_wconf 81' lang='lat' dir='ltr'>rc</span> <span class='ocrx_word' id='word_1_743' title='bbox 915 5379 1079 5433; x_wconf 81' lang='lat' dir='ltr'>litterarum</span> <span class='ocrx_word' id='word_1_744' title='bbox 1090 5378 1182 5432; x_wconf 79' lang='lat' dir='ltr'>alodio</span> <span class='ocrx_word' id='word_1_745' title='bbox 1191 5377 1307 5432; x_wconf 79' lang='lat' dir='ltr'>trudent</span> <span class='ocrx_word' id='word_1_746' title='bbox 1317 5379 1367 5432; x_wconf 81' lang='lat' dir='ltr'>rob</span> <span class='ocrx_word' id='word_1_747' title='bbox 1377 5378 1545 5431; x_wconf 69' lang='lat' dir='ltr'>clarissimis</span> <span class='ocrx_word' id='word_1_748' title='bbox 1562 5378 1768 5448; x_wconf 63' lang='lat' dir='ltr'>eleimonem</span> 
     </span>
     <span class='ocr_line' id='line_1_58' title="bbox 123 5447 1772 5524; baseline -0.009 -4"><span class='ocrx_word' id='word_1_749' title='bbox 123 5447 1772 5524; x_wconf 74' lang='lat' dir='ltr'>scientieetlreneslitmerilrettuactemporieleodiensicselpebetEcclcaio,Frencioillustrabotur,trobilitcrllerttit</span> 
     </span>
     <span class='ocr_line' id='line_1_59' title="bbox 124 5518 1769 5596; baseline -0.009 -4"><span class='ocrx_word' id='word_1_750' title='bbox 124 5530 532 5592; x_wconf 78' lang='lat' dir='ltr'>odceoteulleeicbrlstioeoe</span> <span class='ocrx_word' id='word_1_751' title='bbox 539 5518 1769 5596; x_wconf 72' lang='lat' dir='ltr'>fidcirepttleeidcrctttrincoercitos,nullolibcreliemertiemalieneb&#39;letdcmoribttt</span> 
     </span>
     <span class='ocr_line' id='line_1_60' title="bbox 121 5587 1767 5679; baseline -0.01 -15"><span class='ocrx_word' id='word_1_752' title='bbox 121 5600 451 5679; x_wconf 73' lang='lat' dir='ltr'>cimeltpeidmemerioe</span> <span class='ocrx_word' id='word_1_753' title='bbox 461 5597 618 5667; x_wconf 63' lang='lat' dir='ltr'>ommes,</span> <span class='ocrx_word' id='word_1_754' title='bbox 626 5595 721 5668; x_wconf 84' lang='lat' dir='ltr'>primo</span> <span class='ocrx_word' id='word_1_755' title='bbox 731 5595 764 5649; x_wconf 80' lang='lat' dir='ltr'>in</span> <span class='ocrx_word' id='word_1_756' title='bbox 773 5589 997 5650; x_wconf 77' lang='lat' dir='ltr'>ecclcsioSeecti</span> <span class='ocrx_word' id='word_1_757' title='bbox 1011 5587 1212 5648; x_wconf 73' lang='lat' dir='ltr'>bartholomei</span> <span class='ocrx_word' id='word_1_758' title='bbox 1221 5589 1352 5661; x_wconf 76' lang='lat' dir='ltr'>apostoli,</span> <span class='ocrx_word' id='word_1_759' title='bbox 1362 5589 1648 5663; x_wconf 78' lang='lat' dir='ltr'>qaeesttecttdttrbto</span> <span class='ocrx_word' id='word_1_760' title='bbox 1658 5591 1767 5662; x_wconf 80' lang='lat' dir='ltr'>Lcedtl,</span> 
     </span>
    </p>
   </div>
   <div class='ocr_carea' id='block_1_9' title="bbox 0 0 1868 6000">
    <p class='ocr_par' dir='ltr' id='par_1_10' title="bbox 0 0 1868 6000">
     <span class='ocr_line' id='line_1_61' title="bbox 0 0 1868 6000; baseline 0 15"><span class='ocrx_word' id='word_1_761' title='bbox 0 0 1868 6000; x_wconf 95' lang='lat' dir='ltr'> </span> 
     </span>
    </p>
   </div>
  </div>
 </body>
</html>
