3728 6000
114 232 168 290 887

617 226 808 286 celeratur
827 226 980 288 Aeea't'ts
998 231 1027 288 S.
1048 224 1267 289 reconderet

1709 232 1766 289 888

113 358 176 421 tia:
191 355 238 411 clii
252 370 407 412 sermonem
429 353 552 410 scientiae
580 354 679 421 (ider.
709 355 770 424 xta).
801 354 910 411 interim
925 358 953 420 Α
967 370 1016 426 pro
1030 369 1065 411 eo
1078 356 1222 428 plusquam
1238 354 1292 427 pati
1307 355 1685 427 potestinllrmabumanitas.
1705 358 1765 414 lloc

111 462 177 504 vero
190 445 280 501 donec
294 445 426 501 lormetur
437 444 559 498 Christus
573 442 601 496 in
629 442 719 513 nobis,
748 441 826 511 lidos,
843 444 909 516 qnia

111 534 292 592 scientiores
320 542 374 601 est,
406 532 483 602 quasi
512 530 675 586 naturaliter
704 530 774 586 scire
798 532 912 602 appetit,

113 623 243 696 quidquid
258 622 284 676 ci
296 620 459 678 credendum
471 619 607 688 indicitur,
624 626 727 675 etcum
743 634 797 675 non
813 628 910 690 potest,

111 712 245 768 turbatur.
260 710 379 765 scicntia
392 724 460 765 vero
475 709 546 775 boec,
562 707 620 762 sire
635 707 732 762 modus
745 707 911 780 suscipiendi

110 816 144 857 ea
158 815 219 870 quae
233 798 295 852 iidei
311 805 383 863 aunt,
400 796 444 853 bic
473 805 515 852 est
543 796 689 851 ordinante
713 812 778 851 cum
806 811 911 851 semma

110 887 246 960 sapientia
260 886 287 940 in
298 885 471 956 suscipientis
486 884 663 941 conscientia.
681 884 775 940 Primo
790 900 823 939 ex
839 883 911 940 obe-

111 977 212 1033 dientia
228 972 339 1029 Domini
357 973 496 1028 dicentis:
528 993 540 1020 t
558 971 610 1040 Qui
637 973 790 1036 crediderit,
820 972 911 1027 salvus

111 1066 183 1130 erit,
213 1063 259 1133 qui
283 1076 350 1117 sero
391 1076 446 1116 non
487 1059 643 1129 crediderit,
685 1061 911 1115 condemnabitur

111 1155 206 1225 (liare.
218 1152 287 1215 xvii,
306 1149 417 1215 urcbus,
427 1150 494 1204 sicut
498 1148 664 1218 jamdictum
675 1156 727 1214 εει,
743 1149 910 1204 extrinsecus

111 1240 280 1299 uenientibus
294 1255 326 1293 ex
341 1238 524 1309 praecipientis
538 1236 693 1292 obedientia
704 1253 752 1307 per
758 1236 908 1307 simplicem

111 1344 252 1387 assensum
267 1328 344 1397 quasi
354 1325 653 1397 hospitalisgratiauon
664 1333 792 1397 negatur.
805 1324 909 1380 Deinde

110 1434 177 1476 vero
192 1433 241 1489 per
255 1416 334 1471 bonae
356 1415 502 1470 voluntatis
527 1412 747 1482 familiaritatem,
776 1411 854 1483 quasi
881 1412 909 1467 in

108 1508 153 1577 jus
168 1504 250 1562 civile
268 1511 295 1559 ει
308 1502 420 1558 εοειειιε
433 1501 495 1557 vitae
520 1500 694 1569 consortium,
719 1500 747 1553 in
783 1515 908 1557 commu-

963 451 1053 500 autcm
1082 443 1121 512 ιιι,
1151 460 1212 500 curn
1253 444 1405 500 secundum
1435 453 1602 517 preceptum
1639 445 1762 517 Apostoli

964 530 1114 588 sarrctilrcat
1138 534 1219 587 bomo
1236 531 1324 588 fidelis
1341 533 1489 588 Dominum
1517 535 1609 589 Jesurn
1624 534 1763 590 Christum

964 620 992 674 iu
1007 620 1091 676 corde
1106 636 1155 676 suo
1175 623 1200 690 (l
1213 623 1290 678 Patr.
1307 622 1348 691 ur)
1358 635 1365 689 ;
1375 630 1401 677 et
1415 621 1474 693 ipse
1489 622 1619 677 Dominus
1634 621 1761 678 sanctiti-

964 717 1007 764 cat
1017 709 1193 780 semetipsum
1208 710 1235 763 in
1250 708 1388 780 eo(Joan.
1404 712 1483 777 xvir).
1500 710 1577 767 lianc
1598 709 1677 765 iidem
1708 711 1764 765 uti·

964 811 1134 852 namomoes
1145 806 1362 869 assequerentur,
1370 798 1416 870 qui
1425 798 1587 869 profitentur
1596 797 1602 852 l
1613 813 1710 853 omnes
1718 800 1764 854 ba-

965 885 1069 951 berent,
1087 885 1174 952 quiin
1189 901 1303 941 numero
1312 884 1433 941 bdelium
1444 887 1589 942 secauseri
1599 887 1761 959 glorianturl

962 973 1024 1029 Non
1039 975 1111 1028 enim
1135 974 1320 1029 arbitrandum
1335 982 1385 1044 est,
1412 975 1486 1046 quod
1514 975 1601 1045 possit
1627 977 1700 1032 banc
1727 974 1763 1031 ad

963 1061 1051 1117 Deum
1067 1061 1167 1117 babere
1187 1060 1277 1128 sidem,
1295 1063 1459 1134 quicumque
1473 1063 1646 1118 saeculolruic
1668 1062 1761 1118 adhuc

962 1150 1091 1220 probatur
1105 1166 1212 1205 serrare
1227 1149 1317 1206 fidem.
1334 1152 1450 1222 Propter
1458 1151 1531 1222 quod
1557 1151 1623 1206 dicit
1648 1158 1761 1221 aposto·

963 1237 1015 1305 lus,
1032 1238 1095 1309 quia
1114 1260 1125 1290 ι
1141 1238 1242 1294 bonam
1258 1240 1453 1295 conscientiam
1465 1240 1574 1309 quidam
1583 1239 1757 1309 repellentes,

962 1326 1036 1382 circa
1050 1325 1130 1381 iidem
1144 1327 1374 1400 naufragaverunt
1395 1329 1419 1398 (l
1436 1328 1507 1384 Tim.
1525 1328 1554 1397 r).
1569 1347 1582 1378 ι
1599 1328 1671 1383 Mala
1685 1327 1760 1382 enirn

962 1414 1129 1472 conscientia
1145 1416 1227 1471 facile
1246 1416 1347 1487 patitur
1374 1416 1544 1488 naufragium
1561 1434 1569 1483 ;
1585 1430 1636 1471 uec
1661 1415 1759 1487 probe,

962 1517 1012 1559 nec
1026 1503 1205 1574 probabiliter
1219 1503 1323 1559 babere
1338 1520 1368 1560 se
1379 1512 1469 1576 potest
1481 1505 1554 1561 circa
1582 1504 1682 1565 iidem,
1713 1503 1759 1573 qui

110 1596 192 1651 nionc
205 1592 330 1662 ejusdcm
358 1591 437 1661 panis
465 1597 547 1660 atque
559 1589 682 1660 ejusdem
696 1589 791 1644 calicis
816 1588 906 1645 susci-
960 1592 1179 1662 concupiscentia
1193 1593 1284 1648 carnis
1296 1592 1339 1649 rel
1355 1592 1448 1649 saeculi
1471 1601 1625 1664 corrupnm
1652 1591 1761 1647 habue-

109 1684 228 1756 piuntur.
244 1678 419 1736 Postmodum
429 1692 495 1734 vero
510 1679 587 1750 quasi
614 1693 663 1749 per
683 1681 776 1732 mutua
802 1692 907 1733 connu-
922 1714 949 1774 B
963 1678 1001 1735 rit
1013 1688 1142 1736 mentem.
1160 1681 1238 1737 Unde
1254 1681 1318 1736 item
1334 1681 1399 1738 dicit
1422 1680 1566 1752 Apostolus
1592 1681 1627 1736 de
1644 1680 1760 1752 quibus·

110 1772 321 1843 bicjenguntur
336 1765 465 1824 allectus:
490 1782 551 1823 cum
575 1782 610 1823 ex
638 1766 813 1822 sensibilibus
830 1766 906 1821 intel·
962 1767 1037 1823 dam.
1066 1768 1219 1838 ‹Cornrpti
1244 1776 1345 1836 mente,
1376 1769 1487 1841 reprobi
1515 1769 1588 1826 circa
1614 1768 1695 1823 iidem
1723 1768 1761 1839 (ll

109 1860 188 1918 lectis
202 1854 398 1929 intelligibilia,
413 1864 440 1911 ει
463 1871 498 1911 ex
519 1854 737 1927 intelligibilibus
764 1870 908 1911 commen·
966 1858 1038 1911 Tim.
1056 1860 1109 1928 ru).
1127 1857 1176 1912 »Si
1192 1857 1252 1928 quis
1266 1872 1334 1913 vero
1349 1873 1413 1914 vere
1427 1856 1516 1912 fidelis
1525 1866 1574 1924 est,
1584 1857 1654 1914 sicut
1668 1856 1702 1911 ad
1717 1856 1760 1911 le-

109 1949 207 2006 dantur
233 1944 383 2013 sensibilia,
407 1959 468 2000 cum
507 1943 583 2014 quasi
610 1945 729 1999 invicem
764 1943 910 1999 conserunt
962 1945 1101 2001 risaimam
1115 1945 1206 2001 cordis
1221 1946 1264 2000 rel
1280 1945 1386 2001 cerebri
1399 1945 1552 2011 laesionem,
1568 1944 1613 2001 vel
1629 1946 1759 2002 earumin

110 2038 172 2104 sibi,
199 2035 235 2092 de
276 2034 374 2106 quibus
410 2033 567 2094 abundant;
596 2031 792 2104 temporalibus
822 2033 908 2086 Deum

109 2122 371 2190 commendantibus,
396 2130 421 2176 et
447 2119 646 2193 intelligibilem
657 2119 818 2175 iacientibus
845 2134 908 2175 om·

109 2215 276 2286 nipotentem
289 2211 337 2266 bet
352 2210 518 2265 bonitatem:
535 2210 656 2263 bonitate
672 2223 738 2263 vero
758 2217 784 2263 et
809 2215 907 2278 poten·

109 2304 147 2359 ιιε
167 2300 276 2356 Domini
304 2297 487 2353 astruentibus
515 2297 705 2369 temporalium
725 2294 826 2363 iidem;
844 2297 907 2366 quia

107 2391 197 2447 bonus
211 2398 238 2443 ει
252 2395 348 2459 potens
363 2386 458 2451 voluit,
470 2393 497 2441 et
514 2395 610 2456 potens
625 2385 711 2456 potuit
740 2384 831 2440 lacere
858 2400 907 2454 pro

108 2479 195 2534 salute
220 2479 347 2540 bumana,
374 2474 447 2544 quod
475 2475 519 2529 vix
543 2474 656 2528 credere
685 2473 788 2528 subicit
813 2482 908 2528 netum

109 2569 241 2624 bumana.
256 2563 406 2618 invisibilia
421 2562 494 2616 enim
509 2561 558 2616 Dei
574 2563 602 2615 in
619 2565 669 2616 boc
696 2560 813 2616 manime
830 2584 842 2609 ι
860 2576 908 2631 per

107 2673 139 2714 ea
154 2671 216 2729 quae
227 2654 296 2708 laeta
308 2651 513 2707 suntintellecta
522 2649 723 2720 conspiciuntur
736 2651 830 2720 (Rom.
847 2652 906 2713 trin

106 2761 170 2802 cum
186 2745 255 2799 bene
270 2741 374 2797 credita
394 2738 553 2810 temporalis
580 2739 745 2806 dispensatio
776 2739 909 2794 blcdiato·

962 2048 1074 2104 corpore
1089 2036 1216 2105 partium,
1229 2035 1255 2089 in
1272 2034 1371 2106 quibus
1388 2034 1444 2090 vita
1457 2034 1618 2100 continetur,
1645 2042 1699 2089 tota
1713 2048 1760 2090 re·

962 2130 1042 2193 pente
1056 2124 1183 2193 stupescit
1198 2131 1293 2177 natura
1308 2140 1316 2189 ;
1333 2123 1376 2177 sic
1387 2123 1423 2177 ad
1436 2123 1542 2193 pulsum
1553 2122 1618 2178 fidei
1629 2121 1673 2178 rel
1683 2122 1761 2178 levis-

962 2211 1072 2278 simum,
1088 2219 1144 2266 tota
1158 2212 1185 2265 io
1196 2226 1229 2266 eo
1244 2211 1427 2267 contremiscit
1442 2213 1520 2267 bonae
1534 2211 1678 2267 voluntatis
1692 2211 1759 2265 sub·

963 2301 1072 2365 stantia,
1088 2308 1114 2353 et
1128 2300 1199 2354 sicut
1227 2299 1369 2370 prudentia
1388 2300 1522 2370 serpentis
1550 2308 1633 2354 tntum
1661 2314 1761 2369 corpus

962 2387 1169 2458 objicercsolet
1183 2388 1330 2459 procapile
1355 2389 1462 2453 tuende,
1491 2389 1517 2442 in
1533 2404 1586 2460 quo
1616 2387 1671 2442 vite
1699 2387 1761 2459 ejus

962 2476 1125 2536 continetur,
1137 2476 1175 2531 sic
1190 2479 1275 2531 bomo
1290 2475 1376 2531 tidelis
1391 2477 1428 2530 nil
1444 2493 1527 2549 agere
1542 2477 1584 2531 vel
1600 2476 1652 2546 pati
1676 2491 1761 2530 recu·

962 2568 1014 2630 sat,
1030 2563 1094 2617 dum
1109 2562 1172 2618 iidei
1186 2579 1243 2617 suae
1256 2579 1303 2617 sua
1317 2580 1424 2635 seniper
1440 2573 1546 2619 maneat
1574 2564 1675 2617 sanitas
1703 2562 1759 2616 im-

962 2652 1132 2723 perturbata.
1148 2650 1274 2707 Orandus
1289 2667 1357 2724 ergo
1373 2653 1453 2706 nobis
1481 2660 1523 2707 est
1551 2652 1659 2706 assidue
1680 2652 1760 2706 Peter

963 2739 1114 2809 nosterqui
1129 2740 1205 2794 estin
1222 2742 1312 2805 coelis,
1323 2749 1351 2794 ut
1367 2740 1446 2795 tidem
1463 2749 1583 2795 nostram
1611 2740 1663 2794 etsi
1690 2756 1759 2809 prc-

105 2829 312 2904 risperiidem,
330 2825 600 2898 releemquaefrdei
617 2827 908 2894 estscientium,eru-
962 2827 1254 2898 bandunr,aliquando
1284 2845 1368 2899 usquo
1396 2829 1432 2883 ad
1461 2830 1635 2883 tentationem
1659 2828 1760 2899 petitur

104 2922 185 2979 ditet
200 2917 299 2975 enutrit
313 2915 348 2970 ad
362 2923 465 2971 aeterne
480 2915 614 2983 capienda
639 2929 687 2969 cor
714 2915 864 2979 credentis,
881 2917 910 2969 ct
962 2916 1087 2986 perduci,
1103 2932 1157 2971 oon
1175 2918 1253 2988 quasi
1276 2916 1478 2987 reprobandum
1503 2920 1623 2987 patiatur
1650 2917 1757 2980 induci;

106 3013 175 3067 bene
203 3008 323 3079 cogitata
344 3012 449 3060 ειειεε
476 3001 577 3058 laniunt
614 3003 799 3073 temporalium
827 3003 906 3057 testi·
963 3005 1213 3075 sedpraestctcum
1235 3005 1380 3060 tentatione
1407 3015 1580 3076 proventum,
1609 3013 1638 3059 ut
1665 3006 1758 3077 possi-

106 3098 199 3156 monia
225 3091 366 3150 credibilia
401 3090 490 3145 nimis.
523 3090 737 3162 Magnitudinem
766 3067 1523 3162 siquitemCmussustinere.0mnibusetiemstudita
1541 3093 1759 3165 pictatiscontra

105 3189 205 3245 divinas
218 3182 346 3240 bonitatis
360 3181 387 3235 in
402 3180 486 3236 corde
498 3178 637 3251 diligentis
652 3185 764 3233 testatur
786 3178 906 3248 dignitas
959 3195 1069 3235 sensum
1084 3182 1176 3236 carnis
1189 3189 1215 3235 ct
1226 3179 1360 3237 servorem
1384 3188 1488 3236 naturae
1510 3182 1688 3253 quaerendum
1717 3189 1759 3237 ast

106 3275 206 3349 eperia,
222 3281 250 3329 ει
264 3270 429 3326 intellectum
445 3267 617 3339 aliquatenus
640 3282 776 3322 summum
806 3268 906 3321 bonurn
958 3269 1086 3323 auxilium
1102 3270 1196 3341 gratiae
1211 3288 1219 3336 ς
1234 3286 1268 3325 ne
1282 3268 1350 3325 fides
1366 3270 1487 3340 fatiscat,
1503 3286 1538 3325 ne
1566 3270 1690 3337 deficiat3
1707 3270 1758 3326 sed

105 3366 135 3423 in
149 3379 229 3421 sensu
243 3359 343 3417 amoris
356 3357 497 3413 constituit
510 3356 623 3427 dignum
639 3357 695 3411 Deo
716 3371 785 3427 opus
809 3372 901 3411 suum.
959 3358 1078 3412 tructam
1092 3357 1228 3412 aberatin
1243 3359 1381 3430 patientia,
1398 3359 1486 3414 donec
1511 3358 1643 3430 paulatim
1666 3358 1758 3430 gratia

106 3457 138 3510 ln
152 3456 205 3511 boc
219 3451 293 3507 enim
308 3448 343 3503 de
358 3460 444 3518 regne
459 3444 611 3511 charitatis,
626 3445 699 3517 quod
714 3452 757 3501 est
780 3444 808 3498 in
837 3453 905 3499 statu
959 3444 1074 3514 Spiritus
1097 3446 1184 3501 sancti
1216 3451 1300 3502 totam
1327 3446 1511 3502 illamnaturae
1525 3446 1757 3517 trepidantisellr·

106 3532 905 3605 aeternitatis,illuxitnoblssummasapieotiasecundum
958 3533 1032 3604 giem
1047 3532 1169 3590 mirificet
1193 3535 1220 3589 in
1250 3535 1428 3590 substantiam
1453 3535 1599 3606 quamdam
1629 3535 1758 3606 perfecta

105 3628 261 3703 possedoni
276 3624 327 3690 sui,
344 3639 425 3693 supra
441 3637 521 3692 posse
535 3629 632 3692 captus
659 3622 753 3688 nostri,
771 3636 832 3676 cum
857 3619 905 3693 qui
958 3619 1036 3684 iidei;
1051 3622 1235 3692 perileicnsin
1250 3639 1283 3679 ea
1305 3624 1379 3695 quod
1402 3622 1490 3678 David
1509 3632 1645 3693 precatur.
1665 3626 1757 3679 ulm-

105 3724 163 3774 erat
177 3719 203 3770 in
219 3715 306 3769 lorma
321 3712 372 3766 Dei
386 3710 473 3765 lectus
488 3717 529 3763 ast
542 3709 570 3764 in
592 3710 680 3763 lormn
705 3709 785 3776 servi,
814 3708 905 3764 docuit
958 3718 1021 3781 puta
1062 3711 1234 3781 opprobrium
1264 3728 1365 3777 meum,
1391 3713 1466 3783 quod
1505 3712 1657 3783 suspicatus
1692 3728 1757 3768 sum

104 3805 290 3876 intelligentes
300 3815 349 3870 per
358 3815 391 3853 ca
405 3814 467 3869 quae
480 3796 543 3853 lecit
565 3797 630 3869 quid
663 3797 727 3852 boni
756 3799 802 3864 sit,
831 3797 905 3868 quod
958 3799 1046 3868 (Psoi.
1061 3800 1166 3868 carru).
1185 3822 1196 3847 a
1215 3800 1425 3855 Adsciscctsibi
1440 3800 1757 3871 prudensanimusmu-

105 3893 704 3967 „mmmmmillafogionesummibonj,
731 3893 810 3963 Quod
840 3895 904 3964 qui.
957 3888 1108 3942 nimentum
1124 3886 1198 3952 fidei,
1213 3888 1247 3942 ad
1263 3886 1477 3943 confirmandum
1506 3904 1564 3954 cor,
1594 3888 1628 3942 ad
1652 3887 1756 3943 illumi·

105 3992 167 4049 dem
181 3986 413 4059 temporaliterest
431 3982 532 4040 lactum
545 4000 552 4049 ;
567 3982 653 4037 sedin
668 3996 701 4038 ec
712 3983 775 4053 quid
789 3984 816 4037 in
830 3985 905 4052 prin.
957 3976 1077 4030 eandam
1092 3974 1146 4030 lide
1161 3977 1363 4041 conscientiam,
1378 3993 1477 4048 magna
1492 3977 1624 4032 ecclesie
1635 3977 1756 4031 lumina·

105 4080 177 4153 cipio
203 4083 262 4133 erat
286 4073 359 4145 apud
387 4073 471 4126 Deum
500 4072 641 4143 (Jocn.r);
668 4071 723 4125 rita
750 4080 809 4126 crat
831 4087 903 4142 opus
956 4064 1544 4136 ria,summosuirosspiritualisscientiae,
1573 4081 1686 4120 summac
1704 4082 1755 4121 sa-

107 4184 197 4232 euum,
231 4171 258 4220 ct
286 4160 445 4218 aeternaliter
472 4167 529 4215 erat
554 4159 627 4230 apud
660 4160 755 4214 Deum.
786 4160 826 4214 Ex
849 4177 903 4230 quo
956 4153 1076 4223 pienriae,
1099 4155 1247 4209 sanctitatis
1276 4155 1407 4225 probatae,
1434 4155 1572 4209 doctrinas
1600 4165 1625 4210 et
1653 4155 1755 4226 scripta

104 4254 237 4333 profluxit
254 4253 282 4307 in
296 4249 427 4305 meandum
455 4264 526 4304 nora
540 4248 679 4319 sapientia,
703 4248 835 4320 sapientia
857 4265 903 4302 su·
956 4255 1061 4308 eorum,
1076 4257 1160 4313 opera
1174 4258 1269 4298 corum
1281 4243 1454 4313 etmartyria,
1464 4243 1649 4312 dicatquesibi
1660 4252 1754 4299 contra

103 4364 154 4422 pe,
174 4356 284 4402 omnem
322 4338 482 4408 sapientiam
511 4336 602 4391 muudi
627 4338 716 4405 hujus,
746 4344 773 4392 ea
794 4338 903 4392 stultam
956 4337 1046 4384 motus
1062 4333 1239 4386 tentationum
1253 4347 1361 4386 suarum
1377 4349 1384 4386 ε
1400 4333 1475 4387 Τεεε
1498 4332 1556 4386 ιειιε
1575 4333 1671 4389 melior
1699 4337 1752 4399 est,

104 4452 167 4495 qam
195 4432 307 4494 faciens,
335 4425 543 4496 intelligentium
572 4429 600 4479 ct
622 4424 797 4496 sapientium,
820 4422 1001 4484 stuttaDaut
1014 4419 1170 4489 sapientior,
1184 4420 1321 4488 sanctior,
1338 4429 1384 4475 aut
1406 4421 1599 4491 perspicacior,
1628 4422 1673 4492 qui
1698 4420 1754 4477 boc

104 4534 132 4583 et
145 4524 252 4580 infirma
268 4517 318 4574 ilci
344 4515 457 4570 tortiora
483 4529 543 4570 esse
571 4512 695 4569 omnibus
722 4514 897 4581 bominibus;

103 4613 267 4688 sapientium
295 4604 372 4662 suari
397 4605 495 4658 mentis
517 4617 616 4672 sapore
644 4601 822 4657 humilitatem
851 4602 899 4657 lilii

102 4699 238 4774 usquead
253 4704 376 4759 mortem,
392 4699 506 4748 mortem
522 4699 612 4746 autem
629 4690 729 4759 crucis,
758 4694 899 4762 passiones

104 4789 230 4867 patientis
244 4801 295 4859 pro
310 4782 399 4848 nobis,
415 4780 569 4847 irrisiones,
599 4780 705 4851 alapas,
731 4787 820 4850 sputa,
845 4781 898 4835 ila-

103 4881 186 4954 gella‚
201 4877 294 4947 spinas
307 4881 335 4928 et
349 4872 451 4934 claros,
467 4878 495 4924 et
508 4882 619 4939 caetera,
635 4884 696 4938 quae
723 4869 814 4923 anima
836 4869 897 4924 rul-

102 4985 195 5035 neren
209 4971 338 5030 charitate
361 4967 407 5024 vix
421 4964 569 5039 aliquando
583 4973 671 5036 potest
688 4964 827 5021 recordari
841 4980 897 5036 prae

101 5074 221 5151 pondere
235 5067 351 5131 doloris;
372 5078 511 5136 nunquam
522 5061 784 5117 reroobliriscieam
794 5063 895 5134 patitur

99 5172 210 5232 allectus
236 5162 347 5222 amoris.
372 5161 414 5215 nx
440 5173 494 5231 quo
508 5157 574 5213 liunt
598 5158 759 5228 temporalia
787 5159 894 5214 Domini

98 5282 182 5341 opera
195 5265 222 5320 in
232 5257 398 5320 cordelideli
412 5254 571 5311 aeternitatis
585 5253 653 5309 mira
663 5254 787 5323 quadam
802 5269 894 5311 sacra·

952 4505 980 4560 iu
995 4509 1096 4563 mundo
1106 4507 1256 4564 docuerunt
1267 4510 1372 4578 quoda
1389 4509 1447 4564 Deo
1457 4509 1618 4576 didicerunt,
1640 4510 1751 4581 magni-

953 4593 1004 4651 lice
1019 4596 1241 4667 predicaverunt,
1251 4597 1405 4653 lrrculcnter
1415 4598 1593 4667 descriptaad
1606 4606 1751 4653 nostrans·

953 4683 1094 4752 miserunt,
1111 4687 1168 4739 vita
1187 4695 1213 4740 ει
1236 4684 1374 4742 miraculis
1400 4687 1638 4753 confirmaverunt,
1664 4695 1750 4742 morte

952 4779 981 4827 ει
996 4773 1128 4844 martyrio
1156 4776 1354 4830 sacraverunt?
1381 4774 1544 4844 ilujusmodi
1569 4784 1659 4829 autem
1685 4773 1749 4830 lidei

951 4861 1142 4932 cogitationes,
1154 4862 1338 4931 mentiumque
1354 4862 1504 4918 nutationes
1514 4871 1541 4917 et
1563 4863 1748 4919 baesitetionea

950 4959 1154 5031 cogitationum,
1170 4962 1288 5016 maxime
1302 4960 1377 5016 circa
1403 4961 1600 5016 burnanitatem
1617 4961 1747 5019 Salvato-

948 5055 987 5110 ris
1002 5058 1148 5128 agitantur,
1164 5067 1192 5114 et
1204 5074 1235 5114 ea
1248 5057 1310 5114 iidei
1333 5060 1461 5130 mysteria
1474 5074 1535 5130 quae
1554 5059 1633 5115 nobis
1659 5061 1688 5113 in
1710 5074 1746 5115 aa

949 5151 1116 5207 revelantur.
1132 5154 1201 5209 Nam
1215 5154 1250 5210 de
1265 5155 1323 5211 ileo
1337 5164 1425 5210 utrum
1450 5156 1494 5223 sit,
1510 5162 1598 5210 utrum
1627 5164 1747 5228 agentur

947 5248 1039 5304 omnia
1054 5249 1172 5320 perejes
1190 5250 1399 5322 providentiam,
1427 5268 1487 5322 quae
1515 5260 1604 5308 create
1630 5257 1746 5309 suntet

96 5372 199 5431 menta,
216 5365 244 5416 et
253 5358 287 5414 ad
301 5353 481 5412 imitationem
490 5351 649 5408 earumdem
664 5350 824 5422 passionum
845 5352 892 5408 in·
946 5346 1056 5403 condita
1069 5363 1119 5419 per
1141 5347 1200 5418 ejus
1214 5350 1448 5421 omnipotentiam,
1477 5350 1512 5405 ad
1540 5365 1652 5407 omnem
1675 5366 1744 5407 con-

95 5462 203 5522 tentiva
216 5454 339 5523 mirifica,
353 5460 491 5508 utamans
514 5457 645 5522 quantum
667 5455 766 5521 potest,
797 5450 892 5510 ardeat
944 5443 1097 5512 scientiam,
1114 5462 1175 5517 quae
1189 5448 1298 5503 rationis
1325 5457 1364 5505 est
1393 5462 1487 5520 capax,
1517 5447 1557 5504 sio
1583 5448 1744 5505 naturaliter

95 5564 189 5623 ,mm
202 5548 347 5631 plusquam
360 5545 450 5616 potest
463 5537 585 5596 bonsm
600 5535 754 5609 inermies,
782 5547 809 5597 ει
833 5543 890 5619 pati
942 5558 974 5604 se
998 5543 1168 5603 demonstrat
1194 5547 1295 5605 ιεειιει
1321 5560 1438 5604 summe
1450 5547 1586 5619 essendo,
1601 5555 1630 5604 at
1649 5548 1741 5605 mani·
