<?xml version="1.0" encoding="UTF-8"?>
<!DOCTYPE html PUBLIC "-//W3C//DTD XHTML 1.0 Transitional//EN"
    "http://www.w3.org/TR/xhtml1/DTD/xhtml1-transitional.dtd">
<html xmlns="http://www.w3.org/1999/xhtml" xml:lang="en" lang="en">
 <head>
  <title>
</title>
<meta http-equiv="Content-Type" content="text/html;charset=utf-8" />
  <meta name='ocr-system' content='tesseract 3.04.00' />
  <meta name='ocr-capabilities' content='ocr_page ocr_carea ocr_par ocr_line ocrx_word'/>
</head>
<body>
  <div class='ocr_page' id='page_1' title='image "./patrologiaecurs13unkngoog/patrologiaecurs13unkngoog_0163.png"; bbox 0 0 3728 6000; ppageno 0'>
   <div class='ocr_carea' id='block_1_1' title="bbox 136 264 1793 328">
    <p class='ocr_par' dir='ltr' id='par_1_1' title="bbox 136 264 1793 328">
     <span class='ocr_line' id='line_1_1' title="bbox 136 264 1793 328; baseline 0.002 -6"><span class='ocrx_word' id='word_1_1' title='bbox 136 264 191 324; x_wconf 78' lang='lat' dir='ltr'>ils</span> <span class='ocrx_word' id='word_1_2' title='bbox 641 268 833 326; x_wconf 70' lang='lat' dir='ltr'>corticum</span> <span class='ocrx_word' id='word_1_3' title='bbox 850 266 996 325; x_wconf 75' lang='lat' dir='ltr'>abbans</span> <span class='ocrx_word' id='word_1_4' title='bbox 1016 267 1044 326; x_wconf 87' lang='lat' dir='ltr'>S.</span> <span class='ocrx_word' id='word_1_5' title='bbox 1063 266 1285 326; x_wconf 78' lang='lat' dir='ltr'>rflcouoatct</span> <span class='ocrx_word' id='word_1_6' title='bbox 1740 271 1793 328; x_wconf 75' lang='grc'>316</span> 
     </span>
    </p>
   </div>
   <div class='ocr_carea' id='block_1_2' title="bbox 135 392 1796 5271">
    <p class='ocr_par' dir='ltr' id='par_1_2' title="bbox 135 392 1796 4817">
     <span class='ocr_line' id='line_1_2' title="bbox 138 392 1792 468; baseline 0.001 -19"><span class='ocrx_word' id='word_1_7' title='bbox 138 392 329 451; x_wconf 86' lang='lat' dir='ltr'>tradicentium</span> <span class='ocrx_word' id='word_1_8' title='bbox 344 395 558 468; x_wconf 82' lang='lat' dir='ltr'>oppilavit‘lfste</span> <span class='ocrx_word' id='word_1_9' title='bbox 577 411 694 465; x_wconf 89' lang='lat' dir='ltr'>namque</span> <span class='ocrx_word' id='word_1_10' title='bbox 712 402 823 451; x_wconf 73' lang='lat' dir='ltr'>mactus</span> <span class='ocrx_word' id='word_1_11' title='bbox 838 395 879 450; x_wconf 87' lang='lat' dir='ltr'>vir</span> <span class='ocrx_word' id='word_1_12' title='bbox 889 396 934 450; x_wconf 91' lang='lat' dir='ltr'>in·</span> <span class='ocrx_word' id='word_1_13' title='bbox 948 396 977 459; x_wconf 82' lang='grc' dir='ltr'><strong>Α</strong></span> <span class='ocrx_word' id='word_1_14' title='bbox 994 417 1006 442; x_wconf 78' lang='grc' dir='ltr'><strong>ι</strong></span> <span class='ocrx_word' id='word_1_15' title='bbox 1023 395 1051 451; x_wconf 93' lang='lat' dir='ltr'>Si</span> <span class='ocrx_word' id='word_1_16' title='bbox 1067 393 1133 450; x_wconf 91' lang='lat' dir='ltr'>illud</span> <span class='ocrx_word' id='word_1_17' title='bbox 1148 394 1236 451; x_wconf 92' lang='lat' dir='ltr'>solum</span> <span class='ocrx_word' id='word_1_18' title='bbox 1252 395 1323 467; x_wconf 88' lang='lat' dir='ltr'>qnod</span> <span class='ocrx_word' id='word_1_19' title='bbox 1340 395 1404 453; x_wconf 88' lang='lat' dir='ltr'>facit</span> <span class='ocrx_word' id='word_1_20' title='bbox 1418 397 1502 464; x_wconf 87' lang='lat' dir='ltr'>Deus,</span> <span class='ocrx_word' id='word_1_21' title='bbox 1519 394 1576 452; x_wconf 90' lang='lat' dir='ltr'>lieri</span> <span class='ocrx_word' id='word_1_22' title='bbox 1592 395 1626 452; x_wconf 91' lang='lat' dir='ltr'>ab</span> <span class='ocrx_word' id='word_1_23' title='bbox 1642 410 1675 452; x_wconf 86' lang='lat' dir='ltr'>eo</span> <span class='ocrx_word' id='word_1_24' title='bbox 1690 396 1792 452; x_wconf 89' lang='lat' dir='ltr'>bonum</span> 
     </span>
     <span class='ocr_line' id='line_1_3' title="bbox 138 483 1791 556; baseline 0.001 -18"><span class='ocrx_word' id='word_1_25' title='bbox 138 484 330 555; x_wconf 90' lang='lat' dir='ltr'>comparabilis</span> <span class='ocrx_word' id='word_1_26' title='bbox 344 485 496 556; x_wconf 88' lang='lat' dir='ltr'>prudentiae</span> <span class='ocrx_word' id='word_1_27' title='bbox 509 493 535 539; x_wconf 90' lang='lat' dir='ltr'>et</span> <span class='ocrx_word' id='word_1_28' title='bbox 550 484 670 556; x_wconf 82' lang='lat' dir='ltr'>egregiae</span> <span class='ocrx_word' id='word_1_29' title='bbox 681 483 870 555; x_wconf 73' lang='lat' dir='ltr'>simplicitatis,</span> <span class='ocrx_word' id='word_1_30' title='bbox 880 484 939 552; x_wconf 86' lang='lat' dir='ltr'>jam</span> <span class='ocrx_word' id='word_1_31' title='bbox 995 492 1044 550; x_wconf 87' lang='grc' dir='ltr'><strong>εει,</strong></span> <span class='ocrx_word' id='word_1_32' title='bbox 1062 484 1182 553; x_wconf 88' lang='lat' dir='ltr'>profecto</span> <span class='ocrx_word' id='word_1_33' title='bbox 1199 484 1265 539; x_wconf 94' lang='lat' dir='ltr'>illud</span> <span class='ocrx_word' id='word_1_34' title='bbox 1280 486 1457 556; x_wconf 89' lang='lat' dir='ltr'>solumquod</span> <span class='ocrx_word' id='word_1_35' title='bbox 1487 484 1564 551; x_wconf 88' lang='lat' dir='ltr'>facit,</span> <span class='ocrx_word' id='word_1_36' title='bbox 1580 485 1671 541; x_wconf 87' lang='lat' dir='ltr'>facere</span> <span class='ocrx_word' id='word_1_37' title='bbox 1691 493 1791 556; x_wconf 91' lang='lat' dir='ltr'>potest,</span> 
     </span>
     <span class='ocr_line' id='line_1_4' title="bbox 139 572 1792 645; baseline 0.001 -19"><span class='ocrx_word' id='word_1_38' title='bbox 139 573 216 627; x_wconf 87' lang='lat' dir='ltr'>senio</span> <span class='ocrx_word' id='word_1_39' title='bbox 244 573 356 639; x_wconf 86' lang='lat' dir='ltr'>fractus,</span> <span class='ocrx_word' id='word_1_40' title='bbox 373 581 401 628; x_wconf 89' lang='grc' dir='ltr'>ει</span> <span class='ocrx_word' id='word_1_41' title='bbox 414 590 464 628; x_wconf 89' lang='lat' dir='ltr'>sua</span> <span class='ocrx_word' id='word_1_42' title='bbox 492 572 658 628; x_wconf 89' lang='lat' dir='ltr'>Sunamitide</span> <span class='ocrx_word' id='word_1_43' title='bbox 685 572 839 640; x_wconf 87' lang='lat' dir='ltr'>calefactus,</span> <span class='ocrx_word' id='word_1_44' title='bbox 856 574 940 628; x_wconf 89' lang='lat' dir='ltr'>libros</span> <span class='ocrx_word' id='word_1_45' title='bbox 994 573 1039 644; x_wconf 91' lang='lat' dir='ltr'>qni</span> <span class='ocrx_word' id='word_1_46' title='bbox 1056 572 1146 628; x_wconf 88' lang='lat' dir='ltr'>lacere</span> <span class='ocrx_word' id='word_1_47' title='bbox 1162 573 1228 627; x_wconf 84' lang='lat' dir='ltr'>nibil</span> <span class='ocrx_word' id='word_1_48' title='bbox 1243 580 1340 644; x_wconf 88' lang='lat' dir='ltr'>potest,</span> <span class='ocrx_word' id='word_1_49' title='bbox 1357 574 1408 628; x_wconf 87' lang='lat' dir='ltr'>nisi</span> <span class='ocrx_word' id='word_1_50' title='bbox 1423 574 1496 645; x_wconf 92' lang='lat' dir='ltr'>quod</span> <span class='ocrx_word' id='word_1_51' title='bbox 1522 573 1792 629; x_wconf 85' lang='lat' dir='ltr'>abcolieribonum</span> 
     </span>
     <span class='ocr_line' id='line_1_5' title="bbox 139 650 1793 733; baseline 0.001 -19"><span class='ocrx_word' id='word_1_52' title='bbox 139 674 204 716; x_wconf 88' lang='lat' dir='ltr'>suos</span> <span class='ocrx_word' id='word_1_53' title='bbox 220 662 382 731; x_wconf 87' lang='lat' dir='ltr'>retractavit,</span> <span class='ocrx_word' id='word_1_54' title='bbox 396 669 423 718; x_wconf 94' lang='lat' dir='ltr'>et</span> <span class='ocrx_word' id='word_1_55' title='bbox 439 650 613 718; x_wconf 87' lang='lat' dir='ltr'>tractavitibi</span> <span class='ocrx_word' id='word_1_56' title='bbox 641 662 852 732; x_wconf 78' lang='lat' dir='ltr'>diligentissime</span> <span class='ocrx_word' id='word_1_57' title='bbox 877 678 940 717; x_wconf 91' lang='lat' dir='ltr'>sen·</span> <span class='ocrx_word' id='word_1_58' title='bbox 994 670 1042 716; x_wconf 89' lang='lat' dir='ltr'>est.</span> <span class='ocrx_word' id='word_1_59' title='bbox 1059 662 1116 716; x_wconf 88' lang='lat' dir='ltr'>flac</span> <span class='ocrx_word' id='word_1_60' title='bbox 1130 662 1223 733; x_wconf 88' lang='lat' dir='ltr'>itaque</span> <span class='ocrx_word' id='word_1_61' title='bbox 1237 663 1340 717; x_wconf 88' lang='lat' dir='ltr'>ratione</span> <span class='ocrx_word' id='word_1_62' title='bbox 1354 662 1380 716; x_wconf 93' lang='lat' dir='ltr'>id</span> <span class='ocrx_word' id='word_1_63' title='bbox 1396 663 1483 718; x_wconf 90' lang='lat' dir='ltr'>solum</span> <span class='ocrx_word' id='word_1_64' title='bbox 1499 679 1580 733; x_wconf 87' lang='lat' dir='ltr'>posse</span> <span class='ocrx_word' id='word_1_65' title='bbox 1602 664 1692 718; x_wconf 89' lang='lat' dir='ltr'>facere</span> <span class='ocrx_word' id='word_1_66' title='bbox 1712 662 1793 717; x_wconf 90' lang='lat' dir='ltr'>vide-</span> 
     </span>
     <span class='ocr_line' id='line_1_6' title="bbox 141 749 1792 823; baseline 0.001 -19"><span class='ocrx_word' id='word_1_67' title='bbox 141 750 252 805; x_wconf 83' lang='lat' dir='ltr'>tentiam</span> <span class='ocrx_word' id='word_1_68' title='bbox 264 750 344 806; x_wconf 86' lang='lat' dir='ltr'>istam</span> <span class='ocrx_word' id='word_1_69' title='bbox 362 752 404 806; x_wconf 91' lang='lat' dir='ltr'>bis</span> <span class='ocrx_word' id='word_1_70' title='bbox 421 751 530 807; x_wconf 87' lang='lat' dir='ltr'>verbis:</span> <span class='ocrx_word' id='word_1_71' title='bbox 546 751 652 806; x_wconf 75' lang='lat' dir='ltr'>«fistal</span> <span class='ocrx_word' id='word_1_72' title='bbox 662 749 733 806; x_wconf 88' lang='lat' dir='ltr'>inter·</span> <span class='ocrx_word' id='word_1_73' title='bbox 743 751 858 823; x_wconf 77' lang='lat' dir='ltr'>illaqusc</span> <span class='ocrx_word' id='word_1_74' title='bbox 867 751 939 807; x_wconf 87' lang='lat' dir='ltr'>scri·</span> <span class='ocrx_word' id='word_1_75' title='bbox 994 757 1037 804; x_wconf 91' lang='lat' dir='ltr'>tur</span> <span class='ocrx_word' id='word_1_76' title='bbox 1051 751 1134 813; x_wconf 88' lang='lat' dir='ltr'>Deus,</span> <span class='ocrx_word' id='word_1_77' title='bbox 1151 754 1222 819; x_wconf 90' lang='lat' dir='ltr'>quod</span> <span class='ocrx_word' id='word_1_78' title='bbox 1250 751 1315 807; x_wconf 85' lang='lat' dir='ltr'>facit</span> <span class='ocrx_word' id='word_1_79' title='bbox 1331 770 1337 814; x_wconf 92' lang='lat'>;</span> <span class='ocrx_word' id='word_1_80' title='bbox 1354 752 1395 807; x_wconf 83' lang='lat' dir='ltr'>rel</span> <span class='ocrx_word' id='word_1_81' title='bbox 1409 752 1552 819; x_wconf 76' lang='lat' dir='ltr'>dimittere,</span> <span class='ocrx_word' id='word_1_82' title='bbox 1569 754 1641 823; x_wconf 91' lang='lat' dir='ltr'>quod</span> <span class='ocrx_word' id='word_1_83' title='bbox 1661 751 1792 806; x_wconf 86' lang='lat' dir='ltr'>dimittit:</span> 
     </span>
     <span class='ocr_line' id='line_1_7' title="bbox 138 837 1795 913; baseline 0.001 -22"><span class='ocrx_word' id='word_1_84' title='bbox 138 837 254 909; x_wconf 88' lang='lat' dir='ltr'>psimus,</span> <span class='ocrx_word' id='word_1_85' title='bbox 271 840 407 911; x_wconf 80' lang='lat' dir='ltr'>quoddam</span> <span class='ocrx_word' id='word_1_86' title='bbox 431 840 568 911; x_wconf 89' lang='lat' dir='ltr'>prolixum</span> <span class='ocrx_word' id='word_1_87' title='bbox 592 856 674 910; x_wconf 91' lang='lat' dir='ltr'>opus,</span> <span class='ocrx_word' id='word_1_88' title='bbox 690 841 734 909; x_wconf 90' lang='lat' dir='ltr'>qui</span> <span class='ocrx_word' id='word_1_89' title='bbox 750 847 843 895; x_wconf 89' lang='lat' dir='ltr'>tamen</span> <span class='ocrx_word' id='word_1_90' title='bbox 868 855 939 895; x_wconf 89' lang='lat' dir='ltr'>unus</span> <span class='ocrx_word' id='word_1_91' title='bbox 994 853 1056 895; x_wconf 92' lang='lat' dir='ltr'>cum</span> <span class='ocrx_word' id='word_1_92' title='bbox 1071 838 1199 894; x_wconf 87' lang='lat' dir='ltr'>videlieet</span> <span class='ocrx_word' id='word_1_93' title='bbox 1214 840 1242 894; x_wconf 90' lang='lat' dir='ltr'>in</span> <span class='ocrx_word' id='word_1_94' title='bbox 1269 841 1385 913; x_wconf 88' lang='lat' dir='ltr'>singulis</span> <span class='ocrx_word' id='word_1_95' title='bbox 1414 841 1546 896; x_wconf 90' lang='lat' dir='ltr'>faciendis</span> <span class='ocrx_word' id='word_1_96' title='bbox 1560 841 1604 895; x_wconf 87' lang='lat' dir='ltr'>rel</span> <span class='ocrx_word' id='word_1_97' title='bbox 1626 840 1795 895; x_wconf 88' lang='lat' dir='ltr'>dimittendis</span> 
     </span>
     <span class='ocr_line' id='line_1_8' title="bbox 139 925 1793 1001; baseline 0.001 -21"><span class='ocrx_word' id='word_1_98' title='bbox 139 925 283 998; x_wconf 88' lang='lat' dir='ltr'>deputatur</span> <span class='ocrx_word' id='word_1_99' title='bbox 296 927 374 992; x_wconf 90' lang='lat' dir='ltr'>liber,</span> <span class='ocrx_word' id='word_1_100' title='bbox 390 929 471 1000; x_wconf 87' lang='lat' dir='ltr'>cujus</span> <span class='ocrx_word' id='word_1_101' title='bbox 486 935 526 984; x_wconf 88' lang='grc' dir='ltr'>εει</span> <span class='ocrx_word' id='word_1_102' title='bbox 548 929 638 984; x_wconf 90' lang='lat' dir='ltr'>titulus</span> <span class='ocrx_word' id='word_1_103' title='bbox 654 945 661 984; x_wconf 92' lang='lat'><strong>:</strong></span> <span class='ocrx_word' id='word_1_104' title='bbox 679 929 720 983; x_wconf 91' lang='lat' dir='ltr'>De</span> <span class='ocrx_word' id='word_1_105' title='bbox 732 928 847 984; x_wconf 86' lang='lat' dir='ltr'>diversis</span> <span class='ocrx_word' id='word_1_106' title='bbox 861 945 939 1001; x_wconf 83' lang='lat' dir='ltr'>qum·</span> <span class='ocrx_word' id='word_1_107' title='bbox 994 927 1182 982; x_wconf 78' lang='lat' dir='ltr'>rationabilem</span> <span class='ocrx_word' id='word_1_108' title='bbox 1209 928 1308 983; x_wconf 87' lang='lat' dir='ltr'>bnbeat</span> <span class='ocrx_word' id='word_1_109' title='bbox 1336 944 1457 994; x_wconf 20' lang='lat' dir='ltr'>casuram,</span> <span class='ocrx_word' id='word_1_110' title='bbox 1474 945 1523 984; x_wconf 90' lang='lat' dir='ltr'>cur</span> <span class='ocrx_word' id='word_1_111' title='bbox 1550 929 1585 983; x_wconf 90' lang='lat' dir='ltr'>ab</span> <span class='ocrx_word' id='word_1_112' title='bbox 1613 944 1647 984; x_wconf 93' lang='lat' dir='ltr'>eo</span> <span class='ocrx_word' id='word_1_113' title='bbox 1668 928 1737 983; x_wconf 87' lang='lat' dir='ltr'>fiant</span> <span class='ocrx_word' id='word_1_114' title='bbox 1751 927 1793 982; x_wconf 85' lang='lat' dir='ltr'>rel</span> 
     </span>
     <span class='ocr_line' id='line_1_9' title="bbox 139 1015 1794 1091; baseline 0.001 -22"><span class='ocrx_word' id='word_1_115' title='bbox 139 1015 272 1071; x_wconf 88' lang='lat' dir='ltr'>stionibus</span> <span class='ocrx_word' id='word_1_116' title='bbox 285 1017 426 1089; x_wconf 85' lang='lat' dir='ltr'>octoginta</span> <span class='ocrx_word' id='word_1_117' title='bbox 441 1017 573 1090; x_wconf 92' lang='lat' dir='ltr'>quinque.</span> <span class='ocrx_word' id='word_1_118' title='bbox 594 1017 657 1070; x_wconf 78' lang='lat' dir='ltr'>»Et</span> <span class='ocrx_word' id='word_1_119' title='bbox 668 1016 750 1087; x_wconf 93' lang='lat' dir='ltr'>paulo</span> <span class='ocrx_word' id='word_1_120' title='bbox 766 1026 824 1086; x_wconf 90' lang='lat' dir='ltr'>post</span> <span class='ocrx_word' id='word_1_121' title='bbox 837 1034 866 1073; x_wconf 78' lang='lat' dir='ltr'>:s</span> <span class='ocrx_word' id='word_1_122' title='bbox 884 1019 939 1072; x_wconf 85' lang='lat' dir='ltr'>llas</span> <span class='ocrx_word' id='word_1_123' title='bbox 994 1015 1161 1071; x_wconf 90' lang='lat' dir='ltr'>dimittantur</span> <span class='ocrx_word' id='word_1_124' title='bbox 1176 1036 1183 1083; x_wconf 86' lang='grc'><strong>;</strong></span> <span class='ocrx_word' id='word_1_125' title='bbox 1197 1033 1231 1072; x_wconf 83' lang='grc' dir='ltr'>ηε</span> <span class='ocrx_word' id='word_1_126' title='bbox 1251 1017 1309 1087; x_wconf 91' lang='lat' dir='ltr'>ipse</span> <span class='ocrx_word' id='word_1_127' title='bbox 1337 1018 1494 1091; x_wconf 82' lang='lat' dir='ltr'>quidquam,</span> <span class='ocrx_word' id='word_1_128' title='bbox 1518 1017 1565 1088; x_wconf 92' lang='lat' dir='ltr'>qui</span> <span class='ocrx_word' id='word_1_129' title='bbox 1593 1033 1698 1072; x_wconf 89' lang='lat' dir='ltr'>summa</span> <span class='ocrx_word' id='word_1_130' title='bbox 1726 1017 1794 1071; x_wconf 92' lang='lat' dir='ltr'>ratio</span> 
     </span>
     <span class='ocr_line' id='line_1_10' title="bbox 135 1096 1794 1179; baseline 0 -21"><span class='ocrx_word' id='word_1_131' title='bbox 135 1102 194 1174; x_wconf 85' lang='lat' dir='ltr'>jam</span> <span class='ocrx_word' id='word_1_132' title='bbox 210 1103 354 1176; x_wconf 90' lang='lat' dir='ltr'>episcopus</span> <span class='ocrx_word' id='word_1_133' title='bbox 369 1105 479 1179; x_wconf 79' lang='lat' dir='ltr'>collegi,</span> <span class='ocrx_word' id='word_1_134' title='bbox 495 1115 522 1161; x_wconf 90' lang='lat' dir='ltr'>ut</span> <span class='ocrx_word' id='word_1_135' title='bbox 536 1121 618 1161; x_wconf 88' lang='lat' dir='ltr'>unam</span> <span class='ocrx_word' id='word_1_136' title='bbox 639 1121 675 1161; x_wconf 81' lang='lat' dir='ltr'>ex</span> <span class='ocrx_word' id='word_1_137' title='bbox 688 1096 730 1161; x_wconf 51' lang='lat' dir='ltr'>¹eis</span> <span class='ocrx_word' id='word_1_138' title='bbox 745 1104 844 1160; x_wconf 89' lang='lat' dir='ltr'>libram</span> <span class='ocrx_word' id='word_1_139' title='bbox 869 1106 934 1161; x_wconf 87' lang='lat' dir='ltr'>feei.</span> <span class='ocrx_word' id='word_1_140' title='bbox 994 1113 1045 1171; x_wconf 89' lang='lat' dir='ltr'>est,</span> <span class='ocrx_word' id='word_1_141' title='bbox 1060 1115 1154 1160; x_wconf 90' lang='lat' dir='ltr'>centra</span> <span class='ocrx_word' id='word_1_142' title='bbox 1169 1105 1196 1160; x_wconf 92' lang='lat' dir='ltr'>id</span> <span class='ocrx_word' id='word_1_143' title='bbox 1220 1107 1293 1178; x_wconf 91' lang='lat' dir='ltr'>quod</span> <span class='ocrx_word' id='word_1_144' title='bbox 1307 1106 1406 1161; x_wconf 89' lang='lat' dir='ltr'>rationi</span> <span class='ocrx_word' id='word_1_145' title='bbox 1431 1106 1566 1177; x_wconf 85' lang='lat' dir='ltr'>congmit,</span> <span class='ocrx_word' id='word_1_146' title='bbox 1581 1113 1627 1160; x_wconf 91' lang='lat' dir='ltr'>ant</span> <span class='ocrx_word' id='word_1_147' title='bbox 1650 1105 1730 1175; x_wconf 88' lang='lat' dir='ltr'>velle,</span> <span class='ocrx_word' id='word_1_148' title='bbox 1747 1113 1794 1159; x_wconf 86' lang='lat' dir='ltr'>aut</span> 
     </span>
     <span class='ocr_line' id='line_1_11' title="bbox 139 1192 1794 1267; baseline 0 -19"><span class='ocrx_word' id='word_1_149' title='bbox 139 1192 239 1248; x_wconf 85' lang='lat' dir='ltr'>flamm</span> <span class='ocrx_word' id='word_1_150' title='bbox 254 1209 319 1249; x_wconf 89' lang='lat' dir='ltr'>vero</span> <span class='ocrx_word' id='word_1_151' title='bbox 337 1195 472 1266; x_wconf 85' lang='lat' dir='ltr'>trigesima</span> <span class='ocrx_word' id='word_1_152' title='bbox 502 1195 621 1266; x_wconf 86' lang='lat' dir='ltr'>septima</span> <span class='ocrx_word' id='word_1_153' title='bbox 635 1202 685 1263; x_wconf 90' lang='lat' dir='ltr'>est,</span> <span class='ocrx_word' id='word_1_154' title='bbox 699 1195 743 1250; x_wconf 93' lang='lat' dir='ltr'>cui</span> <span class='ocrx_word' id='word_1_155' title='bbox 767 1195 860 1250; x_wconf 92' lang='lat' dir='ltr'>titulus</span> <span class='ocrx_word' id='word_1_156' title='bbox 875 1202 914 1250; x_wconf 89' lang='lat' dir='ltr'>cst</span> <span class='ocrx_word' id='word_1_157' title='bbox 931 1211 937 1249; x_wconf 92' lang='lat'>:</span> <span class='ocrx_word' id='word_1_158' title='bbox 993 1209 1078 1267; x_wconf 77' lang='lat' dir='ltr'>agere</span> <span class='ocrx_word' id='word_1_159' title='bbox 1105 1194 1213 1250; x_wconf 75' lang='lat' dir='ltr'>(lebret.</span> <span class='ocrx_word' id='word_1_160' title='bbox 1232 1219 1244 1244; x_wconf 74' lang='grc' dir='ltr'><strong>ι</strong></span> <span class='ocrx_word' id='word_1_161' title='bbox 1261 1199 1300 1250; x_wconf 77' lang='lat' dir='ltr'>ric</span> <span class='ocrx_word' id='word_1_162' title='bbox 1326 1196 1425 1251; x_wconf 90' lang='lat' dir='ltr'>deinde</span> <span class='ocrx_word' id='word_1_163' title='bbox 1439 1213 1472 1252; x_wconf 68' lang='lat' dir='ltr'>:a</span> <span class='ocrx_word' id='word_1_164' title='bbox 1490 1196 1531 1251; x_wconf 82' lang='lat' dir='ltr'>Ea</span> <span class='ocrx_word' id='word_1_165' title='bbox 1558 1196 1612 1261; x_wconf 90' lang='lat' dir='ltr'>bis,</span> <span class='ocrx_word' id='word_1_166' title='bbox 1627 1194 1722 1267; x_wconf 91' lang='lat' dir='ltr'>inquit,</span> <span class='ocrx_word' id='word_1_167' title='bbox 1738 1204 1794 1249; x_wconf 89' lang='lat' dir='ltr'>tam</span> 
     </span>
     <span class='ocr_line' id='line_1_12' title="bbox 139 1281 1795 1356; baseline 0.001 -18"><span class='ocrx_word' id='word_1_168' title='bbox 139 1281 181 1338; x_wconf 85' lang='lat' dir='ltr'>De</span> <span class='ocrx_word' id='word_1_169' title='bbox 195 1297 305 1353; x_wconf 86' lang='lat' dir='ltr'>semper</span> <span class='ocrx_word' id='word_1_170' title='bbox 323 1290 395 1338; x_wconf 89' lang='lat' dir='ltr'>nato.</span> <span class='ocrx_word' id='word_1_171' title='bbox 414 1304 426 1335; x_wconf 74' lang='lat' dir='ltr'>s</span> <span class='ocrx_word' id='word_1_172' title='bbox 443 1284 584 1340; x_wconf 86' lang='lat' dir='ltr'>Sententia</span> <span class='ocrx_word' id='word_1_173' title='bbox 599 1300 677 1351; x_wconf 89' lang='lat' dir='ltr'>vero,</span> <span class='ocrx_word' id='word_1_174' title='bbox 694 1300 775 1356; x_wconf 90' lang='lat' dir='ltr'>quam</span> <span class='ocrx_word' id='word_1_175' title='bbox 790 1284 875 1355; x_wconf 91' lang='lat' dir='ltr'>pilum</span> <span class='ocrx_word' id='word_1_176' title='bbox 894 1300 940 1339; x_wconf 89' lang='lat' dir='ltr'>sn·</span> <span class='ocrx_word' id='word_1_177' title='bbox 995 1283 1146 1339; x_wconf 87' lang='lat' dir='ltr'>deratione</span> <span class='ocrx_word' id='word_1_178' title='bbox 1161 1285 1292 1354; x_wconf 87' lang='lat' dir='ltr'>quamde</span> <span class='ocrx_word' id='word_1_179' title='bbox 1318 1285 1418 1356; x_wconf 85' lang='lat' dir='ltr'>scripto</span> <span class='ocrx_word' id='word_1_180' title='bbox 1433 1285 1548 1350; x_wconf 88' lang='lat' dir='ltr'>collatis,</span> <span class='ocrx_word' id='word_1_181' title='bbox 1572 1292 1687 1348; x_wconf 87' lang='lat' dir='ltr'>constat,</span> <span class='ocrx_word' id='word_1_182' title='bbox 1704 1283 1731 1339; x_wconf 90' lang='lat' dir='ltr'>id</span> <span class='ocrx_word' id='word_1_183' title='bbox 1746 1298 1795 1339; x_wconf 91' lang='lat' dir='ltr'>so·</span> 
     </span>
     <span class='ocr_line' id='line_1_13' title="bbox 139 1370 1791 1445; baseline 0 -20"><span class='ocrx_word' id='word_1_184' title='bbox 139 1370 233 1441; x_wconf 89' lang='lat' dir='ltr'>perias</span> <span class='ocrx_word' id='word_1_185' title='bbox 260 1372 407 1444; x_wconf 84' lang='lat' dir='ltr'>appellavi,</span> <span class='ocrx_word' id='word_1_186' title='bbox 423 1380 452 1428; x_wconf 90' lang='grc' dir='ltr'>ει</span> <span class='ocrx_word' id='word_1_187' title='bbox 480 1390 541 1445; x_wconf 77' lang='lat' dir='ltr'>quse</span> <span class='ocrx_word' id='word_1_188' title='bbox 569 1373 756 1444; x_wconf 83' lang='lat' dir='ltr'>subsequitur,</span> <span class='ocrx_word' id='word_1_189' title='bbox 773 1372 815 1427; x_wconf 91' lang='lat' dir='ltr'>bis</span> <span class='ocrx_word' id='word_1_190' title='bbox 838 1372 940 1429; x_wconf 86' lang='lat' dir='ltr'>eisdam</span> <span class='ocrx_word' id='word_1_191' title='bbox 996 1370 1051 1426; x_wconf 93' lang='lat' dir='ltr'>lum</span> <span class='ocrx_word' id='word_1_192' title='bbox 1067 1387 1145 1441; x_wconf 87' lang='lat' dir='ltr'>posse</span> <span class='ocrx_word' id='word_1_193' title='bbox 1174 1372 1263 1428; x_wconf 90' lang='lat' dir='ltr'>facere</span> <span class='ocrx_word' id='word_1_194' title='bbox 1286 1374 1382 1438; x_wconf 88' lang='lat' dir='ltr'>Deam,</span> <span class='ocrx_word' id='word_1_195' title='bbox 1401 1374 1474 1445; x_wconf 91' lang='lat' dir='ltr'>quod</span> <span class='ocrx_word' id='word_1_196' title='bbox 1502 1372 1649 1444; x_wconf 90' lang='lat' dir='ltr'>aliquando</span> <span class='ocrx_word' id='word_1_197' title='bbox 1672 1371 1791 1427; x_wconf 80' lang='lat' dir='ltr'>faciat.»</span> 
     </span>
     <span class='ocr_line' id='line_1_14' title="bbox 140 1459 1796 1534; baseline -0.001 -19"><span class='ocrx_word' id='word_1_198' title='bbox 140 1459 232 1515; x_wconf 85' lang='lat' dir='ltr'>verbis</span> <span class='ocrx_word' id='word_1_199' title='bbox 260 1461 419 1532; x_wconf 86' lang='lat' dir='ltr'>exprimitur</span> <span class='ocrx_word' id='word_1_200' title='bbox 446 1480 452 1517; x_wconf 93' lang='lat'>:</span> <span class='ocrx_word' id='word_1_201' title='bbox 481 1484 492 1512; x_wconf 76' lang='lat' dir='ltr'>a</span> <span class='ocrx_word' id='word_1_202' title='bbox 523 1463 618 1517; x_wconf 89' lang='lat' dir='ltr'>lllelior</span> <span class='ocrx_word' id='word_1_203' title='bbox 645 1470 685 1517; x_wconf 88' lang='lat' dir='ltr'>est</span> <span class='ocrx_word' id='word_1_204' title='bbox 713 1478 823 1533; x_wconf 87' lang='lat' dir='ltr'>semper</span> <span class='ocrx_word' id='word_1_205' title='bbox 851 1468 939 1528; x_wconf 91' lang='lat' dir='ltr'>natus,</span> <span class='ocrx_word' id='word_1_206' title='bbox 996 1460 1064 1516; x_wconf 88' lang='lat' dir='ltr'>Dein</span> <span class='ocrx_word' id='word_1_207' title='bbox 1079 1460 1181 1533; x_wconf 88' lang='lat' dir='ltr'>ingenii</span> <span class='ocrx_word' id='word_1_208' title='bbox 1205 1462 1323 1527; x_wconf 88' lang='lat' dir='ltr'>sui,non</span> <span class='ocrx_word' id='word_1_209' title='bbox 1348 1462 1499 1518; x_wconf 87' lang='lat' dir='ltr'>Ezechielis</span> <span class='ocrx_word' id='word_1_210' title='bbox 1514 1461 1681 1534; x_wconf 86' lang='lat' dir='ltr'>sartaginem</span> <span class='ocrx_word' id='word_1_211' title='bbox 1697 1459 1796 1532; x_wconf 90' lang='lat' dir='ltr'>positis</span> 
     </span>
     <span class='ocr_line' id='line_1_15' title="bbox 142 1548 1795 1622; baseline 0 -20"><span class='ocrx_word' id='word_1_212' title='bbox 142 1562 223 1620; x_wconf 90' lang='lat' dir='ltr'>quam</span> <span class='ocrx_word' id='word_1_213' title='bbox 240 1549 284 1619; x_wconf 91' lang='lat' dir='ltr'>qui</span> <span class='ocrx_word' id='word_1_214' title='bbox 300 1566 411 1620; x_wconf 85' lang='lat' dir='ltr'>semper</span> <span class='ocrx_word' id='word_1_215' title='bbox 425 1550 561 1608; x_wconf 91' lang='lat' dir='ltr'>nascitur.</span> <span class='ocrx_word' id='word_1_216' title='bbox 578 1550 649 1618; x_wconf 82' lang='lat' dir='ltr'>Quia</span> <span class='ocrx_word' id='word_1_217' title='bbox 664 1550 709 1622; x_wconf 94' lang='lat' dir='ltr'>qui</span> <span class='ocrx_word' id='word_1_218' title='bbox 725 1567 835 1622; x_wconf 84' lang='lat' dir='ltr'>semper</span> <span class='ocrx_word' id='word_1_219' title='bbox 849 1550 940 1605; x_wconf 88' lang='lat' dir='ltr'>nasci·</span> <span class='ocrx_word' id='word_1_220' title='bbox 996 1549 1117 1620; x_wconf 89' lang='lat' dir='ltr'>opponit,</span> <span class='ocrx_word' id='word_1_221' title='bbox 1133 1557 1159 1605; x_wconf 93' lang='lat' dir='ltr'>et</span> <span class='ocrx_word' id='word_1_222' title='bbox 1173 1566 1232 1619; x_wconf 86' lang='lat' dir='ltr'>quac</span> <span class='ocrx_word' id='word_1_223' title='bbox 1255 1550 1447 1618; x_wconf 78' lang='lat' dir='ltr'>fabricaverat,</span> <span class='ocrx_word' id='word_1_224' title='bbox 1464 1552 1543 1620; x_wconf 89' lang='lat' dir='ltr'>quasi</span> <span class='ocrx_word' id='word_1_225' title='bbox 1567 1549 1659 1604; x_wconf 90' lang='lat' dir='ltr'>nititur</span> <span class='ocrx_word' id='word_1_226' title='bbox 1674 1557 1702 1605; x_wconf 90' lang='grc' dir='ltr'>ει</span> <span class='ocrx_word' id='word_1_227' title='bbox 1715 1548 1795 1605; x_wconf 85' lang='lat' dir='ltr'>vide-</span> 
     </span>
     <span class='ocr_line' id='line_1_16' title="bbox 141 1636 1795 1711; baseline 0.001 -20"><span class='ocrx_word' id='word_1_228' title='bbox 141 1643 197 1705; x_wconf 88' lang='lat' dir='ltr'>tur,</span> <span class='ocrx_word' id='word_1_229' title='bbox 209 1637 329 1693; x_wconf 90' lang='lat' dir='ltr'>nondum</span> <span class='ocrx_word' id='word_1_230' title='bbox 344 1646 386 1695; x_wconf 90' lang='lat' dir='ltr'>est</span> <span class='ocrx_word' id='word_1_231' title='bbox 414 1648 504 1707; x_wconf 91' lang='lat' dir='ltr'>natus,</span> <span class='ocrx_word' id='word_1_232' title='bbox 520 1647 547 1694; x_wconf 89' lang='grc' dir='ltr'>ει</span> <span class='ocrx_word' id='word_1_233' title='bbox 560 1654 696 1711; x_wconf 90' lang='lat' dir='ltr'>nunquam</span> <span class='ocrx_word' id='word_1_234' title='bbox 727 1647 806 1694; x_wconf 90' lang='lat' dir='ltr'>natas</span> <span class='ocrx_word' id='word_1_235' title='bbox 821 1646 872 1705; x_wconf 90' lang='lat' dir='ltr'>est,</span> <span class='ocrx_word' id='word_1_236' title='bbox 895 1642 944 1693; x_wconf 88' lang='lat' dir='ltr'>aut</span> <span class='ocrx_word' id='word_1_237' title='bbox 997 1646 1039 1692; x_wconf 93' lang='lat' dir='ltr'>tur</span> <span class='ocrx_word' id='word_1_238' title='bbox 1053 1638 1180 1704; x_wconf 87' lang='lat' dir='ltr'>obruere,</span> <span class='ocrx_word' id='word_1_239' title='bbox 1197 1654 1229 1693; x_wconf 88' lang='lat' dir='ltr'>ea</span> <span class='ocrx_word' id='word_1_240' title='bbox 1243 1639 1389 1694; x_wconf 87' lang='lat' dir='ltr'>ealliditate</span> <span class='ocrx_word' id='word_1_241' title='bbox 1404 1647 1432 1694; x_wconf 92' lang='lat' dir='ltr'>ut</span> <span class='ocrx_word' id='word_1_242' title='bbox 1452 1655 1545 1693; x_wconf 90' lang='lat' dir='ltr'>rursus</span> <span class='ocrx_word' id='word_1_243' title='bbox 1560 1654 1592 1694; x_wconf 85' lang='lat' dir='ltr'>ea</span> <span class='ocrx_word' id='word_1_244' title='bbox 1610 1636 1710 1694; x_wconf 91' lang='lat' dir='ltr'>melius</span> <span class='ocrx_word' id='word_1_245' title='bbox 1725 1653 1795 1693; x_wconf 91' lang='lat' dir='ltr'>con-</span> 
     </span>
     <span class='ocr_line' id='line_1_17' title="bbox 140 1724 1795 1815; baseline 0.001 -36"><span class='ocrx_word' id='word_1_246' title='bbox 140 1740 278 1798; x_wconf 89' lang='lat' dir='ltr'>nunquam</span> <span class='ocrx_word' id='word_1_247' title='bbox 305 1727 364 1794; x_wconf 90' lang='lat' dir='ltr'>erit,</span> <span class='ocrx_word' id='word_1_248' title='bbox 380 1728 403 1783; x_wconf 90' lang='lat' dir='ltr'>si</span> <span class='ocrx_word' id='word_1_249' title='bbox 418 1744 525 1800; x_wconf 85' lang='lat' dir='ltr'>semper</span> <span class='ocrx_word' id='word_1_250' title='bbox 552 1728 679 1784; x_wconf 89' lang='lat' dir='ltr'>nascitur.</span> <span class='ocrx_word' id='word_1_251' title='bbox 703 1728 782 1783; x_wconf 77' lang='lat' dir='ltr'>titud</span> <span class='ocrx_word' id='word_1_252' title='bbox 802 1737 842 1783; x_wconf 89' lang='grc' dir='ltr'>εει</span> <span class='ocrx_word' id='word_1_253' title='bbox 869 1727 941 1783; x_wconf 90' lang='lat' dir='ltr'>enim</span> <span class='ocrx_word' id='word_1_254' title='bbox 956 1752 984 1815; x_wconf 78' lang='lat' dir='ltr'>B</span> <span class='ocrx_word' id='word_1_255' title='bbox 998 1724 1096 1791; x_wconf 91' lang='lat' dir='ltr'>firmet,</span> <span class='ocrx_word' id='word_1_256' title='bbox 1112 1726 1238 1781; x_wconf 89' lang='lat' dir='ltr'>omnibns</span> <span class='ocrx_word' id='word_1_257' title='bbox 1258 1728 1412 1794; x_wconf 87' lang='lat' dir='ltr'>annullatis,</span> <span class='ocrx_word' id='word_1_258' title='bbox 1431 1743 1491 1798; x_wconf 87' lang='lat' dir='ltr'>qaae</span> <span class='ocrx_word' id='word_1_259' title='bbox 1511 1726 1646 1798; x_wconf 85' lang='lat' dir='ltr'>prioribus</span> <span class='ocrx_word' id='word_1_260' title='bbox 1661 1726 1795 1781; x_wconf 88' lang='lat' dir='ltr'>videban-</span> 
     </span>
     <span class='ocr_line' id='line_1_18' title="bbox 140 1813 1795 1887; baseline 0 -19"><span class='ocrx_word' id='word_1_261' title='bbox 140 1813 226 1879; x_wconf 88' lang='lat' dir='ltr'>nasci,</span> <span class='ocrx_word' id='word_1_262' title='bbox 237 1814 309 1871; x_wconf 86' lang='lat' dir='ltr'>eliud</span> <span class='ocrx_word' id='word_1_263' title='bbox 323 1824 413 1871; x_wconf 88' lang='lat' dir='ltr'>natum</span> <span class='ocrx_word' id='word_1_264' title='bbox 428 1833 491 1872; x_wconf 87' lang='lat' dir='ltr'>esse</span> <span class='ocrx_word' id='word_1_265' title='bbox 502 1833 507 1869; x_wconf 96' lang='lat'><strong>:</strong></span> <span class='ocrx_word' id='word_1_266' title='bbox 520 1833 552 1873; x_wconf 90' lang='lat' dir='ltr'>ac</span> <span class='ocrx_word' id='word_1_267' title='bbox 566 1833 617 1887; x_wconf 89' lang='lat' dir='ltr'>per</span> <span class='ocrx_word' id='word_1_268' title='bbox 627 1816 679 1873; x_wconf 90' lang='lat' dir='ltr'>boc</span> <span class='ocrx_word' id='word_1_269' title='bbox 696 1832 836 1887; x_wconf 88' lang='lat' dir='ltr'>nunquam</span> <span class='ocrx_word' id='word_1_270' title='bbox 847 1815 940 1883; x_wconf 75' lang='lat' dir='ltr'>filius,</span> <span class='ocrx_word' id='word_1_271' title='bbox 997 1822 1038 1868; x_wconf 90' lang='lat' dir='ltr'>tur</span> <span class='ocrx_word' id='word_1_272' title='bbox 1053 1813 1175 1870; x_wconf 87' lang='lat' dir='ltr'>obviare.</span> <span class='ocrx_word' id='word_1_273' title='bbox 1206 1815 1252 1871; x_wconf 87' lang='lat' dir='ltr'>Sic</span> <span class='ocrx_word' id='word_1_274' title='bbox 1279 1816 1351 1871; x_wconf 91' lang='lat' dir='ltr'>enim</span> <span class='ocrx_word' id='word_1_275' title='bbox 1374 1815 1510 1872; x_wconf 85' lang='lat' dir='ltr'>concludit</span> <span class='ocrx_word' id='word_1_276' title='bbox 1525 1833 1531 1870; x_wconf 90' lang='lat'>:</span> <span class='ocrx_word' id='word_1_277' title='bbox 1550 1836 1562 1865; x_wconf 78' lang='lat' dir='ltr'>r</span> <span class='ocrx_word' id='word_1_278' title='bbox 1582 1814 1726 1871; x_wconf 63' lang='lat' dir='ltr'>Praedictis</span> <span class='ocrx_word' id='word_1_279' title='bbox 1744 1829 1795 1869; x_wconf 90' lang='lat' dir='ltr'>ra-</span> 
     </span>
     <span class='ocr_line' id='line_1_19' title="bbox 140 1901 1794 1976; baseline 0 -20"><span class='ocrx_word' id='word_1_280' title='bbox 140 1901 164 1956; x_wconf 87' lang='lat' dir='ltr'>si</span> <span class='ocrx_word' id='word_1_281' title='bbox 178 1918 318 1975; x_wconf 89' lang='lat' dir='ltr'>nunquam</span> <span class='ocrx_word' id='word_1_282' title='bbox 334 1913 421 1960; x_wconf 86' lang='lat' dir='ltr'>natus.</span> <span class='ocrx_word' id='word_1_283' title='bbox 434 1905 517 1961; x_wconf 76' lang='lat' dir='ltr'>filias</span> <span class='ocrx_word' id='word_1_284' title='bbox 534 1915 625 1961; x_wconf 89' lang='lat' dir='ltr'>autem</span> <span class='ocrx_word' id='word_1_285' title='bbox 646 1906 712 1976; x_wconf 92' lang='lat' dir='ltr'>quia</span> <span class='ocrx_word' id='word_1_286' title='bbox 729 1914 817 1971; x_wconf 90' lang='lat' dir='ltr'>natus,</span> <span class='ocrx_word' id='word_1_287' title='bbox 833 1921 942 1975; x_wconf 84' lang='lat' dir='ltr'>semper</span> <span class='ocrx_word' id='word_1_288' title='bbox 994 1902 1112 1958; x_wconf 89' lang='lat' dir='ltr'>tionibus</span> <span class='ocrx_word' id='word_1_289' title='bbox 1126 1904 1169 1959; x_wconf 92' lang='lat' dir='ltr'>vel</span> <span class='ocrx_word' id='word_1_290' title='bbox 1182 1904 1351 1974; x_wconf 91' lang='lat' dir='ltr'>objectorum</span> <span class='ocrx_word' id='word_1_291' title='bbox 1361 1905 1541 1959; x_wconf 90' lang='lat' dir='ltr'>solutionibus</span> <span class='ocrx_word' id='word_1_292' title='bbox 1555 1903 1794 1974; x_wconf 88' lang='lat' dir='ltr'>liquereomnibus</span> 
     </span>
     <span class='ocr_line' id='line_1_20' title="bbox 142 1989 1792 2067; baseline 0 -22"><span class='ocrx_word' id='word_1_293' title='bbox 142 1989 457 2066; x_wconf 58' lang='lat' dir='ltr'>miserrimique</span> <span class='ocrx_word' id='word_1_294' title='bbox 480 2002 568 2051; x_wconf 90' lang='lat' dir='ltr'>natus.</span> <span class='ocrx_word' id='word_1_295' title='bbox 587 2018 599 2043; x_wconf 74' lang='grc' dir='ltr'><strong>ι</strong></span> <span class='ocrx_word' id='word_1_296' title='bbox 615 1995 682 2050; x_wconf 90' lang='lat' dir='ltr'>lluic</span> <span class='ocrx_word' id='word_1_297' title='bbox 696 1995 782 2067; x_wconf 82' lang='lat' dir='ltr'>igitur</span> <span class='ocrx_word' id='word_1_298' title='bbox 796 1992 941 2049; x_wconf 86' lang='lat' dir='ltr'>assertioni</span> <span class='ocrx_word' id='word_1_299' title='bbox 993 2007 1067 2058; x_wconf 89' lang='lat' dir='ltr'>reor,</span> <span class='ocrx_word' id='word_1_300' title='bbox 1084 2008 1115 2047; x_wconf 91' lang='lat' dir='ltr'>ea</span> <span class='ocrx_word' id='word_1_301' title='bbox 1129 1992 1300 2048; x_wconf 90' lang='lat' dir='ltr'>solummodo</span> <span class='ocrx_word' id='word_1_302' title='bbox 1317 1995 1405 2049; x_wconf 87' lang='lat' dir='ltr'>Deum</span> <span class='ocrx_word' id='word_1_303' title='bbox 1423 2008 1504 2064; x_wconf 90' lang='lat' dir='ltr'>posse</span> <span class='ocrx_word' id='word_1_304' title='bbox 1520 1992 1621 2058; x_wconf 85' lang='lat' dir='ltr'>facere,</span> <span class='ocrx_word' id='word_1_305' title='bbox 1637 1991 1679 2048; x_wconf 88' lang='lat' dir='ltr'>vel</span> <span class='ocrx_word' id='word_1_306' title='bbox 1699 1992 1792 2046; x_wconf 90' lang='lat' dir='ltr'>dimit-</span> 
     </span>
     <span class='ocr_line' id='line_1_21' title="bbox 140 2079 1794 2153; baseline 0.001 -17"><span class='ocrx_word' id='word_1_307' title='bbox 140 2079 235 2150; x_wconf 89' lang='lat' dir='ltr'>obniti,</span> <span class='ocrx_word' id='word_1_308' title='bbox 251 2082 369 2137; x_wconf 90' lang='lat' dir='ltr'>hominis</span> <span class='ocrx_word' id='word_1_309' title='bbox 397 2091 440 2138; x_wconf 90' lang='lat' dir='ltr'>est</span> <span class='ocrx_word' id='word_1_310' title='bbox 466 2083 593 2153; x_wconf 84' lang='lat' dir='ltr'>suijuris,</span> <span class='ocrx_word' id='word_1_311' title='bbox 612 2091 639 2138; x_wconf 91' lang='grc' dir='ltr'>ει</span> <span class='ocrx_word' id='word_1_312' title='bbox 663 2083 706 2139; x_wconf 91' lang='lat' dir='ltr'>cui</span> <span class='ocrx_word' id='word_1_313' title='bbox 733 2082 857 2139; x_wconf 90' lang='lat' dir='ltr'>dicitur:</span> <span class='ocrx_word' id='word_1_314' title='bbox 876 2106 887 2130; x_wconf 72' lang='lat' dir='ltr'>a</span> <span class='ocrx_word' id='word_1_315' title='bbox 912 2081 941 2138; x_wconf 91' lang='lat' dir='ltr'>Si</span> <span class='ocrx_word' id='word_1_316' title='bbox 995 2089 1241 2152; x_wconf 84' lang='lat' dir='ltr'>tere,qnaecunque</span> <span class='ocrx_word' id='word_1_317' title='bbox 1255 2083 1320 2138; x_wconf 87' lang='lat' dir='ltr'>facit</span> <span class='ocrx_word' id='word_1_318' title='bbox 1346 2083 1390 2138; x_wconf 87' lang='lat' dir='ltr'>vel</span> <span class='ocrx_word' id='word_1_319' title='bbox 1405 2082 1522 2152; x_wconf 90' lang='lat' dir='ltr'>dimittit,</span> <span class='ocrx_word' id='word_1_320' title='bbox 1539 2091 1566 2138; x_wconf 92' lang='lat' dir='ltr'>et</span> <span class='ocrx_word' id='word_1_321' title='bbox 1588 2097 1622 2138; x_wconf 90' lang='lat' dir='ltr'>eo</span> <span class='ocrx_word' id='word_1_322' title='bbox 1641 2081 1794 2153; x_wconf 89' lang='lat' dir='ltr'>modoque</span> 
     </span>
     <span class='ocr_line' id='line_1_22' title="bbox 140 2168 1791 2243; baseline 0 -20"><span class='ocrx_word' id='word_1_323' title='bbox 140 2169 201 2239; x_wconf 89' lang='lat' dir='ltr'>quis</span> <span class='ocrx_word' id='word_1_324' title='bbox 228 2173 414 2226; x_wconf 91' lang='lat' dir='ltr'>contentiosus</span> <span class='ocrx_word' id='word_1_325' title='bbox 441 2179 492 2236; x_wconf 90' lang='lat' dir='ltr'>est,</span> <span class='ocrx_word' id='word_1_326' title='bbox 521 2188 571 2227; x_wconf 91' lang='lat' dir='ltr'>nos</span> <span class='ocrx_word' id='word_1_327' title='bbox 603 2172 683 2227; x_wconf 87' lang='lat' dir='ltr'>talem</span> <span class='ocrx_word' id='word_1_328' title='bbox 719 2171 940 2228; x_wconf 90' lang='lat' dir='ltr'>consuetudinem</span> <span class='ocrx_word' id='word_1_329' title='bbox 994 2168 1057 2225; x_wconf 89' lang='lat' dir='ltr'>facit</span> <span class='ocrx_word' id='word_1_330' title='bbox 1071 2170 1113 2225; x_wconf 87' lang='lat' dir='ltr'>vel</span> <span class='ocrx_word' id='word_1_331' title='bbox 1128 2170 1245 2234; x_wconf 90' lang='lat' dir='ltr'>dimittit,</span> <span class='ocrx_word' id='word_1_332' title='bbox 1258 2179 1284 2226; x_wconf 91' lang='lat' dir='ltr'>et</span> <span class='ocrx_word' id='word_1_333' title='bbox 1298 2171 1346 2226; x_wconf 91' lang='lat' dir='ltr'>illo</span> <span class='ocrx_word' id='word_1_334' title='bbox 1368 2179 1493 2241; x_wconf 87' lang='lat' dir='ltr'>tempore</span> <span class='ocrx_word' id='word_1_335' title='bbox 1516 2186 1572 2243; x_wconf 88' lang='lat' dir='ltr'>quo</span> <span class='ocrx_word' id='word_1_336' title='bbox 1597 2170 1791 2234; x_wconf 87' lang='lat' dir='ltr'>facittantum,</span> 
     </span>
     <span class='ocr_line' id='line_1_23' title="bbox 139 2257 1795 2332; baseline 0.001 -21"><span class='ocrx_word' id='word_1_337' title='bbox 139 2270 195 2312; x_wconf 88' lang='lat' dir='ltr'>non</span> <span class='ocrx_word' id='word_1_338' title='bbox 210 2257 352 2320; x_wconf 85' lang='lat' dir='ltr'>habemus.</span> <span class='ocrx_word' id='word_1_339' title='bbox 370 2275 463 2332; x_wconf 88' lang='lat' dir='ltr'>neque</span> <span class='ocrx_word' id='word_1_340' title='bbox 477 2259 601 2315; x_wconf 85' lang='lat' dir='ltr'>Ecclesia</span> <span class='ocrx_word' id='word_1_341' title='bbox 616 2260 665 2315; x_wconf 86' lang='lat' dir='ltr'>Dei</span> <span class='ocrx_word' id='word_1_342' title='bbox 680 2261 705 2330; x_wconf 80' lang='lat' dir='ltr'>(f</span> <span class='ocrx_word' id='word_1_343' title='bbox 716 2263 777 2317; x_wconf 82' lang='lat' dir='ltr'>Cor.</span> <span class='ocrx_word' id='word_1_344' title='bbox 788 2260 841 2329; x_wconf 82' lang='lat' dir='ltr'>xi).</span> <span class='ocrx_word' id='word_1_345' title='bbox 860 2281 871 2311; x_wconf 76' lang='lat' dir='ltr'>s</span> <span class='ocrx_word' id='word_1_346' title='bbox 887 2259 940 2314; x_wconf 79' lang='lat' dir='ltr'>td·</span> <span class='ocrx_word' id='word_1_347' title='bbox 994 2274 1048 2314; x_wconf 91' lang='lat' dir='ltr'>non</span> <span class='ocrx_word' id='word_1_348' title='bbox 1064 2259 1130 2314; x_wconf 89' lang='lat' dir='ltr'>elio.</span> <span class='ocrx_word' id='word_1_349' title='bbox 1153 2263 1215 2314; x_wconf 76' lang='lat' dir='ltr'>»at</span> <span class='ocrx_word' id='word_1_350' title='bbox 1229 2261 1257 2314; x_wconf 92' lang='lat' dir='ltr'>in</span> <span class='ocrx_word' id='word_1_351' title='bbox 1287 2259 1421 2332; x_wconf 78' lang='lat' dir='ltr'>Apologia</span> <span class='ocrx_word' id='word_1_352' title='bbox 1435 2274 1485 2314; x_wconf 90' lang='lat' dir='ltr'>sua</span> <span class='ocrx_word' id='word_1_353' title='bbox 1513 2260 1597 2314; x_wconf 80' lang='lat' dir='ltr'>niulto</span> <span class='ocrx_word' id='word_1_354' title='bbox 1610 2259 1795 2314; x_wconf 87' lang='lat' dir='ltr'>vehementius</span> 
     </span>
     <span class='ocr_line' id='line_1_24' title="bbox 140 2343 1793 2421; baseline 0.003 -23"><span class='ocrx_word' id='word_1_355' title='bbox 140 2343 221 2399; x_wconf 86' lang='lat' dir='ltr'>datur</span> <span class='ocrx_word' id='word_1_356' title='bbox 248 2347 329 2401; x_wconf 89' lang='lat' dir='ltr'>etiam</span> <span class='ocrx_word' id='word_1_357' title='bbox 355 2347 448 2402; x_wconf 90' lang='lat' dir='ltr'>tertius</span> <span class='ocrx_word' id='word_1_358' title='bbox 475 2348 560 2416; x_wconf 91' lang='lat' dir='ltr'>testis,</span> <span class='ocrx_word' id='word_1_359' title='bbox 578 2348 691 2420; x_wconf 88' lang='lat' dir='ltr'>quitum</span> <span class='ocrx_word' id='word_1_360' title='bbox 717 2349 787 2404; x_wconf 86' lang='lat' dir='ltr'>veris</span> <span class='ocrx_word' id='word_1_361' title='bbox 801 2358 828 2404; x_wconf 92' lang='grc' dir='ltr'>ει</span> <span class='ocrx_word' id='word_1_362' title='bbox 850 2349 940 2403; x_wconf 90' lang='lat' dir='ltr'>mani·</span> <span class='ocrx_word' id='word_1_363' title='bbox 993 2347 1091 2417; x_wconf 89' lang='lat' dir='ltr'>spiritu</span> <span class='ocrx_word' id='word_1_364' title='bbox 1119 2348 1259 2421; x_wconf 80' lang='lat' dir='ltr'>vertiginis</span> <span class='ocrx_word' id='word_1_365' title='bbox 1280 2348 1434 2415; x_wconf 86' lang='lat' dir='ltr'>abducitur,</span> <span class='ocrx_word' id='word_1_366' title='bbox 1450 2363 1483 2403; x_wconf 90' lang='lat' dir='ltr'>ac</span> <span class='ocrx_word' id='word_1_367' title='bbox 1510 2348 1646 2404; x_wconf 78' lang='lat' dir='ltr'>infelicius</span> <span class='ocrx_word' id='word_1_368' title='bbox 1669 2355 1793 2420; x_wconf 74' lang='lat' dir='ltr'>aegrotat.</span> 
     </span>
     <span class='ocr_line' id='line_1_25' title="bbox 139 2431 1796 2509; baseline 0.002 -22"><span class='ocrx_word' id='word_1_369' title='bbox 139 2431 218 2489; x_wconf 89' lang='lat' dir='ltr'>festis</span> <span class='ocrx_word' id='word_1_370' title='bbox 234 2434 317 2489; x_wconf 89' lang='lat' dir='ltr'>utitur</span> <span class='ocrx_word' id='word_1_371' title='bbox 344 2436 446 2503; x_wconf 91' lang='lat' dir='ltr'>verbis,</span> <span class='ocrx_word' id='word_1_372' title='bbox 463 2441 494 2492; x_wconf 94' lang='lat' dir='ltr'>ut</span> <span class='ocrx_word' id='word_1_373' title='bbox 507 2437 532 2492; x_wconf 89' lang='lat' dir='ltr'>ei</span> <span class='ocrx_word' id='word_1_374' title='bbox 560 2437 660 2492; x_wconf 86' lang='lat' dir='ltr'>debeat</span> <span class='ocrx_word' id='word_1_375' title='bbox 673 2437 745 2493; x_wconf 92' lang='lat' dir='ltr'>omni</span> <span class='ocrx_word' id='word_1_376' title='bbox 772 2437 940 2507; x_wconf 88' lang='lat' dir='ltr'>subjectione</span> <span class='ocrx_word' id='word_1_377' title='bbox 993 2435 1173 2507; x_wconf 74' lang='lat' dir='ltr'>diligentiore</span> <span class='ocrx_word' id='word_1_378' title='bbox 1201 2437 1334 2509; x_wconf 90' lang='lat' dir='ltr'>siquidem</span> <span class='ocrx_word' id='word_1_379' title='bbox 1360 2445 1487 2507; x_wconf 86' lang='lat' dir='ltr'>tractatu,</span> <span class='ocrx_word' id='word_1_380' title='bbox 1503 2447 1530 2492; x_wconf 90' lang='lat' dir='ltr'>et</span> <span class='ocrx_word' id='word_1_381' title='bbox 1545 2438 1620 2508; x_wconf 90' lang='lat' dir='ltr'>quasi</span> <span class='ocrx_word' id='word_1_382' title='bbox 1636 2436 1740 2492; x_wconf 90' lang='lat' dir='ltr'>viribus</span> <span class='ocrx_word' id='word_1_383' title='bbox 1766 2435 1796 2491; x_wconf 89' lang='lat' dir='ltr'>in</span> 
     </span>
     <span class='ocr_line' id='line_1_26' title="bbox 139 2522 1794 2599; baseline 0.001 -20"><span class='ocrx_word' id='word_1_384' title='bbox 139 2522 299 2579; x_wconf 85' lang='lat' dir='ltr'>consentiri.</span> <span class='ocrx_word' id='word_1_385' title='bbox 315 2523 466 2598; x_wconf 79' lang='lat' dir='ltr'>Gregorius</span> <span class='ocrx_word' id='word_1_386' title='bbox 493 2525 539 2582; x_wconf 91' lang='lat' dir='ltr'>ille</span> <span class='ocrx_word' id='word_1_387' title='bbox 555 2542 679 2599; x_wconf 90' lang='lat' dir='ltr'>magnus,</span> <span class='ocrx_word' id='word_1_388' title='bbox 696 2527 830 2598; x_wconf 74' lang='lat' dir='ltr'>quiJuxta</span> <span class='ocrx_word' id='word_1_389' title='bbox 854 2526 940 2582; x_wconf 91' lang='lat' dir='ltr'>nomi-</span> <span class='ocrx_word' id='word_1_390' title='bbox 994 2541 1076 2580; x_wconf 90' lang='lat' dir='ltr'>unum</span> <span class='ocrx_word' id='word_1_391' title='bbox 1091 2524 1212 2580; x_wconf 88' lang='lat' dir='ltr'>collectis</span> <span class='ocrx_word' id='word_1_392' title='bbox 1229 2527 1279 2581; x_wconf 90' lang='lat' dir='ltr'>boc</span> <span class='ocrx_word' id='word_1_393' title='bbox 1292 2526 1438 2596; x_wconf 90' lang='lat' dir='ltr'>capitulum</span> <span class='ocrx_word' id='word_1_394' title='bbox 1453 2527 1559 2582; x_wconf 78' lang='lat' dir='ltr'>caeteris</span> <span class='ocrx_word' id='word_1_395' title='bbox 1577 2524 1701 2580; x_wconf 85' lang='lat' dir='ltr'>diffusius</span> <span class='ocrx_word' id='word_1_396' title='bbox 1713 2540 1794 2580; x_wconf 84' lang='lat' dir='ltr'>exse-</span> 
     </span>
     <span class='ocr_line' id='line_1_27' title="bbox 140 2609 1794 2689; baseline 0 -23"><span class='ocrx_word' id='word_1_397' title='bbox 140 2609 238 2667; x_wconf 90' lang='lat' dir='ltr'>nissni</span> <span class='ocrx_word' id='word_1_398' title='bbox 267 2612 458 2685; x_wconf 88' lang='lat' dir='ltr'>proprietatem</span> <span class='ocrx_word' id='word_1_399' title='bbox 473 2614 593 2689; x_wconf 86' lang='lat' dir='ltr'>vigilavit</span> <span class='ocrx_word' id='word_1_400' title='bbox 608 2615 635 2671; x_wconf 90' lang='lat' dir='ltr'>iu</span> <span class='ocrx_word' id='word_1_401' title='bbox 650 2615 770 2680; x_wconf 83' lang='lat' dir='ltr'>Christo,</span> <span class='ocrx_word' id='word_1_402' title='bbox 787 2619 814 2671; x_wconf 85' lang='lat' dir='ltr'>et</span> <span class='ocrx_word' id='word_1_403' title='bbox 836 2615 936 2671; x_wconf 91' lang='lat' dir='ltr'>nobili·</span> <span class='ocrx_word' id='word_1_404' title='bbox 994 2613 1094 2685; x_wconf 90' lang='lat' dir='ltr'>quitor,</span> <span class='ocrx_word' id='word_1_405' title='bbox 1110 2621 1137 2669; x_wconf 90' lang='lat' dir='ltr'>et</span> <span class='ocrx_word' id='word_1_406' title='bbox 1152 2614 1184 2667; x_wconf 89' lang='lat' dir='ltr'>ad</span> <span class='ocrx_word' id='word_1_407' title='bbox 1199 2614 1280 2684; x_wconf 89' lang='lat' dir='ltr'>bajus</span> <span class='ocrx_word' id='word_1_408' title='bbox 1309 2629 1389 2669; x_wconf 73' lang='lat' dir='ltr'>novae</span> <span class='ocrx_word' id='word_1_409' title='bbox 1411 2613 1623 2679; x_wconf 87' lang='lat' dir='ltr'>adinventionis,</span> <span class='ocrx_word' id='word_1_410' title='bbox 1635 2615 1692 2668; x_wconf 92' lang='lat' dir='ltr'>imo</span> <span class='ocrx_word' id='word_1_411' title='bbox 1717 2612 1794 2669; x_wconf 80' lang='lat' dir='ltr'>noxii</span> 
     </span>
     <span class='ocr_line' id='line_1_28' title="bbox 141 2700 1793 2772; baseline 0.001 -17"><span class='ocrx_word' id='word_1_412' title='bbox 141 2704 206 2770; x_wconf 83' lang='lat' dir='ltr'>tric,</span> <span class='ocrx_word' id='word_1_413' title='bbox 235 2701 437 2770; x_wconf 88' lang='lat' dir='ltr'>seientia,lide,</span> <span class='ocrx_word' id='word_1_414' title='bbox 466 2704 618 2771; x_wconf 89' lang='lat' dir='ltr'>sanctitate,</span> <span class='ocrx_word' id='word_1_415' title='bbox 635 2705 700 2761; x_wconf 85' lang='lat' dir='ltr'>sede</span> <span class='ocrx_word' id='word_1_416' title='bbox 728 2703 789 2759; x_wconf 88' lang='lat' dir='ltr'>aliis</span> <span class='ocrx_word' id='word_1_417' title='bbox 817 2703 937 2772; x_wconf 88' lang='lat' dir='ltr'>eminuit,</span> <span class='ocrx_word' id='word_1_418' title='bbox 994 2702 1092 2757; x_wconf 85' lang='lat' dir='ltr'>erroris</span> <span class='ocrx_word' id='word_1_419' title='bbox 1105 2700 1338 2759; x_wconf 84' lang='lat' dir='ltr'>confirmationem</span> <span class='ocrx_word' id='word_1_420' title='bbox 1354 2711 1428 2758; x_wconf 88' lang='lat' dir='ltr'>totus</span> <span class='ocrx_word' id='word_1_421' title='bbox 1457 2703 1598 2758; x_wconf 88' lang='lat' dir='ltr'>incumbit.</span> <span class='ocrx_word' id='word_1_422' title='bbox 1616 2702 1693 2757; x_wconf 84' lang='lat' dir='ltr'>Ponit</span> <span class='ocrx_word' id='word_1_423' title='bbox 1721 2702 1793 2756; x_wconf 89' lang='lat' dir='ltr'>enim</span> 
     </span>
     <span class='ocr_line' id='line_1_29' title="bbox 140 2787 1795 2864; baseline 0 -20"><span class='ocrx_word' id='word_1_424' title='bbox 140 2787 296 2845; x_wconf 88' lang='lat' dir='ltr'>vicesimum</span> <span class='ocrx_word' id='word_1_425' title='bbox 312 2806 411 2846; x_wconf 90' lang='lat' dir='ltr'>nonum</span> <span class='ocrx_word' id='word_1_426' title='bbox 425 2792 528 2848; x_wconf 90' lang='lat' dir='ltr'>librum</span> <span class='ocrx_word' id='word_1_427' title='bbox 544 2794 584 2849; x_wconf 87' lang='lat' dir='ltr'>De</span> <span class='ocrx_word' id='word_1_428' title='bbox 599 2793 758 2857; x_wconf 89' lang='lat' dir='ltr'>moralibus,</span> <span class='ocrx_word' id='word_1_429' title='bbox 771 2793 812 2849; x_wconf 91' lang='lat' dir='ltr'>sic</span> <span class='ocrx_word' id='word_1_430' title='bbox 827 2793 937 2864; x_wconf 90' lang='lat' dir='ltr'>incipit:</span> <span class='ocrx_word' id='word_1_431' title='bbox 993 2789 1020 2845; x_wconf 89' lang='lat' dir='ltr'>in</span> <span class='ocrx_word' id='word_1_432' title='bbox 1035 2791 1134 2846; x_wconf 90' lang='lat' dir='ltr'>coelum</span> <span class='ocrx_word' id='word_1_433' title='bbox 1145 2806 1176 2845; x_wconf 90' lang='lat' dir='ltr'>us</span> <span class='ocrx_word' id='word_1_434' title='bbox 1192 2808 1280 2858; x_wconf 92' lang='lat' dir='ltr'>suum,</span> <span class='ocrx_word' id='word_1_435' title='bbox 1296 2800 1324 2847; x_wconf 91' lang='lat' dir='ltr'>et</span> <span class='ocrx_word' id='word_1_436' title='bbox 1338 2792 1372 2846; x_wconf 89' lang='lat' dir='ltr'>ad</span> <span class='ocrx_word' id='word_1_437' title='bbox 1396 2791 1497 2847; x_wconf 80' lang='lat' dir='ltr'>divinae</span> <span class='ocrx_word' id='word_1_438' title='bbox 1516 2791 1795 2847; x_wconf 81' lang='lat' dir='ltr'>incommutabilitatis</span> 
     </span>
     <span class='ocr_line' id='line_1_30' title="bbox 143 2878 1795 2954; baseline 0.001 -21"><span class='ocrx_word' id='word_1_439' title='bbox 143 2878 305 2934; x_wconf 76' lang='lat' dir='ltr'>«Dominus</span> <span class='ocrx_word' id='word_1_440' title='bbox 332 2887 427 2937; x_wconf 89' lang='lat' dir='ltr'>noster</span> <span class='ocrx_word' id='word_1_441' title='bbox 454 2881 771 2951; x_wconf 87' lang='lat' dir='ltr'>JesusChristus,ineo</span> <span class='ocrx_word' id='word_1_442' title='bbox 798 2880 873 2954; x_wconf 90' lang='lat' dir='ltr'>quod</span> <span class='ocrx_word' id='word_1_443' title='bbox 892 2896 938 2935; x_wconf 89' lang='lat' dir='ltr'>aa·</span> <span class='ocrx_word' id='word_1_444' title='bbox 993 2878 1162 2934; x_wconf 83' lang='lat' dir='ltr'>altitudinem</span> <span class='ocrx_word' id='word_1_445' title='bbox 1192 2881 1370 2948; x_wconf 85' lang='lat' dir='ltr'>transcendit,</span> <span class='ocrx_word' id='word_1_446' title='bbox 1384 2888 1411 2935; x_wconf 90' lang='lat' dir='ltr'>et</span> <span class='ocrx_word' id='word_1_447' title='bbox 1438 2882 1605 2936; x_wconf 86' lang='lat' dir='ltr'>voluntatem</span> <span class='ocrx_word' id='word_1_448' title='bbox 1621 2881 1720 2935; x_wconf 84' lang='lat' dir='ltr'>Deice</span> <span class='ocrx_word' id='word_1_449' title='bbox 1747 2895 1795 2950; x_wconf 87' lang='lat' dir='ltr'>po·</span> 
     </span>
     <span class='ocr_line' id='line_1_31' title="bbox 141 2967 1793 3042; baseline 0.001 -20"><span class='ocrx_word' id='word_1_450' title='bbox 141 2967 243 3040; x_wconf 76' lang='lat' dir='ltr'>pientia</span> <span class='ocrx_word' id='word_1_451' title='bbox 258 2974 284 3024; x_wconf 92' lang='grc' dir='ltr'>ει</span> <span class='ocrx_word' id='word_1_452' title='bbox 308 2969 393 3025; x_wconf 89' lang='lat' dir='ltr'>virtus</span> <span class='ocrx_word' id='word_1_453' title='bbox 421 2978 472 3039; x_wconf 89' lang='lat' dir='ltr'>est,</span> <span class='ocrx_word' id='word_1_454' title='bbox 487 2971 521 3027; x_wconf 90' lang='lat' dir='ltr'>de</span> <span class='ocrx_word' id='word_1_455' title='bbox 549 2972 628 3027; x_wconf 88' lang='lat' dir='ltr'>Patre</span> <span class='ocrx_word' id='word_1_456' title='bbox 642 2975 704 3027; x_wconf 84' lang='lat' dir='ltr'>ante</span> <span class='ocrx_word' id='word_1_457' title='bbox 720 2980 843 3042; x_wconf 90' lang='lat' dir='ltr'>tempora</span> <span class='ocrx_word' id='word_1_458' title='bbox 860 2977 940 3025; x_wconf 89' lang='lat' dir='ltr'>natus</span> <span class='ocrx_word' id='word_1_459' title='bbox 994 2976 1117 3024; x_wconf 85' lang='lat' dir='ltr'>testatem</span> <span class='ocrx_word' id='word_1_460' title='bbox 1132 2969 1203 3025; x_wconf 89' lang='lat' dir='ltr'>idem</span> <span class='ocrx_word' id='word_1_461' title='bbox 1219 2984 1284 3026; x_wconf 87' lang='lat' dir='ltr'>essa</span> <span class='ocrx_word' id='word_1_462' title='bbox 1305 2969 1432 3039; x_wconf 88' lang='lat' dir='ltr'>ostendit,</span> <span class='ocrx_word' id='word_1_463' title='bbox 1447 2970 1543 3026; x_wconf 91' lang='lat' dir='ltr'>dicens</span> <span class='ocrx_word' id='word_1_464' title='bbox 1559 2988 1565 3024; x_wconf 91' lang='lat'>:</span> <span class='ocrx_word' id='word_1_465' title='bbox 1583 2992 1594 3018; x_wconf 78' lang='grc' dir='ltr'>«ι</span> <span class='ocrx_word' id='word_1_466' title='bbox 1610 2968 1793 3037; x_wconf 88' lang='lat' dir='ltr'>Generaliter,</span> 
     </span>
     <span class='ocr_line' id='line_1_32' title="bbox 140 3056 1794 3172; baseline 0.001 -61"><span class='ocrx_word' id='word_1_467' title='bbox 140 3062 191 3111; x_wconf 90' lang='lat' dir='ltr'>est.</span> <span class='ocrx_word' id='word_1_468' title='bbox 209 3056 256 3113; x_wconf 86' lang='lat' dir='ltr'>Vel</span> <span class='ocrx_word' id='word_1_469' title='bbox 272 3057 372 3129; x_wconf 90' lang='lat' dir='ltr'>potius,</span> <span class='ocrx_word' id='word_1_470' title='bbox 389 3061 454 3131; x_wconf 88' lang='lat' dir='ltr'>quia</span> <span class='ocrx_word' id='word_1_471' title='bbox 469 3076 520 3116; x_wconf 93' lang='lat' dir='ltr'>nec</span> <span class='ocrx_word' id='word_1_472' title='bbox 534 3061 617 3131; x_wconf 67' lang='lat' dir='ltr'>coepit</span> <span class='ocrx_word' id='word_1_473' title='bbox 632 3076 700 3131; x_wconf 88' lang='lat' dir='ltr'>esse,</span> <span class='ocrx_word' id='word_1_474' title='bbox 717 3077 767 3116; x_wconf 89' lang='lat' dir='ltr'>nec</span> <span class='ocrx_word' id='word_1_475' title='bbox 788 3059 878 3126; x_wconf 91' lang='lat' dir='ltr'>desiit,</span> <span class='ocrx_word' id='word_1_476' title='bbox 894 3059 938 3113; x_wconf 89' lang='lat' dir='ltr'>di·</span> <span class='ocrx_word' id='word_1_477' title='bbox 956 3057 1091 3172; x_wconf 86' lang='lat' dir='ltr'>Cinquit,</span> <span class='ocrx_word' id='word_1_478' title='bbox 1108 3067 1135 3114; x_wconf 90' lang='lat' dir='ltr'>et</span> <span class='ocrx_word' id='word_1_479' title='bbox 1152 3059 1337 3114; x_wconf 89' lang='lat' dir='ltr'>indubitanter</span> <span class='ocrx_word' id='word_1_480' title='bbox 1351 3060 1498 3114; x_wconf 87' lang='lat' dir='ltr'>tenendum</span> <span class='ocrx_word' id='word_1_481' title='bbox 1514 3067 1565 3126; x_wconf 83' lang='lat' dir='ltr'>est,</span> <span class='ocrx_word' id='word_1_482' title='bbox 1577 3059 1649 3131; x_wconf 92' lang='lat' dir='ltr'>quod</span> <span class='ocrx_word' id='word_1_483' title='bbox 1664 3058 1794 3130; x_wconf 90' lang='lat' dir='ltr'>quidquid</span> 
     </span>
     <span class='ocr_line' id='line_1_33' title="bbox 139 3146 1796 3221; baseline 0.001 -20"><span class='ocrx_word' id='word_1_484' title='bbox 139 3160 235 3202; x_wconf 63' lang='lat' dir='ltr'>amus</span> <span class='ocrx_word' id='word_1_485' title='bbox 258 3147 363 3217; x_wconf 85' lang='lat' dir='ltr'>verius,</span> <span class='ocrx_word' id='word_1_486' title='bbox 378 3164 487 3219; x_wconf 87' lang='lat' dir='ltr'>semper</span> <span class='ocrx_word' id='word_1_487' title='bbox 507 3158 595 3205; x_wconf 88' lang='lat' dir='ltr'>natus.</span> <span class='ocrx_word' id='word_1_488' title='bbox 612 3150 673 3205; x_wconf 92' lang='lat' dir='ltr'>Non</span> <span class='ocrx_word' id='word_1_489' title='bbox 687 3149 762 3204; x_wconf 92' lang='lat' dir='ltr'>enim</span> <span class='ocrx_word' id='word_1_490' title='bbox 790 3164 937 3221; x_wconf 89' lang='lat' dir='ltr'>possemus</span> <span class='ocrx_word' id='word_1_491' title='bbox 995 3146 1059 3202; x_wconf 91' lang='lat' dir='ltr'>boni</span> <span class='ocrx_word' id='word_1_492' title='bbox 1074 3148 1147 3203; x_wconf 82' lang='lat' dir='ltr'>fieus</span> <span class='ocrx_word' id='word_1_493' title='bbox 1159 3148 1186 3202; x_wconf 92' lang='lat' dir='ltr'>in</span> <span class='ocrx_word' id='word_1_494' title='bbox 1215 3165 1245 3202; x_wconf 90' lang='lat' dir='ltr'>se</span> <span class='ocrx_word' id='word_1_495' title='bbox 1260 3149 1370 3215; x_wconf 85' lang='lat' dir='ltr'>habeut,</span> <span class='ocrx_word' id='word_1_496' title='bbox 1386 3148 1538 3203; x_wconf 89' lang='lat' dir='ltr'>nullatenus</span> <span class='ocrx_word' id='word_1_497' title='bbox 1551 3148 1653 3218; x_wconf 92' lang='lat' dir='ltr'>inipso</span> <span class='ocrx_word' id='word_1_498' title='bbox 1667 3147 1711 3204; x_wconf 87' lang='lat' dir='ltr'>vel</span> <span class='ocrx_word' id='word_1_499' title='bbox 1732 3162 1796 3202; x_wconf 92' lang='lat' dir='ltr'>cre-</span> 
     </span>
     <span class='ocr_line' id='line_1_34' title="bbox 139 3232 1795 3310; baseline 0.001 -21"><span class='ocrx_word' id='word_1_500' title='bbox 139 3232 242 3303; x_wconf 88' lang='lat' dir='ltr'>dicere,</span> <span class='ocrx_word' id='word_1_501' title='bbox 255 3237 796 3310; x_wconf 85' lang='lat' dir='ltr'>sempernascitur,neimperfectusessc</span> <span class='ocrx_word' id='word_1_502' title='bbox 807 3237 939 3293; x_wconf 81' lang='lat' dir='ltr'>rideatur.</span> <span class='ocrx_word' id='word_1_503' title='bbox 995 3250 1071 3291; x_wconf 90' lang='lat' dir='ltr'>scere</span> <span class='ocrx_word' id='word_1_504' title='bbox 1086 3238 1129 3292; x_wconf 86' lang='lat' dir='ltr'>val</span> <span class='ocrx_word' id='word_1_505' title='bbox 1157 3237 1240 3292; x_wconf 92' lang='lat' dir='ltr'>minui</span> <span class='ocrx_word' id='word_1_506' title='bbox 1263 3245 1361 3308; x_wconf 89' lang='lat' dir='ltr'>potest.</span> <span class='ocrx_word' id='word_1_507' title='bbox 1380 3238 1428 3293; x_wconf 87' lang='lat' dir='ltr'>Cui</span> <span class='ocrx_word' id='word_1_508' title='bbox 1443 3237 1567 3308; x_wconf 86' lang='lat' dir='ltr'>profecto</span> <span class='ocrx_word' id='word_1_509' title='bbox 1581 3237 1650 3293; x_wconf 88' lang='lat' dir='ltr'>sicat</span> <span class='ocrx_word' id='word_1_510' title='bbox 1673 3235 1795 3308; x_wconf 89' lang='lat' dir='ltr'>potentia</span> 
     </span>
     <span class='ocr_line' id='line_1_35' title="bbox 139 3324 1794 3400; baseline 0.002 -23"><span class='ocrx_word' id='word_1_511' title='bbox 139 3324 175 3377; x_wconf 71' lang='lat' dir='ltr'>At</span> <span class='ocrx_word' id='word_1_512' title='bbox 189 3338 253 3381; x_wconf 90' lang='lat' dir='ltr'>vero</span> <span class='ocrx_word' id='word_1_513' title='bbox 268 3332 296 3380; x_wconf 91' lang='lat' dir='ltr'>ut</span> <span class='ocrx_word' id='word_1_514' title='bbox 311 3334 429 3381; x_wconf 76' lang='lat' dir='ltr'>aeternas</span> <span class='ocrx_word' id='word_1_515' title='bbox 445 3326 583 3400; x_wconf 86' lang='lat' dir='ltr'>designari</span> <span class='ocrx_word' id='word_1_516' title='bbox 599 3326 690 3382; x_wconf 87' lang='lat' dir='ltr'>valeat</span> <span class='ocrx_word' id='word_1_517' title='bbox 713 3335 738 3383; x_wconf 90' lang='lat' dir='ltr'>et</span> <span class='ocrx_word' id='word_1_518' title='bbox 753 3325 899 3397; x_wconf 88' lang='lat' dir='ltr'>perfectas,</span> <span class='ocrx_word' id='word_1_519' title='bbox 915 3332 941 3381; x_wconf 94' lang='grc' dir='ltr'>ει</span> <span class='ocrx_word' id='word_1_520' title='bbox 994 3325 1054 3394; x_wconf 84' lang='lat' dir='ltr'>ejus</span> <span class='ocrx_word' id='word_1_521' title='bbox 1067 3324 1109 3380; x_wconf 90' lang='lat' dir='ltr'>vel</span> <span class='ocrx_word' id='word_1_522' title='bbox 1137 3326 1272 3395; x_wconf 87' lang='lat' dir='ltr'>sapientia</span> <span class='ocrx_word' id='word_1_523' title='bbox 1298 3334 1433 3382; x_wconf 84' lang='lat' dir='ltr'>cooeterna</span> <span class='ocrx_word' id='word_1_524' title='bbox 1449 3334 1500 3392; x_wconf 91' lang='grc' dir='ltr'><strong>εει,</strong></span> <span class='ocrx_word' id='word_1_525' title='bbox 1515 3325 1553 3381; x_wconf 84' lang='lat' dir='ltr'>ita</span> <span class='ocrx_word' id='word_1_526' title='bbox 1572 3326 1696 3382; x_wconf 89' lang='lat' dir='ltr'>voluntas</span> <span class='ocrx_word' id='word_1_527' title='bbox 1711 3340 1794 3396; x_wconf 86' lang='lat' dir='ltr'>quam</span> 
     </span>
     <span class='ocr_line' id='line_1_36' title="bbox 140 3413 1791 3487; baseline 0.002 -21"><span class='ocrx_word' id='word_1_528' title='bbox 140 3417 229 3478; x_wconf 86' lang='lat' dir='ltr'>natus,</span> <span class='ocrx_word' id='word_1_529' title='bbox 248 3421 274 3469; x_wconf 87' lang='lat' dir='ltr'>ct</span> <span class='ocrx_word' id='word_1_530' title='bbox 296 3429 415 3485; x_wconf 88' lang='lat' dir='ltr'>semper,</span> <span class='ocrx_word' id='word_1_531' title='bbox 431 3415 574 3471; x_wconf 89' lang='lat' dir='ltr'>dicamus:</span> <span class='ocrx_word' id='word_1_532' title='bbox 591 3423 725 3487; x_wconf 88' lang='lat' dir='ltr'>quatenus</span> <span class='ocrx_word' id='word_1_533' title='bbox 752 3423 779 3471; x_wconf 89' lang='lat' dir='ltr'>et</span> <span class='ocrx_word' id='word_1_534' title='bbox 805 3422 885 3469; x_wconf 86' lang='lat' dir='ltr'>natas</span> <span class='ocrx_word' id='word_1_535' title='bbox 906 3413 940 3469; x_wconf 90' lang='lat' dir='ltr'>ad</span> <span class='ocrx_word' id='word_1_536' title='bbox 995 3413 1076 3469; x_wconf 90' lang='lat' dir='ltr'>babet</span> <span class='ocrx_word' id='word_1_537' title='bbox 1090 3414 1117 3468; x_wconf 91' lang='lat' dir='ltr'>in</span> <span class='ocrx_word' id='word_1_538' title='bbox 1146 3415 1352 3486; x_wconf 77' lang='lat' dir='ltr'>quibuscunque</span> <span class='ocrx_word' id='word_1_539' title='bbox 1380 3414 1507 3471; x_wconf 88' lang='lat' dir='ltr'>faciendis</span> <span class='ocrx_word' id='word_1_540' title='bbox 1536 3415 1581 3472; x_wconf 91' lang='lat' dir='ltr'>vel</span> <span class='ocrx_word' id='word_1_541' title='bbox 1603 3413 1791 3485; x_wconf 85' lang='lat' dir='ltr'>disponendis,</span> 
     </span>
     <span class='ocr_line' id='line_1_37' title="bbox 138 3500 1791 3575; baseline 0.001 -19"><span class='ocrx_word' id='word_1_542' title='bbox 138 3500 341 3573; x_wconf 88' lang='lat' dir='ltr'>perlectionem</span> <span class='ocrx_word' id='word_1_543' title='bbox 362 3503 510 3574; x_wconf 89' lang='lat' dir='ltr'>pertineat,</span> <span class='ocrx_word' id='word_1_544' title='bbox 527 3512 552 3560; x_wconf 91' lang='grc' dir='ltr'>ει</span> <span class='ocrx_word' id='word_1_545' title='bbox 566 3520 673 3575; x_wconf 89' lang='lat' dir='ltr'>semper</span> <span class='ocrx_word' id='word_1_546' title='bbox 687 3504 722 3559; x_wconf 90' lang='lat' dir='ltr'>ad</span> <span class='ocrx_word' id='word_1_547' title='bbox 748 3503 938 3568; x_wconf 83' lang='lat' dir='ltr'>aetemitatem,</span> <span class='ocrx_word' id='word_1_548' title='bbox 993 3501 1046 3573; x_wconf 87' lang='lat' dir='ltr'>ipsi</span> <span class='ocrx_word' id='word_1_549' title='bbox 1073 3510 1211 3559; x_wconf 86' lang='lat' dir='ltr'>coaeterna</span> <span class='ocrx_word' id='word_1_550' title='bbox 1237 3510 1291 3560; x_wconf 90' lang='grc' dir='ltr'><strong>εει.</strong></span> <span class='ocrx_word' id='word_1_551' title='bbox 1309 3526 1321 3553; x_wconf 70' lang='lat' dir='ltr'>a</span> <span class='ocrx_word' id='word_1_552' title='bbox 1339 3504 1438 3559; x_wconf 85' lang='lat' dir='ltr'>Verum</span> <span class='ocrx_word' id='word_1_553' title='bbox 1457 3504 1531 3574; x_wconf 91' lang='lat' dir='ltr'>dicit,</span> <span class='ocrx_word' id='word_1_554' title='bbox 1548 3503 1597 3559; x_wconf 90' lang='lat' dir='ltr'>sed</span> <span class='ocrx_word' id='word_1_555' title='bbox 1612 3508 1639 3559; x_wconf 89' lang='grc' dir='ltr'>ει</span> <span class='ocrx_word' id='word_1_556' title='bbox 1660 3503 1791 3573; x_wconf 90' lang='lat' dir='ltr'>laqueum</span> 
     </span>
     <span class='ocr_line' id='line_1_38' title="bbox 140 3591 1792 3663; baseline 0.002 -19"><span class='ocrx_word' id='word_1_557' title='bbox 140 3596 171 3645; x_wconf 90' lang='lat' dir='ltr'>ut</span> <span class='ocrx_word' id='word_1_558' title='bbox 185 3591 377 3662; x_wconf 91' lang='lat' dir='ltr'>quoquomodo</span> <span class='ocrx_word' id='word_1_559' title='bbox 387 3592 432 3647; x_wconf 89' lang='lat' dir='ltr'>illa</span> <span class='ocrx_word' id='word_1_560' title='bbox 448 3593 569 3649; x_wconf 87' lang='lat' dir='ltr'>essentia</span> <span class='ocrx_word' id='word_1_561' title='bbox 584 3594 643 3649; x_wconf 89' lang='lat' dir='ltr'>sine</span> <span class='ocrx_word' id='word_1_562' title='bbox 658 3601 780 3662; x_wconf 87' lang='lat' dir='ltr'>tempore</span> <span class='ocrx_word' id='word_1_563' title='bbox 795 3591 940 3662; x_wconf 88' lang='lat' dir='ltr'>temporali</span> <span class='ocrx_word' id='word_1_564' title='bbox 993 3605 1068 3647; x_wconf 90' lang='lat' dir='ltr'>more</span> <span class='ocrx_word' id='word_1_565' title='bbox 1083 3606 1133 3646; x_wconf 90' lang='lat' dir='ltr'>suo</span> <span class='ocrx_word' id='word_1_566' title='bbox 1160 3592 1313 3663; x_wconf 74' lang='lat' dir='ltr'>pretendit.</span> <span class='ocrx_word' id='word_1_567' title='bbox 1331 3615 1342 3641; x_wconf 78' lang='grc' dir='ltr'><strong>ι</strong></span> <span class='ocrx_word' id='word_1_568' title='bbox 1360 3594 1421 3649; x_wconf 93' lang='lat' dir='ltr'>Non</span> <span class='ocrx_word' id='word_1_569' title='bbox 1447 3600 1489 3648; x_wconf 91' lang='grc' dir='ltr'>εει</span> <span class='ocrx_word' id='word_1_570' title='bbox 1511 3593 1623 3647; x_wconf 93' lang='lat' dir='ltr'>enimin</span> <span class='ocrx_word' id='word_1_571' title='bbox 1638 3592 1696 3648; x_wconf 87' lang='lat' dir='ltr'>Deo</span> <span class='ocrx_word' id='word_1_572' title='bbox 1717 3591 1792 3647; x_wconf 91' lang='lat' dir='ltr'>aliud</span> 
     </span>
     <span class='ocr_line' id='line_1_39' title="bbox 139 3677 1792 3755; baseline 0.002 -22"><span class='ocrx_word' id='word_1_573' title='bbox 139 3677 229 3733; x_wconf 90' lang='lat' dir='ltr'>valeat</span> <span class='ocrx_word' id='word_1_574' title='bbox 241 3679 379 3753; x_wconf 86' lang='lat' dir='ltr'>designari</span> <span class='ocrx_word' id='word_1_575' title='bbox 395 3697 532 3748; x_wconf 89' lang='lat' dir='ltr'>sermone,</span> <span class='ocrx_word' id='word_1_576' title='bbox 542 3681 668 3755; x_wconf 88' lang='lat' dir='ltr'>quamvis</span> <span class='ocrx_word' id='word_1_577' title='bbox 683 3680 849 3752; x_wconf 77' lang='lat' dir='ltr'>bocipsum,</span> <span class='ocrx_word' id='word_1_578' title='bbox 867 3681 940 3752; x_wconf 89' lang='lat' dir='ltr'>quod</span> <span class='ocrx_word' id='word_1_579' title='bbox 992 3687 1131 3750; x_wconf 91' lang='lat' dir='ltr'>potentem</span> <span class='ocrx_word' id='word_1_580' title='bbox 1158 3696 1229 3749; x_wconf 88' lang='lat' dir='ltr'>esse,</span> <span class='ocrx_word' id='word_1_581' title='bbox 1245 3681 1320 3736; x_wconf 89' lang='lat' dir='ltr'>aliud</span> <span class='ocrx_word' id='word_1_582' title='bbox 1347 3681 1417 3737; x_wconf 88' lang='lat' dir='ltr'>bene</span> <span class='ocrx_word' id='word_1_583' title='bbox 1445 3681 1582 3738; x_wconf 86' lang='lat' dir='ltr'>volentem</span> <span class='ocrx_word' id='word_1_584' title='bbox 1605 3696 1675 3748; x_wconf 85' lang='lat' dir='ltr'>esse,</span> <span class='ocrx_word' id='word_1_585' title='bbox 1691 3680 1734 3736; x_wconf 91' lang='lat' dir='ltr'>cui</span> <span class='ocrx_word' id='word_1_586' title='bbox 1749 3689 1792 3736; x_wconf 90' lang='lat' dir='ltr'>est</span> 
     </span>
     <span class='ocr_line' id='line_1_40' title="bbox 138 3765 1791 3841; baseline 0.001 -19"><span class='ocrx_word' id='word_1_587' title='bbox 138 3765 289 3839; x_wconf 88' lang='lat' dir='ltr'>perfectum</span> <span class='ocrx_word' id='word_1_588' title='bbox 316 3768 442 3837; x_wconf 89' lang='lat' dir='ltr'>dicimus,</span> <span class='ocrx_word' id='word_1_589' title='bbox 458 3770 572 3825; x_wconf 90' lang='lat' dir='ltr'>multum</span> <span class='ocrx_word' id='word_1_590' title='bbox 586 3770 622 3825; x_wconf 90' lang='lat' dir='ltr'>ab</span> <span class='ocrx_word' id='word_1_591' title='bbox 637 3769 709 3825; x_wconf 91' lang='lat' dir='ltr'>illins</span> <span class='ocrx_word' id='word_1_592' title='bbox 736 3769 858 3827; x_wconf 67' lang='lat' dir='ltr'>veriatis</span> <span class='ocrx_word' id='word_1_593' title='bbox 872 3784 938 3841; x_wconf 90' lang='lat' dir='ltr'>per·</span> <span class='ocrx_word' id='word_1_594' title='bbox 993 3766 1020 3823; x_wconf 92' lang='lat' dir='ltr'>id</span> <span class='ocrx_word' id='word_1_595' title='bbox 1035 3768 1122 3840; x_wconf 91' lang='lat' dir='ltr'>ipsum</span> <span class='ocrx_word' id='word_1_596' title='bbox 1150 3784 1221 3836; x_wconf 89' lang='lat' dir='ltr'>esse,</span> <span class='ocrx_word' id='word_1_597' title='bbox 1237 3777 1265 3824; x_wconf 91' lang='lat' dir='ltr'>et</span> <span class='ocrx_word' id='word_1_598' title='bbox 1276 3770 1363 3825; x_wconf 85' lang='lat' dir='ltr'>Deum</span> <span class='ocrx_word' id='word_1_599' title='bbox 1387 3786 1456 3835; x_wconf 89' lang='lat' dir='ltr'>esse,</span> <span class='ocrx_word' id='word_1_600' title='bbox 1472 3769 1544 3840; x_wconf 91' lang='lat' dir='ltr'>quod</span> <span class='ocrx_word' id='word_1_601' title='bbox 1567 3768 1710 3841; x_wconf 85' lang='lat' dir='ltr'>superiora</span> <span class='ocrx_word' id='word_1_602' title='bbox 1738 3767 1791 3824; x_wconf 88' lang='lat' dir='ltr'>de-</span> 
     </span>
     <span class='ocr_line' id='line_1_41' title="bbox 140 3853 1792 3931; baseline 0.001 -21"><span class='ocrx_word' id='word_1_603' title='bbox 140 3853 255 3912; x_wconf 89' lang='lat' dir='ltr'>fectione</span> <span class='ocrx_word' id='word_1_604' title='bbox 270 3855 410 3912; x_wconf 90' lang='lat' dir='ltr'>deviamus</span> <span class='ocrx_word' id='word_1_605' title='bbox 425 3875 432 3924; x_wconf 75' lang='lat'><em>3</em></span> <span class='ocrx_word' id='word_1_606' title='bbox 449 3857 513 3931; x_wconf 80' lang='lat' dir='ltr'>quis</span> <span class='ocrx_word' id='word_1_607' title='bbox 527 3860 599 3930; x_wconf 89' lang='lat' dir='ltr'>quod</span> <span class='ocrx_word' id='word_1_608' title='bbox 616 3859 716 3914; x_wconf 85' lang='lat' dir='ltr'>factum</span> <span class='ocrx_word' id='word_1_609' title='bbox 739 3874 794 3914; x_wconf 92' lang='lat' dir='ltr'>non</span> <span class='ocrx_word' id='word_1_610' title='bbox 817 3866 868 3925; x_wconf 90' lang='grc' dir='ltr'><strong>εει,</strong></span> <span class='ocrx_word' id='word_1_611' title='bbox 884 3873 939 3914; x_wconf 90' lang='lat' dir='ltr'>non</span> <span class='ocrx_word' id='word_1_612' title='bbox 993 3855 1098 3913; x_wconf 86' lang='lat' dir='ltr'>clarent</span> <span class='ocrx_word' id='word_1_613' title='bbox 1113 3872 1120 3928; x_wconf 90' lang='lat'>;</span> <span class='ocrx_word' id='word_1_614' title='bbox 1136 3867 1164 3914; x_wconf 91' lang='lat' dir='ltr'>et</span> <span class='ocrx_word' id='word_1_615' title='bbox 1178 3858 1307 3914; x_wconf 91' lang='lat' dir='ltr'>voluntas</span> <span class='ocrx_word' id='word_1_616' title='bbox 1317 3859 1375 3927; x_wconf 74' lang='lat' dir='ltr'>eius</span> <span class='ocrx_word' id='word_1_617' title='bbox 1386 3867 1413 3915; x_wconf 92' lang='grc' dir='ltr'>ει</span> <span class='ocrx_word' id='word_1_618' title='bbox 1427 3858 1546 3930; x_wconf 88' lang='lat' dir='ltr'>potentia</span> <span class='ocrx_word' id='word_1_619' title='bbox 1558 3859 1618 3929; x_wconf 87' lang='lat' dir='ltr'>ejus</span> <span class='ocrx_word' id='word_1_620' title='bbox 1631 3858 1698 3913; x_wconf 90' lang='lat' dir='ltr'>nibil</span> <span class='ocrx_word' id='word_1_621' title='bbox 1713 3857 1792 3912; x_wconf 91' lang='lat' dir='ltr'>aliud</span> 
     </span>
     <span class='ocr_line' id='line_1_42' title="bbox 139 3939 1791 4020; baseline 0.004 -25"><span class='ocrx_word' id='word_1_622' title='bbox 139 3946 229 4011; x_wconf 88' lang='lat' dir='ltr'>potest</span> <span class='ocrx_word' id='word_1_623' title='bbox 252 3939 306 3996; x_wconf 89' lang='lat' dir='ltr'>dici</span> <span class='ocrx_word' id='word_1_624' title='bbox 333 3942 491 4013; x_wconf 90' lang='lat' dir='ltr'>perfectum.</span> <span class='ocrx_word' id='word_1_625' title='bbox 510 3964 521 3990; x_wconf 78' lang='grc' dir='ltr'><strong>ι</strong></span> <span class='ocrx_word' id='word_1_626' title='bbox 538 3943 685 3998; x_wconf 81' lang='lat' dir='ltr'>Tantorum</span> <span class='ocrx_word' id='word_1_627' title='bbox 700 3943 818 3999; x_wconf 90' lang='lat' dir='ltr'>virorum</span> <span class='ocrx_word' id='word_1_628' title='bbox 841 3942 939 3998; x_wconf 88' lang='lat' dir='ltr'>talibus</span> <span class='ocrx_word' id='word_1_629' title='bbox 993 3954 1035 4002; x_wconf 91' lang='grc' dir='ltr'>εει</span> <span class='ocrx_word' id='word_1_630' title='bbox 1048 3962 1131 4019; x_wconf 88' lang='lat' dir='ltr'>quam</span> <span class='ocrx_word' id='word_1_631' title='bbox 1148 3947 1219 4018; x_wconf 89' lang='lat' dir='ltr'>ipse.</span> <span class='ocrx_word' id='word_1_632' title='bbox 1241 3968 1253 3999; x_wconf 76' lang='lat' dir='ltr'>r</span> <span class='ocrx_word' id='word_1_633' title='bbox 1270 3948 1443 4020; x_wconf 78' lang='lat' dir='ltr'>Augustinus</span> <span class='ocrx_word' id='word_1_634' title='bbox 1457 3948 1484 4002; x_wconf 92' lang='lat' dir='ltr'>in</span> <span class='ocrx_word' id='word_1_635' title='bbox 1498 3949 1615 4019; x_wconf 90' lang='lat' dir='ltr'>septimo</span> <span class='ocrx_word' id='word_1_636' title='bbox 1630 3947 1698 4003; x_wconf 91' lang='lat' dir='ltr'>libro</span> <span class='ocrx_word' id='word_1_637' title='bbox 1716 3947 1791 4002; x_wconf 90' lang='lat' dir='ltr'>Con-</span> 
     </span>
     <span class='ocr_line' id='line_1_43' title="bbox 140 4028 1790 4108; baseline 0.002 -25"><span class='ocrx_word' id='word_1_638' title='bbox 140 4028 342 4085; x_wconf 83' lang='lat' dir='ltr'>assertionibus</span> <span class='ocrx_word' id='word_1_639' title='bbox 369 4031 536 4099; x_wconf 91' lang='lat' dir='ltr'>obniti,non</span> <span class='ocrx_word' id='word_1_640' title='bbox 563 4040 603 4088; x_wconf 90' lang='lat' dir='ltr'>est</span> <span class='ocrx_word' id='word_1_641' title='bbox 630 4047 723 4089; x_wconf 88' lang='lat' dir='ltr'>eorum</span> <span class='ocrx_word' id='word_1_642' title='bbox 748 4032 846 4104; x_wconf 90' lang='lat' dir='ltr'>quibus</span> <span class='ocrx_word' id='word_1_643' title='bbox 866 4032 940 4087; x_wconf 79' lang='lat' dir='ltr'>bens</span> <span class='ocrx_word' id='word_1_644' title='bbox 994 4035 1275 4091; x_wconf 76' lang='lat' dir='ltr'>fossionum:«Non</span> <span class='ocrx_word' id='word_1_645' title='bbox 1304 4037 1421 4108; x_wconf 71' lang='lat' dir='ltr'>cogeris,</span> <span class='ocrx_word' id='word_1_646' title='bbox 1451 4036 1547 4106; x_wconf 82' lang='lat' dir='ltr'>inquit,</span> <span class='ocrx_word' id='word_1_647' title='bbox 1571 4034 1790 4092; x_wconf 81' lang='lat' dir='ltr'>invitusadali-</span> 
     </span>
     <span class='ocr_line' id='line_1_44' title="bbox 139 4116 1791 4197; baseline 0.004 -26"><span class='ocrx_word' id='word_1_648' title='bbox 139 4116 280 4172; x_wconf 82' lang='lat' dir='ltr'>dexteram</span> <span class='ocrx_word' id='word_1_649' title='bbox 307 4134 387 4174; x_wconf 84' lang='lat' dir='ltr'>suam</span> <span class='ocrx_word' id='word_1_650' title='bbox 415 4128 506 4176; x_wconf 89' lang='lat' dir='ltr'>notam</span> <span class='ocrx_word' id='word_1_651' title='bbox 524 4121 598 4189; x_wconf 90' lang='lat' dir='ltr'>fecit,</span> <span class='ocrx_word' id='word_1_652' title='bbox 614 4129 640 4177; x_wconf 92' lang='lat' dir='ltr'>et</span> <span class='ocrx_word' id='word_1_653' title='bbox 655 4138 704 4193; x_wconf 90' lang='lat' dir='ltr'>per</span> <span class='ocrx_word' id='word_1_654' title='bbox 718 4137 780 4177; x_wconf 90' lang='lat' dir='ltr'>eum</span> <span class='ocrx_word' id='word_1_655' title='bbox 805 4120 939 4177; x_wconf 87' lang='lat' dir='ltr'>eruditum</span> <span class='ocrx_word' id='word_1_656' title='bbox 993 4124 1071 4196; x_wconf 89' lang='lat' dir='ltr'>qnid,</span> <span class='ocrx_word' id='word_1_657' title='bbox 1087 4124 1152 4197; x_wconf 88' lang='lat' dir='ltr'>qnia</span> <span class='ocrx_word' id='word_1_658' title='bbox 1167 4124 1292 4180; x_wconf 88' lang='lat' dir='ltr'>voluntas</span> <span class='ocrx_word' id='word_1_659' title='bbox 1305 4133 1351 4180; x_wconf 88' lang='lat' dir='ltr'>tua</span> <span class='ocrx_word' id='word_1_660' title='bbox 1362 4140 1414 4180; x_wconf 88' lang='lat' dir='ltr'>non</span> <span class='ocrx_word' id='word_1_661' title='bbox 1427 4134 1466 4180; x_wconf 91' lang='lat' dir='ltr'>est</span> <span class='ocrx_word' id='word_1_662' title='bbox 1482 4125 1575 4195; x_wconf 80' lang='lat' dir='ltr'>major</span> <span class='ocrx_word' id='word_1_663' title='bbox 1589 4140 1670 4197; x_wconf 85' lang='lat' dir='ltr'>quarn</span> <span class='ocrx_word' id='word_1_664' title='bbox 1690 4132 1791 4196; x_wconf 88' lang='lat' dir='ltr'>poten-</span> 
     </span>
     <span class='ocr_line' id='line_1_45' title="bbox 139 4206 1791 4285; baseline 0.004 -22"><span class='ocrx_word' id='word_1_665' title='bbox 139 4220 189 4263; x_wconf 89' lang='lat' dir='ltr'>cor</span> <span class='ocrx_word' id='word_1_666' title='bbox 207 4206 311 4263; x_wconf 90' lang='lat' dir='ltr'>babent</span> <span class='ocrx_word' id='word_1_667' title='bbox 325 4208 352 4263; x_wconf 93' lang='lat' dir='ltr'>in</span> <span class='ocrx_word' id='word_1_668' title='bbox 367 4210 507 4280; x_wconf 91' lang='lat' dir='ltr'>sapientia.</span> <span class='ocrx_word' id='word_1_669' title='bbox 524 4210 558 4265; x_wconf 79' lang='lat' dir='ltr'>lit</span> <span class='ocrx_word' id='word_1_670' title='bbox 573 4211 701 4282; x_wconf 90' lang='lat' dir='ltr'>quoniam</span> <span class='ocrx_word' id='word_1_671' title='bbox 718 4210 786 4266; x_wconf 90' lang='lat' dir='ltr'>satis</span> <span class='ocrx_word' id='word_1_672' title='bbox 800 4216 939 4265; x_wconf 90' lang='lat' dir='ltr'>ostensum</span> <span class='ocrx_word' id='word_1_673' title='bbox 993 4213 1030 4268; x_wconf 89' lang='lat' dir='ltr'>tia</span> <span class='ocrx_word' id='word_1_674' title='bbox 1044 4214 1186 4268; x_wconf 77' lang='lat' dir='ltr'>tuallsset</span> <span class='ocrx_word' id='word_1_675' title='bbox 1209 4218 1299 4269; x_wconf 91' lang='lat' dir='ltr'>autem</span> <span class='ocrx_word' id='word_1_676' title='bbox 1322 4215 1420 4284; x_wconf 87' lang='lat' dir='ltr'>major,</span> <span class='ocrx_word' id='word_1_677' title='bbox 1433 4214 1455 4268; x_wconf 91' lang='lat' dir='ltr'>si</span> <span class='ocrx_word' id='word_1_678' title='bbox 1481 4214 1605 4284; x_wconf 89' lang='lat' dir='ltr'>teipsotu</span> <span class='ocrx_word' id='word_1_679' title='bbox 1628 4215 1685 4285; x_wconf 89' lang='lat' dir='ltr'>ipse</span> <span class='ocrx_word' id='word_1_680' title='bbox 1700 4215 1791 4283; x_wconf 80' lang='lat' dir='ltr'>msjor</span> 
     </span>
     <span class='ocr_line' id='line_1_46' title="bbox 140 4297 1788 4374; baseline 0.005 -25"><span class='ocrx_word' id='word_1_681' title='bbox 140 4302 191 4362; x_wconf 85' lang='lat' dir='ltr'>est,</span> <span class='ocrx_word' id='word_1_682' title='bbox 207 4298 280 4366; x_wconf 90' lang='lat' dir='ltr'>quod</span> <span class='ocrx_word' id='word_1_683' title='bbox 304 4297 387 4352; x_wconf 80' lang='lat' dir='ltr'>filias</span> <span class='ocrx_word' id='word_1_684' title='bbox 403 4298 453 4354; x_wconf 83' lang='lat' dir='ltr'>Dei</span> <span class='ocrx_word' id='word_1_685' title='bbox 468 4314 579 4371; x_wconf 89' lang='lat' dir='ltr'>semper</span> <span class='ocrx_word' id='word_1_686' title='bbox 594 4308 675 4355; x_wconf 89' lang='lat' dir='ltr'>natus</span> <span class='ocrx_word' id='word_1_687' title='bbox 704 4299 747 4367; x_wconf 89' lang='lat' dir='ltr'>sit,</span> <span class='ocrx_word' id='word_1_688' title='bbox 762 4315 813 4354; x_wconf 88' lang='lat' dir='ltr'>nec</span> <span class='ocrx_word' id='word_1_689' title='bbox 828 4313 940 4369; x_wconf 87' lang='lat' dir='ltr'>semper</span> <span class='ocrx_word' id='word_1_690' title='bbox 992 4316 1075 4357; x_wconf 90' lang='lat' dir='ltr'>esses.</span> <span class='ocrx_word' id='word_1_691' title='bbox 1091 4303 1220 4357; x_wconf 86' lang='lat' dir='ltr'>Voluntas</span> <span class='ocrx_word' id='word_1_692' title='bbox 1231 4302 1303 4357; x_wconf 90' lang='lat' dir='ltr'>enim</span> <span class='ocrx_word' id='word_1_693' title='bbox 1314 4310 1341 4357; x_wconf 86' lang='lat' dir='ltr'>et</span> <span class='ocrx_word' id='word_1_694' title='bbox 1354 4302 1473 4373; x_wconf 84' lang='lat' dir='ltr'>potentia</span> <span class='ocrx_word' id='word_1_695' title='bbox 1487 4303 1536 4358; x_wconf 87' lang='lat' dir='ltr'>Dei</span> <span class='ocrx_word' id='word_1_696' title='bbox 1551 4303 1625 4358; x_wconf 86' lang='lat' dir='ltr'>Deus</span> <span class='ocrx_word' id='word_1_697' title='bbox 1638 4302 1698 4374; x_wconf 88' lang='lat' dir='ltr'>ipse</span> <span class='ocrx_word' id='word_1_698' title='bbox 1711 4309 1788 4357; x_wconf 69' lang='grc' dir='ltr'><strong>εει.»</strong></span> 
     </span>
     <span class='ocr_line' id='line_1_47' title="bbox 138 4385 1790 4462; baseline 0.004 -24"><span class='ocrx_word' id='word_1_699' title='bbox 138 4392 265 4440; x_wconf 69' lang='lat' dir='ltr'>armatur</span> <span class='ocrx_word' id='word_1_700' title='bbox 292 4385 327 4441; x_wconf 92' lang='lat' dir='ltr'>de</span> <span class='ocrx_word' id='word_1_701' title='bbox 353 4387 441 4456; x_wconf 88' lang='lat' dir='ltr'>Patre,</span> <span class='ocrx_word' id='word_1_702' title='bbox 456 4387 581 4443; x_wconf 86' lang='lat' dir='ltr'>imminet</span> <span class='ocrx_word' id='word_1_703' title='bbox 607 4397 635 4443; x_wconf 91' lang='lat' dir='ltr'>ut</span> <span class='ocrx_word' id='word_1_704' title='bbox 649 4388 829 4444; x_wconf 85' lang='lat' dir='ltr'>discutiamus</span> <span class='ocrx_word' id='word_1_705' title='bbox 857 4387 939 4457; x_wconf 89' lang='lat' dir='ltr'>quid·</span> <span class='ocrx_word' id='word_1_706' title='bbox 992 4391 1063 4446; x_wconf 83' lang='lat' dir='ltr'>Ecce</span> <span class='ocrx_word' id='word_1_707' title='bbox 1077 4406 1158 4462; x_wconf 93' lang='lat' dir='ltr'>quam</span> <span class='ocrx_word' id='word_1_708' title='bbox 1174 4406 1238 4446; x_wconf 88' lang='lat' dir='ltr'>vera</span> <span class='ocrx_word' id='word_1_709' title='bbox 1252 4392 1347 4447; x_wconf 83' lang='lat' dir='ltr'>Petrus</span> <span class='ocrx_word' id='word_1_710' title='bbox 1362 4392 1506 4462; x_wconf 89' lang='lat' dir='ltr'>proponit,</span> <span class='ocrx_word' id='word_1_711' title='bbox 1522 4392 1612 4446; x_wconf 88' lang='lat' dir='ltr'>sedin</span> <span class='ocrx_word' id='word_1_712' title='bbox 1629 4393 1679 4447; x_wconf 93' lang='lat' dir='ltr'>boc</span> <span class='ocrx_word' id='word_1_713' title='bbox 1695 4392 1790 4445; x_wconf 90' lang='lat' dir='ltr'>vitan·</span> 
     </span>
     <span class='ocr_line' id='line_1_48' title="bbox 139 4463 1789 4550; baseline 0.002 -22"><span class='ocrx_word' id='word_1_714' title='bbox 139 4488 204 4529; x_wconf 79' lang='lat' dir='ltr'>nam</span> <span class='ocrx_word' id='word_1_715' title='bbox 220 4472 256 4529; x_wconf 90' lang='lat' dir='ltr'>sit</span> <span class='ocrx_word' id='word_1_716' title='bbox 285 4474 358 4547; x_wconf 89' lang='lat' dir='ltr'>quod</span> <span class='ocrx_word' id='word_1_717' title='bbox 386 4476 568 4541; x_wconf 88' lang='lat' dir='ltr'>Petrusdicit,</span> <span class='ocrx_word' id='word_1_718' title='bbox 586 4477 657 4547; x_wconf 90' lang='lat' dir='ltr'>quod</span> <span class='ocrx_word' id='word_1_719' title='bbox 686 4477 759 4532; x_wconf 88' lang='lat' dir='ltr'>Deus</span> <span class='ocrx_word' id='word_1_720' title='bbox 774 4492 828 4531; x_wconf 92' lang='lat' dir='ltr'>non</span> <span class='ocrx_word' id='word_1_721' title='bbox 851 4463 1045 4547; x_wconf 86' lang='lat' dir='ltr'>potesthns</span> <span class='ocrx_word' id='word_1_722' title='bbox 1059 4487 1109 4539; x_wconf 83' lang='lat' dir='ltr'>est.</span> <span class='ocrx_word' id='word_1_723' title='bbox 1134 4480 1207 4550; x_wconf 91' lang='lat' dir='ltr'>quod</span> <span class='ocrx_word' id='word_1_724' title='bbox 1231 4495 1265 4535; x_wconf 88' lang='lat' dir='ltr'>ex</span> <span class='ocrx_word' id='word_1_725' title='bbox 1292 4479 1364 4534; x_wconf 90' lang='lat' dir='ltr'>veris</span> <span class='ocrx_word' id='word_1_726' title='bbox 1388 4479 1458 4534; x_wconf 89' lang='lat' dir='ltr'>falsa</span> <span class='ocrx_word' id='word_1_727' title='bbox 1485 4479 1631 4535; x_wconf 85' lang='lat' dir='ltr'>concludit.</span> <span class='ocrx_word' id='word_1_728' title='bbox 1649 4479 1694 4535; x_wconf 90' lang='lat' dir='ltr'>Sic</span> <span class='ocrx_word' id='word_1_729' title='bbox 1717 4478 1789 4534; x_wconf 88' lang='lat' dir='ltr'>enim</span> 
     </span>
     <span class='ocr_line' id='line_1_49' title="bbox 139 4562 1789 4640; baseline 0.002 -23"><span class='ocrx_word' id='word_1_730' title='bbox 139 4562 239 4631; x_wconf 87' lang='lat' dir='ltr'>facere,</span> <span class='ocrx_word' id='word_1_731' title='bbox 256 4564 305 4620; x_wconf 93' lang='lat' dir='ltr'>nisi</span> <span class='ocrx_word' id='word_1_732' title='bbox 317 4565 390 4635; x_wconf 90' lang='lat' dir='ltr'>quod</span> <span class='ocrx_word' id='word_1_733' title='bbox 411 4565 482 4632; x_wconf 92' lang='lat' dir='ltr'>facit,</span> <span class='ocrx_word' id='word_1_734' title='bbox 493 4582 544 4622; x_wconf 92' lang='lat' dir='ltr'>nec</span> <span class='ocrx_word' id='word_1_735' title='bbox 565 4565 619 4621; x_wconf 89' lang='lat' dir='ltr'>alio</span> <span class='ocrx_word' id='word_1_736' title='bbox 634 4574 768 4637; x_wconf 89' lang='lat' dir='ltr'>tempore.</span> <span class='ocrx_word' id='word_1_737' title='bbox 783 4565 837 4621; x_wconf 90' lang='lat' dir='ltr'>Sed</span> <span class='ocrx_word' id='word_1_738' title='bbox 862 4565 937 4635; x_wconf 92' lang='lat' dir='ltr'>prius</span> <span class='ocrx_word' id='word_1_739' title='bbox 991 4566 1077 4622; x_wconf 91' lang='lat' dir='ltr'>dicit:</span> <span class='ocrx_word' id='word_1_740' title='bbox 1094 4590 1105 4616; x_wconf 79' lang='lat' dir='ltr'>a</span> <span class='ocrx_word' id='word_1_741' title='bbox 1124 4566 1155 4621; x_wconf 90' lang='lat' dir='ltr'>Si</span> <span class='ocrx_word' id='word_1_742' title='bbox 1171 4583 1236 4640; x_wconf 87' lang='lat' dir='ltr'>orgo</span> <span class='ocrx_word' id='word_1_743' title='bbox 1251 4568 1278 4623; x_wconf 91' lang='lat' dir='ltr'>id</span> <span class='ocrx_word' id='word_1_744' title='bbox 1291 4568 1379 4623; x_wconf 89' lang='lat' dir='ltr'>solum</span> <span class='ocrx_word' id='word_1_745' title='bbox 1396 4568 1485 4623; x_wconf 88' lang='lat' dir='ltr'>facere</span> <span class='ocrx_word' id='word_1_746' title='bbox 1512 4577 1610 4639; x_wconf 90' lang='lat' dir='ltr'>potest,</span> <span class='ocrx_word' id='word_1_747' title='bbox 1626 4568 1699 4638; x_wconf 92' lang='lat' dir='ltr'>quod</span> <span class='ocrx_word' id='word_1_748' title='bbox 1724 4582 1789 4622; x_wconf 88' lang='lat' dir='ltr'>curn</span> 
     </span>
     <span class='ocr_line' id='line_1_50' title="bbox 139 4650 1790 4728; baseline 0.003 -22"><span class='ocrx_word' id='word_1_749' title='bbox 139 4650 211 4708; x_wconf 87' lang='lat' dir='ltr'>sicut</span> <span class='ocrx_word' id='word_1_750' title='bbox 224 4653 425 4719; x_wconf 85' lang='lat' dir='ltr'>censuerimus,</span> <span class='ocrx_word' id='word_1_751' title='bbox 441 4653 524 4725; x_wconf 89' lang='lat' dir='ltr'>ipsius</span> <span class='ocrx_word' id='word_1_752' title='bbox 552 4654 637 4711; x_wconf 89' lang='lat' dir='ltr'>verba</span> <span class='ocrx_word' id='word_1_753' title='bbox 665 4653 792 4725; x_wconf 89' lang='lat' dir='ltr'>ponenda</span> <span class='ocrx_word' id='word_1_754' title='bbox 817 4660 889 4722; x_wconf 92' lang='lat' dir='ltr'>suut,</span> <span class='ocrx_word' id='word_1_755' title='bbox 906 4669 938 4708; x_wconf 90' lang='lat' dir='ltr'>ao</span> <span class='ocrx_word' id='word_1_756' title='bbox 991 4656 1081 4712; x_wconf 89' lang='lat' dir='ltr'>lacere</span> <span class='ocrx_word' id='word_1_757' title='bbox 1097 4672 1144 4710; x_wconf 92' lang='lat' dir='ltr'>seu</span> <span class='ocrx_word' id='word_1_758' title='bbox 1159 4656 1230 4712; x_wconf 87' lang='lat' dir='ltr'>velle</span> <span class='ocrx_word' id='word_1_759' title='bbox 1244 4657 1379 4723; x_wconf 89' lang='lat' dir='ltr'>convenit,</span> <span class='ocrx_word' id='word_1_760' title='bbox 1397 4655 1519 4728; x_wconf 89' lang='lat' dir='ltr'>profecto</span> <span class='ocrx_word' id='word_1_761' title='bbox 1533 4657 1560 4712; x_wconf 92' lang='lat' dir='ltr'>id</span> <span class='ocrx_word' id='word_1_762' title='bbox 1584 4659 1671 4712; x_wconf 88' lang='lat' dir='ltr'>solum</span> <span class='ocrx_word' id='word_1_763' title='bbox 1688 4657 1790 4724; x_wconf 88' lang='lat' dir='ltr'>facere,</span> 
     </span>
     <span class='ocr_line' id='line_1_51' title="bbox 135 4740 1789 4817; baseline 0.002 -20"><span class='ocrx_word' id='word_1_764' title='bbox 135 4746 197 4815; x_wconf 87' lang='lat' dir='ltr'>post</span> <span class='ocrx_word' id='word_1_765' title='bbox 212 4740 323 4797; x_wconf 78' lang='lat' dir='ltr'>falsitati</span> <span class='ocrx_word' id='word_1_766' title='bbox 338 4742 440 4798; x_wconf 87' lang='lat' dir='ltr'>veritas</span> <span class='ocrx_word' id='word_1_767' title='bbox 454 4743 628 4814; x_wconf 88' lang='lat' dir='ltr'>opponenda.</span> <span class='ocrx_word' id='word_1_768' title='bbox 990 4752 1073 4816; x_wconf 89' lang='lat' dir='ltr'>atque</span> <span class='ocrx_word' id='word_1_769' title='bbox 1086 4744 1156 4800; x_wconf 91' lang='lat' dir='ltr'>velle</span> <span class='ocrx_word' id='word_1_770' title='bbox 1169 4745 1257 4801; x_wconf 89' lang='lat' dir='ltr'>facere</span> <span class='ocrx_word' id='word_1_771' title='bbox 1272 4753 1370 4815; x_wconf 88' lang='lat' dir='ltr'>potest,</span> <span class='ocrx_word' id='word_1_772' title='bbox 1396 4745 1468 4817; x_wconf 93' lang='lat' dir='ltr'>quod</span> <span class='ocrx_word' id='word_1_773' title='bbox 1483 4746 1646 4817; x_wconf 80' lang='lat' dir='ltr'>quandoque</span> <span class='ocrx_word' id='word_1_774' title='bbox 1661 4745 1744 4811; x_wconf 87' lang='lat' dir='ltr'>facit;</span> <span class='ocrx_word' id='word_1_775' title='bbox 1762 4752 1789 4801; x_wconf 88' lang='lat' dir='ltr'>et</span> 
     </span>
    </p>

    <p class='ocr_par' dir='ltr' id='par_1_3' title="bbox 136 4832 1790 5271">
     <span class='ocr_line' id='line_1_52' title="bbox 173 4832 1787 4912; baseline -0.005 -17"><span class='ocrx_word' id='word_1_776' title='bbox 173 4841 222 4895; x_wconf 90' lang='lat' dir='ltr'>llis</span> <span class='ocrx_word' id='word_1_777' title='bbox 233 4840 324 4896; x_wconf 90' lang='lat' dir='ltr'>verbis</span> <span class='ocrx_word' id='word_1_778' title='bbox 338 4840 366 4895; x_wconf 91' lang='lat' dir='ltr'>in</span> <span class='ocrx_word' id='word_1_779' title='bbox 388 4840 539 4912; x_wconf 80' lang='lat' dir='ltr'>Theologia</span> <span class='ocrx_word' id='word_1_780' title='bbox 553 4858 609 4910; x_wconf 89' lang='lat' dir='ltr'>sua,</span> <span class='ocrx_word' id='word_1_781' title='bbox 626 4858 697 4898; x_wconf 80' lang='lat' dir='ltr'>verae</span> <span class='ocrx_word' id='word_1_782' title='bbox 716 4841 896 4912; x_wconf 87' lang='lat' dir='ltr'>simplicitatis</span> <span class='ocrx_word' id='word_1_783' title='bbox 906 4855 936 4895; x_wconf 93' lang='lat' dir='ltr'>ac</span> <span class='ocrx_word' id='word_1_784' title='bbox 990 4849 1024 4888; x_wconf 77' lang='lat'>00</span> <span class='ocrx_word' id='word_1_785' title='bbox 1040 4832 1120 4889; x_wconf 88' lang='lat' dir='ltr'>tttodo</span> <span class='ocrx_word' id='word_1_786' title='bbox 1135 4840 1249 4900; x_wconf 74' lang='lat' dir='ltr'>butum,</span> <span class='ocrx_word' id='word_1_787' title='bbox 1261 4842 1289 4888; x_wconf 88' lang='lat' dir='ltr'>et</span> <span class='ocrx_word' id='word_1_788' title='bbox 1304 4849 1338 4890; x_wconf 91' lang='lat' dir='ltr'>eo</span> <span class='ocrx_word' id='word_1_789' title='bbox 1354 4842 1475 4904; x_wconf 85' lang='lat' dir='ltr'>tempore</span> <span class='ocrx_word' id='word_1_790' title='bbox 1488 4833 1621 4902; x_wconf 89' lang='lat' dir='ltr'>similiter,</span> <span class='ocrx_word' id='word_1_791' title='bbox 1638 4850 1692 4903; x_wconf 92' lang='lat' dir='ltr'>quo</span> <span class='ocrx_word' id='word_1_792' title='bbox 1706 4833 1787 4901; x_wconf 84' lang='lat' dir='ltr'>faeit;</span> 
     </span>
     <span class='ocr_line' id='line_1_53' title="bbox 139 4921 1790 5004; baseline 0 -21"><span class='ocrx_word' id='word_1_793' title='bbox 139 4927 273 4999; x_wconf 82' lang='lat' dir='ltr'>simplicis</span> <span class='ocrx_word' id='word_1_794' title='bbox 285 4928 407 4986; x_wconf 84' lang='lat' dir='ltr'>veritatis</span> <span class='ocrx_word' id='word_1_795' title='bbox 422 4944 571 5002; x_wconf 84' lang='lat' dir='ltr'>oppressor</span> <span class='ocrx_word' id='word_1_796' title='bbox 590 4930 687 4986; x_wconf 84' lang='lat' dir='ltr'>insanit</span> <span class='ocrx_word' id='word_1_797' title='bbox 699 4949 705 4987; x_wconf 93' lang='lat'><strong>:</strong></span> <span class='ocrx_word' id='word_1_798' title='bbox 719 4932 851 5004; x_wconf 78' lang='lat' dir='ltr'>«siquod</span> <span class='ocrx_word' id='word_1_799' title='bbox 863 4929 934 4996; x_wconf 84' lang='lat' dir='ltr'>tacit,</span> <span class='ocrx_word' id='word_1_800' title='bbox 989 4921 1054 4995; x_wconf 82' lang='lat' dir='ltr'>qais</span> <span class='ocrx_word' id='word_1_801' title='bbox 1067 4922 1193 4978; x_wconf 79' lang='lat' dir='ltr'>videlicet</span> <span class='ocrx_word' id='word_1_802' title='bbox 1206 4938 1256 4977; x_wconf 82' lang='lat' dir='ltr'>nee</span> <span class='ocrx_word' id='word_1_803' title='bbox 1272 4922 1421 4979; x_wconf 81' lang='lat' dir='ltr'>attenedo</span> <span class='ocrx_word' id='word_1_804' title='bbox 1437 4938 1487 4979; x_wconf 86' lang='lat' dir='ltr'>nec</span> <span class='ocrx_word' id='word_1_805' title='bbox 1510 4922 1564 4978; x_wconf 83' lang='lat' dir='ltr'>alio</span> <span class='ocrx_word' id='word_1_806' title='bbox 1582 4932 1704 4994; x_wconf 85' lang='lat' dir='ltr'>tempore</span> <span class='ocrx_word' id='word_1_807' title='bbox 1721 4938 1790 4980; x_wconf 87' lang='lat' dir='ltr'>cuu-</span> 
     </span>
     <span class='ocr_line' id='line_1_54' title="bbox 138 5011 1787 5092; baseline 0.005 -21"><span class='ocrx_word' id='word_1_808' title='bbox 138 5015 235 5089; x_wconf 91' lang='lat' dir='ltr'>inquit,</span> <span class='ocrx_word' id='word_1_809' title='bbox 247 5018 329 5086; x_wconf 85' lang='lat' dir='ltr'>Deus,</span> <span class='ocrx_word' id='word_1_810' title='bbox 341 5036 401 5074; x_wconf 91' lang='lat' dir='ltr'>eum</span> <span class='ocrx_word' id='word_1_811' title='bbox 426 5019 517 5075; x_wconf 87' lang='lat' dir='ltr'>facere</span> <span class='ocrx_word' id='word_1_812' title='bbox 541 5028 659 5092; x_wconf 89' lang='lat' dir='ltr'>oportet,</span> <span class='ocrx_word' id='word_1_813' title='bbox 668 5020 769 5089; x_wconf 84' lang='lat' dir='ltr'>justum</span> <span class='ocrx_word' id='word_1_814' title='bbox 792 5019 935 5091; x_wconf 87' lang='lat' dir='ltr'>estutiqne</span> <span class='ocrx_word' id='word_1_815' title='bbox 990 5011 1072 5079; x_wconf 62' lang='lat' dir='ltr'>venii,</span> <span class='ocrx_word' id='word_1_816' title='bbox 1089 5011 1130 5065; x_wconf 66' lang='lat' dir='ltr'>Vel</span> <span class='ocrx_word' id='word_1_817' title='bbox 1145 5011 1198 5066; x_wconf 65' lang='lat'><strong>¹¹⁰⁰</strong></span> <span class='ocrx_word' id='word_1_818' title='bbox 1212 5027 1273 5065; x_wconf 62' lang='lat' dir='ltr'>eum</span> <span class='ocrx_word' id='word_1_819' title='bbox 1291 5011 1393 5078; x_wconf 89' lang='lat' dir='ltr'>faeere,</span> <span class='ocrx_word' id='word_1_820' title='bbox 1412 5011 1456 5066; x_wconf 70' lang='lat' dir='ltr'>Vel</span> <span class='ocrx_word' id='word_1_821' title='bbox 1478 5012 1548 5067; x_wconf 67' lang='lat' dir='ltr'>velle</span> <span class='ocrx_word' id='word_1_822' title='bbox 1567 5011 1646 5068; x_wconf 70' lang='lat' dir='ltr'>ellim</span> <span class='ocrx_word' id='word_1_823' title='bbox 1662 5013 1760 5067; x_wconf 66' lang='lat' dir='ltr'>facete·</span> <span class='ocrx_word' id='word_1_824' title='bbox 1775 5033 1787 5058; x_wconf 73' lang='grc' dir='ltr'><strong>ι</strong></span> 
     </span>
     <span class='ocr_line' id='line_1_55' title="bbox 136 5099 1788 5182; baseline -0.003 -21"><span class='ocrx_word' id='word_1_825' title='bbox 136 5104 263 5162; x_wconf 86' lang='lat' dir='ltr'>utfaciat</span> <span class='ocrx_word' id='word_1_826' title='bbox 291 5106 422 5178; x_wconf 92' lang='lat' dir='ltr'>quidquid</span> <span class='ocrx_word' id='word_1_827' title='bbox 450 5107 582 5167; x_wconf 73' lang='lat' dir='ltr'>incitant</span> <span class='ocrx_word' id='word_1_828' title='bbox 610 5109 669 5165; x_wconf 91' lang='lat' dir='ltr'>siue</span> <span class='ocrx_word' id='word_1_829' title='bbox 695 5109 789 5178; x_wconf 86' lang='lat' dir='ltr'>dubio,</span> <span class='ocrx_word' id='word_1_830' title='bbox 806 5108 935 5182; x_wconf 89' lang='lat' dir='ltr'>quidquid</span> <span class='ocrx_word' id='word_1_831' title='bbox 989 5100 1047 5155; x_wconf 90' lang='lat' dir='ltr'>lloc</span> <span class='ocrx_word' id='word_1_832' title='bbox 1061 5099 1188 5164; x_wconf 84' lang='lat' dir='ltr'>inculcat,</span> <span class='ocrx_word' id='word_1_833' title='bbox 1204 5101 1255 5155; x_wconf 89' lang='lat' dir='ltr'>boc</span> <span class='ocrx_word' id='word_1_834' title='bbox 1270 5100 1353 5173; x_wconf 84' lang='lat' dir='ltr'>longa</span> <span class='ocrx_word' id='word_1_835' title='bbox 1382 5100 1556 5156; x_wconf 87' lang='lat' dir='ltr'>verbositatis</span> <span class='ocrx_word' id='word_1_836' title='bbox 1585 5102 1788 5173; x_wconf 87' lang='lat' dir='ltr'>prosecutione,</span> 
     </span>
     <span class='ocr_line' id='line_1_56' title="bbox 137 5193 1789 5271; baseline 0.003 -22"><span class='ocrx_word' id='word_1_837' title='bbox 137 5194 227 5250; x_wconf 87' lang='lat' dir='ltr'>facere</span> <span class='ocrx_word' id='word_1_838' title='bbox 254 5193 344 5251; x_wconf 89' lang='lat' dir='ltr'>debet.</span> <span class='ocrx_word' id='word_1_839' title='bbox 361 5194 478 5264; x_wconf 85' lang='lat' dir='ltr'>Quodsi</span> <span class='ocrx_word' id='word_1_840' title='bbox 506 5197 597 5265; x_wconf 83' lang='lat' dir='ltr'>debet,</span> <span class='ocrx_word' id='word_1_841' title='bbox 613 5214 667 5254; x_wconf 89' lang='lat' dir='ltr'>non</span> <span class='ocrx_word' id='word_1_842' title='bbox 695 5208 783 5271; x_wconf 86' lang='lat' dir='ltr'>potest</span> <span class='ocrx_word' id='word_1_843' title='bbox 812 5197 936 5268; x_wconf 91' lang='lat' dir='ltr'>profecto</span> <span class='ocrx_word' id='word_1_844' title='bbox 988 5193 1043 5252; x_wconf 91' lang='lat' dir='ltr'>imo</span> <span class='ocrx_word' id='word_1_845' title='bbox 1058 5196 1213 5253; x_wconf 85' lang='lat' dir='ltr'>curiositate</span> <span class='ocrx_word' id='word_1_846' title='bbox 1228 5198 1399 5268; x_wconf 87' lang='lat' dir='ltr'>multiplicat.</span> <span class='ocrx_word' id='word_1_847' title='bbox 1420 5198 1474 5254; x_wconf 90' lang='lat' dir='ltr'>Sed</span> <span class='ocrx_word' id='word_1_848' title='bbox 1489 5199 1554 5270; x_wconf 87' lang='lat' dir='ltr'>quid</span> <span class='ocrx_word' id='word_1_849' title='bbox 1574 5199 1645 5271; x_wconf 83' lang='lat' dir='ltr'>agis,</span> <span class='ocrx_word' id='word_1_850' title='bbox 1660 5198 1789 5255; x_wconf 83' lang='lat' dir='ltr'>ointetix</span> 
     </span>
    </p>
   </div>
   <div class='ocr_carea' id='block_1_3' title="bbox 133 5289 1791 5667">
    <p class='ocr_par' dir='ltr' id='par_1_4' title="bbox 133 5289 1791 5667">
     <span class='ocr_line' id='line_1_57' title="bbox 136 5289 1790 5368; baseline 0.001 -22"><span class='ocrx_word' id='word_1_851' title='bbox 136 5289 271 5347; x_wconf 85' lang='lat' dir='ltr'>dimittere</span> <span class='ocrx_word' id='word_1_852' title='bbox 298 5291 365 5362; x_wconf 93' lang='lat' dir='ltr'>quin</span> <span class='ocrx_word' id='word_1_853' title='bbox 392 5293 484 5349; x_wconf 88' lang='lat' dir='ltr'>faciat.</span> <span class='ocrx_word' id='word_1_854' title='bbox 500 5294 588 5351; x_wconf 94' lang='lat' dir='ltr'>Omne</span> <span class='ocrx_word' id='word_1_855' title='bbox 615 5295 716 5368; x_wconf 88' lang='lat' dir='ltr'>quippe</span> <span class='ocrx_word' id='word_1_856' title='bbox 745 5293 817 5367; x_wconf 91' lang='lat' dir='ltr'>quod</span> <span class='ocrx_word' id='word_1_857' title='bbox 829 5294 934 5365; x_wconf 88' lang='lat' dir='ltr'>justum</span> <span class='ocrx_word' id='word_1_858' title='bbox 988 5292 1080 5346; x_wconf 85' lang='lat' dir='ltr'>enims</span> <span class='ocrx_word' id='word_1_859' title='bbox 1093 5293 1179 5348; x_wconf 78' lang='lat' dir='ltr'>meai</span> <span class='ocrx_word' id='word_1_860' title='bbox 1189 5295 1262 5365; x_wconf 85' lang='lat' dir='ltr'>Ergo</span> <span class='ocrx_word' id='word_1_861' title='bbox 1277 5292 1317 5347; x_wconf 91' lang='lat' dir='ltr'>sic</span> <span class='ocrx_word' id='word_1_862' title='bbox 1330 5291 1546 5362; x_wconf 87' lang='lat' dir='ltr'>intemperanter</span> <span class='ocrx_word' id='word_1_863' title='bbox 1560 5293 1718 5349; x_wconf 82' lang='lat' dir='ltr'>eraestuas‘?</span> <span class='ocrx_word' id='word_1_864' title='bbox 1734 5293 1790 5348; x_wconf 88' lang='lat' dir='ltr'>Cur</span> 
     </span>
     <span class='ocr_line' id='line_1_58' title="bbox 136 5386 1789 5469; baseline 0.002 -27"><span class='ocrx_word' id='word_1_865' title='bbox 136 5394 187 5455; x_wconf 87' lang='grc' dir='ltr'><strong>εει,</strong></span> <span class='ocrx_word' id='word_1_866' title='bbox 202 5386 331 5458; x_wconf 84' lang='lat' dir='ltr'>injustum</span> <span class='ocrx_word' id='word_1_867' title='bbox 345 5397 388 5447; x_wconf 89' lang='lat' dir='ltr'>est</span> <span class='ocrx_word' id='word_1_868' title='bbox 401 5389 509 5447; x_wconf 89' lang='lat' dir='ltr'>dimitti.</span> <span class='ocrx_word' id='word_1_869' title='bbox 525 5392 559 5448; x_wconf 87' lang='lat' dir='ltr'>Et</span> <span class='ocrx_word' id='word_1_870' title='bbox 573 5392 697 5465; x_wconf 88' lang='lat' dir='ltr'>quisquis</span> <span class='ocrx_word' id='word_1_871' title='bbox 711 5392 762 5449; x_wconf 90' lang='lat' dir='ltr'>boe</span> <span class='ocrx_word' id='word_1_872' title='bbox 789 5408 843 5469; x_wconf 83' lang='lat' dir='ltr'>non</span> <span class='ocrx_word' id='word_1_873' title='bbox 858 5393 933 5460; x_wconf 88' lang='lat' dir='ltr'>facit,</span> <span class='ocrx_word' id='word_1_874' title='bbox 989 5390 1113 5447; x_wconf 88' lang='lat' dir='ltr'>lectionis</span> <span class='ocrx_word' id='word_1_875' title='bbox 1127 5390 1296 5448; x_wconf 79' lang='lat' dir='ltr'>siccationis</span> <span class='ocrx_word' id='word_1_876' title='bbox 1317 5399 1440 5462; x_wconf 89' lang='lat' dir='ltr'>tempore</span> <span class='ocrx_word' id='word_1_877' title='bbox 1454 5391 1544 5463; x_wconf 90' lang='lat' dir='ltr'>perdis</span> <span class='ocrx_word' id='word_1_878' title='bbox 1554 5393 1568 5446; x_wconf 84' lang='lat' dir='ltr'>‘l</span> <span class='ocrx_word' id='word_1_879' title='bbox 1578 5391 1633 5447; x_wconf 89' lang='lat' dir='ltr'>Cur</span> <span class='ocrx_word' id='word_1_880' title='bbox 1648 5391 1712 5446; x_wconf 88' lang='lat' dir='ltr'>talia</span> <span class='ocrx_word' id='word_1_881' title='bbox 1727 5406 1789 5446; x_wconf 91' lang='lat' dir='ltr'>me·</span> 
     </span>
     <span class='ocr_line' id='line_1_59' title="bbox 135 5485 1788 5564; baseline 0.002 -23"><span class='ocrx_word' id='word_1_882' title='bbox 135 5485 208 5557; x_wconf 90' lang='lat' dir='ltr'>qaod</span> <span class='ocrx_word' id='word_1_883' title='bbox 235 5488 306 5545; x_wconf 90' lang='lat' dir='ltr'>ratio</span> <span class='ocrx_word' id='word_1_884' title='bbox 331 5488 424 5564; x_wconf 82' lang='lat' dir='ltr'>erigit,</span> <span class='ocrx_word' id='word_1_885' title='bbox 440 5506 519 5563; x_wconf 83' lang='lat' dir='ltr'>oeqoe</span> <span class='ocrx_word' id='word_1_886' title='bbox 546 5490 773 5564; x_wconf 68' lang='lat' dir='ltr'>relinquissent</span> <span class='ocrx_word' id='word_1_887' title='bbox 801 5490 829 5548; x_wconf 90' lang='lat' dir='ltr'>id</span> <span class='ocrx_word' id='word_1_888' title='bbox 856 5491 936 5548; x_wconf 87' lang='lat' dir='ltr'>faciat</span> <span class='ocrx_word' id='word_1_889' title='bbox 987 5488 1099 5546; x_wconf 87' lang='lat' dir='ltr'>ditando</span> <span class='ocrx_word' id='word_1_890' title='bbox 1129 5488 1274 5546; x_wconf 78' lang='lat' dir='ltr'>nbescisr</span> <span class='ocrx_word' id='word_1_891' title='bbox 1299 5488 1353 5545; x_wconf 87' lang='lat' dir='ltr'>Cur</span> <span class='ocrx_word' id='word_1_892' title='bbox 1376 5490 1645 5562; x_wconf 87' lang='lat' dir='ltr'>quantulumcunque</span> <span class='ocrx_word' id='word_1_893' title='bbox 1671 5504 1788 5545; x_wconf 85' lang='lat' dir='ltr'>acumen</span> 
     </span>
     <span class='ocr_line' id='line_1_60' title="bbox 133 5582 1791 5667; baseline 0.002 -28"><span class='ocrx_word' id='word_1_894' title='bbox 133 5582 207 5659; x_wconf 88' lang='lat' dir='ltr'>qnod</span> <span class='ocrx_word' id='word_1_895' title='bbox 220 5586 320 5645; x_wconf 85' lang='lat' dir='ltr'>rationi</span> <span class='ocrx_word' id='word_1_896' title='bbox 348 5586 460 5645; x_wconf 87' lang='lat' dir='ltr'>minime</span> <span class='ocrx_word' id='word_1_897' title='bbox 488 5588 723 5646; x_wconf 66' lang='lat' dir='ltr'>concordabant</span> <span class='ocrx_word' id='word_1_898' title='bbox 747 5588 831 5662; x_wconf 82' lang='lat' dir='ltr'>paulo</span> <span class='ocrx_word' id='word_1_899' title='bbox 853 5594 932 5662; x_wconf 84' lang='lat' dir='ltr'>post:</span> <span class='ocrx_word' id='word_1_900' title='bbox 987 5586 1224 5667; x_wconf 76' lang='lat' dir='ltr'>inganiirelctad</span> <span class='ocrx_word' id='word_1_901' title='bbox 1238 5602 1335 5646; x_wconf 84' lang='lat' dir='ltr'>saxum</span> <span class='ocrx_word' id='word_1_902' title='bbox 1359 5588 1464 5647; x_wconf 89' lang='lat' dir='ltr'>elidens</span> <span class='ocrx_word' id='word_1_903' title='bbox 1490 5602 1664 5663; x_wconf 73' lang='lat' dir='ltr'>gmssesccre</span> <span class='ocrx_word' id='word_1_904' title='bbox 1692 5586 1791 5644; x_wconf 78' lang='lat' dir='ltr'>raaisr</span> 
     </span>
    </p>
   </div>
   <div class='ocr_carea' id='block_1_4' title="bbox 0 0 1868 6000">
    <p class='ocr_par' dir='ltr' id='par_1_5' title="bbox 0 0 1868 6000">
     <span class='ocr_line' id='line_1_61' title="bbox 0 0 1868 6000; baseline 0 0"><span class='ocrx_word' id='word_1_905' title='bbox 0 0 1868 6000; x_wconf 95' lang='lat' dir='ltr'> </span> 
     </span>
    </p>
   </div>
  </div>
 </body>
</html>
