3728 6000
57 263 116 320 tat
639 271 686 328 DC
704 269 949 330 sectantum.
966 305 1002 316 -
1014 276 1078 333 tta.
1098 278 1124 333 Ι.
1664 278 1719 340 758

63 393 131 449 uino
151 410 217 451 cum
236 394 266 451 in
288 411 388 465 corpus
406 396 509 454 Christi
528 402 690 464 mutantur,
704 399 865 454 accidentia
880 404 905 463 Α
922 402 1034 456 minoris
1057 403 1164 458 virtrtur
1185 418 1246 458 csse
1270 402 1402 469 miraculi,
1419 402 1443 458 si
1458 402 1484 458 id
1499 403 1570 475 qttud
1587 419 1620 458 ειι
1636 402 1719 458 nihilo

62 498 126 538 este
150 500 208 539 uon
234 485 387 546 desistent.
414 488 462 542 sed
484 490 581 544 omniu
606 490 758 545 remanent
774 503 860 559 :erpo
916 491 1071 547 condidisse
1089 495 1254 566 agnoscitur,
1268 492 1328 561 jam
1345 494 1483 548 conditum
1500 495 1525 545 iu
1542 493 1639 546 nehus
1669 508 1735 547 εε-7

61 573 151 644 punit
164 576 193 628 et
207 575 267 630 uini
281 575 441 631 substantia
457 592 516 632 esse
531 577 648 633 desinit.
917 577 971 634 leat
985 591 1161 635 commutare.
1174 581 1291 652 linquite
1307 581 1370 653 qtrid
1387 597 1411 636 er
1426 578 1714 648 postramanuu,

101 660 172 729 Quin
188 660 269 734 igitur
282 678 347 718 sune
361 665 513 734 expositum
528 670 580 730 est,
597 675 625 719 ut
641 665 694 720 sint
709 681 770 736 quae
785 668 863 720 crant
917 668 959 724 cni
978 666 1057 724 iacile
1072 670 1121 724 init
1135 669 1248 723 visibilia
1264 677 1291 724 ει
1303 669 1455 723 invisibilia
1485 669 1632 724 voluntatis
1659 669 1714 722 im-

63 750 218 805 scrnndum
241 751 376 806 visibilem
402 753 520 822 speciem
547 763 862 816 remanentemetmu·
918 762 994 827 perio
1019 757 1229 814 suscitate:cni
1256 758 1333 813 laeile
1362 756 1411 811 init
1437 758 1572 812 ltomincm
1600 760 1634 812 de
1661 757 1719 811 limi

62 841 317 894 tentursecttndum
334 841 490 897 interiorem
512 845 659 897 essentiam
681 842 862 911 ineffabiliter,
920 847 1032 901 ntateria
1049 844 1207 919 figuratum,
1225 848 1370 918 imaginem
1389 854 1470 900 ettam
1495 861 1551 900 sun
1573 845 1719 899 divinitatis

62 932 134 981 utet
150 925 281 982 invisibili
300 938 473 985 sacramento
489 946 551 986 seru
567 929 698 1002 probetur
712 932 863 987 elemento·
918 934 1051 1000 induere,
1074 951 1177 1003 corpus
1205 937 1352 991 humanum
1375 935 1514 991 conforme
1537 934 1645 1005 corpori
1665 950 1720 990 snae

60 1030 124 1069 rum
140 1017 245 1086 species
261 1033 322 1072 esse
347 1034 409 1089 quse
432 1018 528 1084 iuerat,
546 1027 573 1075 et
587 1019 701 1074 interius
715 1020 866 1076 substantia
918 1024 1051 1079 claritatis
1065 1025 1188 1080 reddere.
1207 1047 1219 1072 u

61 1118 159 1158 eornm
175 1105 273 1159 mutari
290 1106 316 1159 in
329 1107 426 1161 melius
449 1107 521 1179 quod
547 1108 619 1179 prius
643 1124 697 1163 non
722 1108 821 1176 iuerat,
837 1117 867 1164 ut
954 1115 1022 1167 Item
1038 1114 1207 1179 Augustinus
1226 1113 1252 1167 in
1279 1113 1399 1169 homiliis
1415 1116 1471 1180 (ati
1487 1129 1494 1169 :
1513 1136 1523 1161 ι
1542 1116 1610 1168 Ante
1625 1113 1717 1180 rerba,

57 1192 205 1248 videamus
219 1194 248 1248 B.
266 1194 443 1250 Ambrosium
467 1196 518 1250 sibi
541 1197 585 1252 vel
607 1196 668 1252 aliia
690 1199 790 1253 sanctis
811 1213 866 1254 nou
920 1204 1028 1272 otiando
1056 1200 1170 1257 offertur
1196 1203 1284 1274 panis,
1309 1203 1410 1258 dieitur
1425 1221 1432 1257 t
1449 1203 1494 1257 nbi
1517 1201 1600 1257 verba
1623 1201 1720 1257 Christi

61 1294 127 1336 csse
142 1284 320 1350 contrarium,
337 1284 419 1339 verba
433 1300 480 1339 sua
496 1285 523 1339 iu
539 1285 634 1341 ordine
650 1301 699 1341 suo
715 1302 860 1358 ponamus.
920 1290 1082 1361 deprompta
1105 1299 1189 1356 sunt,
1214 1291 1271 1361 jam
1295 1307 1348 1346 non
1371 1303 1412 1346 est
1435 1293 1529 1361 panis,
1555 1290 1602 1344 sed
1623 1306 1721 1359 corpus

59 1369 107 1423 dit
133 1372 206 1426 enim
230 1373 259 1427 in
285 1371 357 1428 libro
371 1372 411 1428 De
429 1374 609 1429 sacramentis
631 1374 689 1443 (lib.
719 1391 756 1444 tv,
772 1390 797 1432 c.
814 1379 864 1444 ll:
921 1380 1018 1435 Christi
1034 1380 1198 1451 appellatur.
1218 1402 1228 1429 r
1251 1379 1320 1450 Quia
1336 1380 1422 1435 sancti
1447 1380 1539 1433 dicunt
1563 1379 1634 1449 quod
1660 1381 1722 1450 post

65 1459 138 1514 «Tu
154 1459 225 1515 iotte
240 1459 422 1517 dicis:hlens
437 1475 475 1517 est
491 1463 569 1534 panis
584 1463 706 1519 usitatus.
723 1465 776 1520 Sed
790 1465 868 1536 punis
920 1469 1152 1524 consectationem
1188 1468 1244 1539 jam
1273 1484 1328 1522 non
1354 1476 1395 1523 εει
1422 1469 1518 1538 pranis,
1547 1468 1596 1522 sed
1623 1483 1721 1537 eorpus

57 1547 114 1604 iste
146 1549 225 1619 panis
253 1557 295 1605 est
323 1558 385 1605 ante
414 1550 497 1606 verba
526 1561 756 1608 sacramentorum
785 1572 791 1609 :
820 1553 867 1609 nbi
920 1557 1028 1622 Christi,
1046 1557 1112 1612 nihil
1127 1558 1240 1614 omnino
1254 1558 1288 1613 de
1303 1573 1373 1629 pane
1384 1557 1413 1610 in
1428 1561 1601 1612 sacramento
1616 1573 1717 1611 reman·

57 1638 209 1694 accesserit
234 1640 418 1706 consecratio,
434 1640 467 1695 dc
483 1655 554 1712 parte
579 1640 606 1696 ιιι
630 1658 727 1713 corpus
750 1642 862 1699 Christi.
920 1647 988 1701 sisse
1004 1646 1088 1718 aliqui
1113 1654 1269 1714 antumant;
1294 1645 1341 1701 sed
1362 1645 1435 1700 sicut
1462 1646 1539 1718 virga
1563 1653 1667 1699 mutata
1691 1645 1721 1700 in

57 1727 242 1783 consecratio
264 1728 347 1802 igitur
369 1729 468 1798 quibus
490 1729 581 1785 verbis
602 1735 654 1795 est,
671 1738 697 1785 et
711 1731 792 1801 cujus
805 1748 865 1786 ser·
880 1757 907 1818 B
922 1738 1085 1801 serpentem,
1099 1731 1157 1801 jam
1173 1747 1227 1787 non
1247 1730 1338 1802 virga,
1363 1731 1424 1795 sed,
1451 1746 1569 1799 serpeus
1593 1735 1720 1799 vocatur,

58 1815 215 1871 monibus?
242 1816 350 1873 Domini
376 1818 454 1873 lesu.
482 1819 555 1890 Ergo
580 1818 677 1874 Christi
701 1835 791 1875 sermo
815 1820 867 1877 hoc
923 1819 1045 1890 quamvis
1059 1820 1086 1873 in
1102 1827 1227 1891 serpente
1255 1835 1310 1874 non
1335 1819 1418 1891 virgae
1442 1818 1604 1885 substantia,
1620 1835 1653 1873 ex
1667 1835 1723 1890 qua

57 1903 172 1961 conficit
187 1920 297 1978 corpus.
319 1905 384 1977 Quis
399 1923 490 1963 sermo
506 1908 626 1963 Christi‘l
653 1909 759 1980 Nempe
773 1909 797 1964 is
812 1925 866 1981 qno
921 1909 1009 1964 iactus
1037 1913 1091 1974 est,
1120 1909 1168 1964 sed
1198 1915 1299 1963 tanturn
1327 1907 1415 1964 lutnta
1442 1907 1560 1979 periisse
1582 1908 1720 1978 oreditnr;

60 1992 136 2049 iacta
150 2002 213 2049 sunt
230 1996 337 2051 omnia.
362 1996 391 2053 Si
412 2012 480 2068 ergo
500 2004 572 2052 tanta
586 1998 628 2053 vis
642 2005 683 2052 est
697 2001 725 2053 ln
740 2013 866 2054 sermono
920 1996 957 2051 ita
972 1996 999 2052 in
1015 2004 1188 2053 sacramento
1211 1996 1288 2068 panis
1311 2012 1364 2051 non
1386 2004 1426 2051 εει
1452 1997 1538 2067 panis,
1556 1997 1680 2066 quamtis
1694 1996 1723 2050 in

58 2082 172 2138 Domini
196 2084 281 2150 lesu,
306 2095 335 2140 nt
358 2085 508 2157 inciperent
532 2101 590 2141 csse
612 2102 673 2158 qnae
696 2102 750 2141 non
775 2096 864 2156 erant,
921 2101 956 2142 eo
971 2101 1023 2141 non
1040 2085 1235 2157 iormapanis,
1258 2085 1305 2141 sed
1330 2085 1485 2140 substantia
1506 2086 1605 2139 mutari
1625 2086 1722 2140 creda·

60 2180 165 2243 quanto
189 2173 279 2245 magn
294 2174 466 2245 operatorius
481 2182 532 2244 est,
548 2182 578 2230 nt
592 2175 644 2229 sint
660 2191 720 2245 qnae
733 2180 820 2243 erant,
836 2185 865 2232 ει
921 2180 973 2230 tur.
992 2176 1043 2231 Cur
1059 2173 1129 2230 enim
1146 2174 1230 2241 Deus,
1245 2175 1291 2246 qui
1304 2180 1446 2245 utramque
1459 2189 1492 2229 ex
1508 2173 1593 2230 nihilo
1609 2175 1721 2242 creavit,

60 2260 205 2316 inmelius
222 2264 447 2318 commutentur?
467 2265 540 2336 Ergo
562 2271 591 2318 ut
613 2263 865 2334 tibirespondeam,
920 2280 975 2320 non
1004 2263 1089 2330 possit
1116 2279 1195 2334 aeqne
1223 2274 1327 2317 mutare
1352 2262 1542 2329 substantiam,
1568 2263 1612 2317 vel
1639 2264 1720 2317 etiam

59 2364 116 2404 non
131 2356 191 2404 erat
210 2364 316 2422 corpus
338 2350 438 2406 Christi
461 2360 523 2407 ante
547 2354 792 2420 consecrationem,
805 2362 868 2423 post
920 2351 954 2407 ad
978 2352 1092 2406 nihilum
1120 2350 1246 2424 redigere
1268 2351 1339 2407 sicut
1370 2360 1396 2407 ει
1425 2351 1569 2406 sormam?
1590 2351 1666 2407 Unde
1694 2354 1723 2406 et

61 2438 303 2496 consecrationem
327 2439 382 2511 jatn
407 2457 505 2513 corpus
529 2449 573 2496 est
593 2441 702 2496 Christi.
724 2443 785 2513 lpse
799 2442 867 2498 dixit
921 2441 951 2496 B.
966 2441 1122 2496 Ambrosius
1139 2458 1146 2495 :
1165 2463 1176 2490 r
1194 2440 1262 2497 Vide
1277 2439 1383 2510 quantis
1400 2439 1548 2513 generibus
1570 2447 1724 2510 potensest

65 2526 212 2583 etinctum
228 2535 281 2592 est,
297 2527 356 2600 ipse
368 2529 509 2584 mandavit
523 2538 549 2586 et
562 2538 681 2586 creatum
697 2539 746 2586 est.
762 2552 774 2580 a
921 2545 1012 2585 sermo
1038 2529 1139 2585 Christi
1163 2529 1293 2585 universa
1314 2537 1485 2598 convertere,
1502 2528 1564 2601 qnia
1577 2528 1622 2584 vel
1636 2529 1662 2583 in
1679 2528 1723 2584 di·

99 2615 177 2689 Ergo
190 2614 320 2686 didicisti,
336 2618 412 2689 qnod
427 2634 459 2673 ex
476 2633 547 2690 pane
568 2618 614 2675 fiat
635 2635 737 2691 corpus
753 2619 866 2686 Christi,
921 2635 1025 2675 versam
1045 2620 1170 2684 formam,
1196 2626 1227 2674 nt
1253 2618 1361 2690 virgam
1388 2617 1417 2673 in
1446 2626 1619 2688 serpentem
1636 2617 1679 2672 vel
1694 2617 1724 2673 in

64 2712 93 2761 et
107 2704 184 2778 quod
199 2704 291 2761 vinnm
307 2713 333 2760 et
344 2722 417 2777 aqna
441 2707 469 2761 in
494 2707 608 2764 calicem
629 2708 754 2778 mittitur,
770 2709 819 2765 sed
839 2708 868 2765 itt
921 2707 1058 2763 diversam
1073 2707 1199 2780 gloriam,
1224 2714 1254 2760 ut
1277 2706 1417 2762 hominem
1442 2705 1477 2761 de
1503 2705 1671 2761 mortalitate
1694 2704 1723 2760 in

62 2793 179 2867 sanguis
197 2795 402 2851 consecratione
416 2796 496 2851 verbi
512 2797 683 2853 coelestis.1n
697 2815 750 2870 quo
765 2805 866 2854 notan·
921 2795 1169 2866 immortalitatem;
1186 2796 1229 2851 vel
1250 2795 1279 2850 in
1304 2795 1441 2852 diversam
1469 2794 1664 2859 substantiam,
1693 2797 1723 2849 ut

65 2882 135 2940 dum
150 2892 190 2939 est
204 2884 234 2939 D.
251 2884 427 2939 Ambrosium
442 2887 644 2957 comparatione
669 2902 684 2941 a
708 2887 802 2957 majori
830 2887 867 2942 ita
920 2900 991 2956 pano
1003 2886 1031 2940 in
1045 2900 1146 2956 corpus
1161 2884 1279 2948 Christi;
1300 2884 1342 2941 uel
1358 2886 1387 2938 in
1399 2883 1473 2939 alind
1488 2900 1569 2955 qnam
1584 2883 1650 2951 sint,
1665 2882 1724 2940 sive

64 2987 160 3039 usum,
175 2971 439 3045 utquandoquidem
455 2974 527 3030 Deus
552 2974 587 3030 de
609 2974 695 3030 nihilo
720 2974 785 3030 iecit
799 2975 866 3030 snb·
920 2973 1017 3029 melius
1035 2975 1093 3030 sive
1117 2973 1198 3045 pejus
1222 2973 1315 3029 multis
1338 2973 1427 3029 modis
1450 2973 1520 3039 aliis,
1544 2972 1595 3028 eibi
1619 2982 1722 3029 uatum

62 3060 199 3117 stantiam
219 3069 244 3117 et
262 3058 387 3126 sormam,
403 3062 593 3136 multomagis
615 3062 703 3119 altera
726 3069 864 3129 manente,
921 3063 1048 3134 cognitis.
1067 3086 1078 3112 ι
1100 3063 1177 3119 Unde
1195 3062 1275 3118 divus
1290 3062 1461 3132 Augustinus
1478 3062 1505 3116 in
1522 3062 1591 3117 libro
1603 3061 1721 3118 Senten-

61 3150 92 3208 in
112 3149 212 3206 melius
237 3157 341 3206 mutare
369 3151 456 3222 possit
483 3151 609 3207 alteram.
642 3152 720 3209 Unde
743 3151 816 3208 idern
839 3152 866 3208 iu
882 3115 907 3181 C
921 3151 1025 3207 tiorum
1042 3151 1165 3222 Prosperi
1182 3166 1189 3206 :
1208 3174 1219 3199 ι
1236 3151 1294 3208 Νοε
1318 3159 1408 3207 eutem
1431 3149 1458 3204 in
1479 3150 1571 3221 specie
1594 3151 1671 3221 panis
1694 3159 1722 3206 et

62 3238 167 3296 eodem
186 3238 236 3294 lib.
261 3255 305 3309 tv,
326 3254 390 3309 cap.
413 3239 458 3295 5:
481 3242 668 3313 «Antequam
697 3249 868 3297 consecretur
919 3240 975 3296 vini
995 3257 1077 3313 quarn
1100 3240 1236 3309 videmus,
1257 3256 1301 3295 res
1323 3237 1483 3308 invisibiles,
1510 3238 1539 3292 id
1562 3246 1604 3293 est
1618 3239 1720 3294 Christi

59 3326 145 3401 panis
163 3330 223 3392 est;
250 3326 295 3383 ubi
325 3336 414 3383 eutem
442 3328 525 3384 rerba
552 3327 653 3384 Christi
682 3329 864 3398 accesserint,
919 3344 1033 3385 carnem
1061 3329 1225 3385 honoramus
1253 3336 1280 3383 et
1308 3326 1488 3399 sanguinem
1518 3342 1569 3382 nec
1597 3325 1721 3382 similiter

60 3423 217 3487 corputcst
234 3415 345 3472 Christi.
381 3417 415 3473 Et
430 3425 491 3472 aute
506 3417 589 3473 verba
607 3417 706 3474 Christi
728 3418 801 3474 calix
824 3427 866 3474 est
918 3418 1065 3487 pendimus
1093 3417 1142 3472 has
1166 3417 1234 3471 duas
1262 3415 1380 3487 species,
1404 3414 1632 3486 quemadmodum
1655 3421 1718 3471 unte

58 3505 126 3561 vino
141 3511 168 3560 et
182 3520 253 3576 aqna
267 3507 365 3576 plenus
382 3522 387 3558 :
405 3506 450 3561 ubi
466 3514 555 3562 autem
571 3506 655 3562 verba
670 3507 770 3564 Christi
794 3522 864 3578 ope·
918 3506 1148 3563 enumerationem
1159 3504 1355 3577 pendebamus,
1373 3519 1435 3561 cum
1450 3502 1568 3558 fideliter
1582 3503 1717 3558 fateamur

57 3601 121 3650 rata
139 3592 249 3660 luerint,
266 3593 302 3648 ibi
318 3594 430 3666 sanguis
446 3595 543 3651 Christi
559 3594 684 3665 efficitur,
697 3595 741 3668 qni
757 3595 863 3665 plebem
918 3603 983 3650 ante
1006 3594 1244 3650 consecrationem
1268 3607 1331 3649 esse
1354 3608 1452 3664 panem
1476 3599 1502 3647 et
1523 3592 1626 3658 vinum,
1642 3591 1717 3664 quod

58 3683 190 3739 redemit.
208 3706 221 3734 r·
246 3683 320 3754 Ergo
335 3683 398 3738 vide
413 3685 520 3755 quantis
538 3684 687 3756 generibus
710 3691 865 3755 potensest
917 3694 1013 3739 natura
1029 3682 1169 3748 formavit,
1185 3691 1247 3752 post
1261 3680 1491 3738 consecrationem
1515 3695 1581 3736 vero
1604 3695 1716 3737 carnem

57 3786 153 3827 sermo
183 3771 282 3829 Christi
311 3771 438 3827 universa
475 3781 647 3829 convertere.
681 3771 785 3828 Deinde
804 3774 863 3845 ipse
917 3771 1016 3828 Christi
1032 3781 1060 3827 et
1074 3772 1330 3842 sanguinemquod
1342 3769 1496 3826 benedictio
1510 3769 1713 3826 consecravit.»

55 3861 196 3918 Dominus
212 3861 289 3918 lesus
306 3860 469 3918 testificatur
483 3861 562 3917 nobis
577 3861 652 3935 qnod
668 3877 768 3934 corpus
784 3877 863 3917 suurn
916 3860 995 3931 Quod
1010 3859 1133 3930 quamvis
1147 3860 1211 3915 ideo
1225 3860 1305 3927 dicat,
1322 3859 1432 3929 nequis
1455 3866 1529 3930 putet
1554 3874 1603 3931 pro
1621 3874 1713 3914 renta-

55 3949 224 4022 accipiamns
252 3958 279 4006 et
309 3951 486 4022 sanguinem.
509 3950 640 4023 Nunquid
669 3951 800 4007 debemus
827 3951 861 4009 de
915 3954 998 4005 nante
1023 3949 1221 4006 elementorum
1241 3948 1342 4005 visibili
1367 3947 1460 4018 specie
1487 3947 1608 4018 ipsorum
1633 3947 1714 4002 etiam

55 4040 116 4111 ejus
132 4038 188 4095 lide
203 4046 230 4096 ει
244 4039 434 4096 testilicatione
450 4039 599 4096 dubitare?
915 4039 1104 4106 substantiam,
1133 4053 1194 4110 qnae
1217 4037 1277 4108 iam
1306 4051 1409 4108 corpus
1437 4035 1535 4092 Christi
1563 4035 1635 4092 lucta
1657 4041 1711 4108 est,

91 4130 163 4185 llem
180 4128 311 4184 Eusebius
326 4128 485 4184 Emissenus
501 4129 586 4201 (hom.
605 4131 676 4186 5De
692 4130 859 4202 Pascltate):
913 4128 1078 4184 remansisse
1102 4146 1108 4182 :
1131 4126 1272 4183 evidenter
1295 4133 1385 4181 tannen
1407 4125 1504 4180 astruit
1516 4132 1579 4182 ante
1602 4130 1629 4180 et
1650 4132 1713 4196 post

57 4219 150 4274 aNec
164 4217 270 4274 dubitat
297 4218 440 4288 qnisquam
464 4218 609 4289 primarias
631 4227 778 4287 creaturas,
794 4228 861 4276 nutu
912 4216 1148 4275 consecrationem
1170 4214 1280 4271 easdem
1304 4230 1366 4270 esse
1389 4213 1504 4285 species,
1519 4230 1587 4285 quas
1601 4221 1712 4285 propter

54 4305 196 4380 potentin,
214 4306 360 4377 praesentia
374 4306 524 4377 majestatis
538 4308 566 4361 in
582 4308 718 4363 Dominici
736 4309 860 4380 corporis
912 4307 1069 4363 substantiae
1083 4304 1260 4361 mutationem
1275 4312 1336 4360 ante
1350 4311 1452 4374 etpost
1465 4319 1519 4359 non
1533 4302 1659 4358 similiter
1678 4319 1709 4359 se

54 4395 175 4451 transire
189 4410 275 4466 posse
289 4402 427 4460 naturam,
440 4412 499 4451 cum
515 4395 604 4468 ipsum
619 4397 860 4453 hominemtideat
912 4396 978 4452 dicit
1004 4394 1133 4468 pendere.
1155 4391 1225 4463 Quia
1250 4400 1340 4448 ιειιιειι
1363 4406 1399 4446 ex
1420 4391 1487 4463 ipsis
1509 4390 1706 4446 elementorum

54 4481 172 4540 artificio
193 4482 387 4539 misericordiae
411 4483 517 4540 coelesti
543 4484 641 4539 Christi
665 4499 766 4557 corpus
790 4484 857 4542 elie·
871 4478 899 4540 D
914 4485 1067 4541 visibilibus
1096 4482 1242 4555 speciebus
1268 4488 1377 4537 erratur
1399 4496 1416 4534 tt
1438 4480 1537 4545 multis,
1561 4495 1620 4536 enm
1643 4480 1707 4535 satis

54 4581 143 4629 ctum.
168 4572 244 4628 Sicut
272 4580 364 4627 eutem
391 4572 546 4644 quicunque
572 4573 607 4627 ad
634 4569 716 4629 iidem
744 4574 858 4630 veniens
912 4582 1017 4630 constet
1037 4573 1110 4645 quod
1138 4573 1173 4627 de
1201 4586 1296 4627 eorum
1324 4568 1474 4625 substantia
1497 4582 1595 4640 corpus
1607 4569 1707 4625 Christi

55 4667 121 4716 ante
149 4660 235 4716 verbu
265 4659 391 4732 baptismi
421 4662 509 4717 adhuc
536 4661 564 4715 in
593 4661 701 4717 vinculo
720 4670 762 4718 est
779 4670 856 4719 vete-
912 4661 967 4730 liat,
984 4662 1057 4735 quia,
1072 4669 1101 4716 ut
1115 4659 1152 4716 nit
1165 4658 1348 4732 Augustinus,
1362 4672 1458 4730 corpus
1472 4657 1570 4715 Christi
1591 4666 1616 4714 et
1638 4674 1705 4713 san-

55 4748 96 4805 ris
114 4748 216 4815 debiti,
238 4748 365 4808 hisvero
392 4749 629 4812 commemoratis,
659 4766 723 4806 mox
750 4752 858 4808 eruitur
911 4752 973 4823 guis
988 4768 1022 4807 ex
1036 4748 1114 4822 penis
1135 4754 1162 4804 ει
1185 4747 1241 4804 vini
1265 4747 1415 4803 substantia
1437 4745 1562 4815 efficitur,
1584 4747 1619 4803 de
1642 4746 1708 4820 ipsis

55 4837 133 4894 omni
147 4838 216 4894 faece
234 4839 355 4910 peccati;
381 4838 418 4894 ita
441 4838 635 4896 benedicenda
658 4840 749 4895 verbis
769 4840 856 4897 curle—
910 4839 1054 4911 speciebus
1070 4837 1221 4895 videamus.

53 4925 144 4982 stibus
172 4936 321 4996 creaturae,
349 4927 433 4983 sacris
460 4928 591 4984 altaribus
618 4928 802 5000 imponuntur,
829 4937 857 4988 ct
946 4928 974 4985 si
989 4927 1061 4984 enim
1079 4926 1155 4998 panis
1169 4924 1282 4982 oninino
1297 4924 1337 4980 ita
1351 4932 1468 4981 mutetur
1480 4925 1509 4980 in
1520 4941 1621 4997 corpus
1632 4927 1708 4984 Chri-

53 5023 202 5086 antequum
225 5016 395 5072 invocatione
424 5017 522 5072 summi
544 5017 662 5073 nominis
690 5034 856 5075 consecren-
909 5017 952 5086 sti,
967 5025 997 5072 ut
1019 5016 1088 5071 nihil
1112 5032 1146 5072 ex
1170 5015 1230 5086 ipso
1250 5013 1366 5083 supersit
1390 5014 1433 5069 vel
1455 5024 1596 5087 appareat,
1612 5015 1708 5082 aut,si

54 5117 109 5176 tur,
132 5111 281 5166 substantia
303 5111 359 5167 illic
382 5120 422 5167 est
444 5112 523 5183 panis
545 5119 573 5169 el
593 5113 647 5169 vini
665 5133 671 5168 :
686 5122 748 5186 pust
770 5116 856 5172 verba
910 5116 983 5188 quod
1007 5122 1130 5186 apparet,
1147 5129 1199 5170 non
1216 5129 1324 5179 verum,
1349 5113 1398 5167 sed
1422 5115 1622 5185 phantasticum
1650 5114 1707 5182 liat,

52 5213 146 5263 autem
173 5208 290 5274 Christi,
319 5225 421 5278 corpus
457 5218 484 5265 et
519 5212 634 5284 sanguis
663 5220 703 5267 εει
740 5213 852 5269 Christi.
911 5214 1010 5270 rationi
1030 5213 1136 5268 videtur
1158 5210 1332 5268 contrarium.
1354 5211 1382 5266 Si
1411 5212 1483 5266 etnim
1514 5228 1582 5282 pane
1610 5220 1710 5269 mutato

54 5305 131 5374 Quid
165 5317 255 5363 autem
284 5310 381 5362 mitum
400 5316 458 5374 est,
480 5308 503 5362 si
521 5325 554 5364 ca
580 5325 642 5380 quae
668 5311 753 5380 potuit
774 5313 859 5368 verbo
914 5312 979 5366 nihil
991 5311 1098 5367 visibile
1111 5318 1313 5368 reservaretur.
1326 5310 1490 5364 minneretur
1502 5310 1561 5365 lidri
1575 5312 1709 5378 meritum,

54 5410 269 5472 creare,verbo
289 5410 375 5481 possit
394 5422 485 5467 creata
511 5409 696 5465 converteret
728 5409 785 5464 lmo
801 5408 859 5479 jam
914 5409 958 5466 rel
986 5425 1035 5480 pro
1062 5407 1181 5464 evidenti
1206 5409 1347 5472 miraculo,
1364 5407 1425 5476 qnia
1450 5408 1477 5463 iu
1506 5409 1713 5469 cottsccratious

55 5623 73 5669 ο
92 5534 150 5662 (2⁴7)
163 5538 211 5594 Est
224 5554 315 5596 termo
331 5539 367 5594 at
382 5537 548 5612 appendicis
562 5554 609 5611 op.
626 5537 654 5594 S.
672 5539 756 5611 hug..
772 5546 791 5594 t.
810 5539 841 5606 V,
858 5537 910 5595 col.
928 5541 989 5603 lbi,
1001 5536 1151 5610 exscriptus
1166 5551 1197 5592 et
1214 5534 1246 5592 S.
1264 5533 1396 5592 htnbrosii
1412 5534 1481 5592 ltbro
1496 5554 1512 5591 v
1529 5539 1567 5593 De
1583 5555 1711 5598 sacram..
