3728 6000
153 171 207 226 299

652 158 843 218 GUILLELlll
862 156 1006 214 ABBthS
1028 156 1057 213 S.
1077 156 1304 215 thronorum

1752 154 1805 211 300

155 292 204 348 tio.
221 291 282 345 Post
296 294 440 345 tractatum
455 285 538 360 igitur
550 287 654 341 sanctae
681 290 708 340 et
722 282 869 339 individuae
895 279 993 341 rii-A
1010 279 1119 336 hamata
1139 280 1282 353 chlamyde
1291 281 1429 338 colubrum
1441 285 1540 353 portat,
1563 294 1705 352 suumque
1725 294 1804 351 supe·

155 379 257 446 uitatis,
274 378 302 434 iii
316 394 372 450 qua
395 390 499 432 summa
518 383 611 430 nostra
625 372 765 430 beatitudo
776 380 824 439 cst,
833 369 951 444 qualiter

157 469 192 525 de
206 466 391 524 incarnatione
409 463 493 522 divini
508 463 595 520 Verbi
609 463 707 518 Petrus
732 460 840 528 sentiat,
868 458 953 531 ipsius

158 557 249 613 veihis
274 557 397 628 aperiam
413 572 419 609 :
435 569 581 626 perquam
610 551 707 620 solam,
736 549 953 606 incarnationem

159 644 258 701 Christi
270 643 343 711 dieo,
360 642 527 700 reconciliati
542 641 569 696 in
598 639 729 714 sanguine
752 637 812 693 Filii
831 636 890 705 Dei,
905 651 954 692 ac·

160 748 267 790 cessum
282 733 414 789 habemus
441 732 477 787 ad
491 731 598 786 Patrem
613 744 703 796 suum,
718 736 745 784 et
768 728 873 782 Patrem
900 740 953 780 no·

160 830 258 886 strum,
275 824 303 878 et
318 822 423 878 Patrem
437 818 580 875 luminum.
596 818 637 874 De
651 834 683 874 oa
697 816 725 872 in
740 814 890 888 Theologia
905 827 956 868 sua

161 910 201 968 sic
219 910 277 984 agit
295 926 345 982 per
377 910 435 965 haec
451 909 548 964 eadem
562 906 644 964 verba
669 923 675 961 :
707 905 834 971 «Homo,
859 901 955 974 inquit,

161 1016 208 1056 res
223 1015 369 1071 corporea,
384 1007 411 1055 et
424 997 556 1054 memhris
569 994 720 1068 composita
743 1002 784 1049 est
808 998 836 1049 et
863 992 957 1047 disso-

161 1087 254 1144 lubilis
281 1095 329 1143 est.
356 1088 429 1143 Deus
452 1103 517 1143 reru
544 1101 595 1142 uec
623 1098 757 1156 corporea
782 1098 825 1137 res
839 1087 888 1149 est,
905 1094 957 1134 nee

162 1176 293 1233 memhris
309 1179 423 1245 constat,
440 1180 470 1231 ut
485 1173 598 1231 dissolri
621 1172 720 1244 possit.
739 1173 811 1227 Deus
823 1184 891 1242 ergo
905 1181 957 1225 nee

163 1267 255 1337 homo,
280 1281 331 1322 nec
364 1280 428 1322 caro
457 1263 567 1337 propria
595 1256 958 1328 dicendnsest.hlicquiuet

163 1357 246 1410 honio
261 1371 276 1410 e
291 1368 424 1411 converso
439 1353 548 1424 proprie
559 1352 632 1406 Deus
646 1357 719 1406 esset
731 1347 871 1404 dicendus.
881 1344 958 1402 Unde

164 1443 267 1516 aliquid
281 1451 416 1508 creatum,
432 1441 476 1500 rel
491 1441 563 1514 quod
578 1454 633 1496 non
646 1453 754 1509 semper
768 1436 826 1504 luit,
847 1433 959 1491 concedi

164 1540 303 1604 oporteret
317 1532 405 1587 Deum
427 1547 497 1599 esse,
519 1546 580 1586 cum
595 1527 721 1583 videlicet
740 1530 856 1591 constet,
872 1523 963 1578 horni-

1005 369 1062 424 rius
1076 387 1141 426 usus
1155 378 1206 440 est,
1225 370 1358 443 «proprie
1375 395 1386 421 a
1402 387 1457 426 nou
1467 370 1653 435 obliviscitum
1670 385 1720 442 per
1730 376 1804 441 quod

1006 459 1138 514 cisternas
1149 460 1210 529 lias,
1227 459 1255 514 iri
1269 460 1370 532 quibus
1380 476 1550 531 unusquam,
1565 460 1614 516 sed
1620 459 1707 516 solum
1716 457 1802 515 lutum

1007 557 1059 616 est,
1074 548 1175 619 aperiat
1192 563 1199 618 ;
1215 554 1243 604 et
1257 548 1284 602 in
1300 566 1368 621 quas
1380 551 1459 605 stulta
1479 565 1511 605 ac
1525 549 1604 604 deria
1619 550 1718 606 cadant
1742 548 1803 605 ani-

1008 636 1099 705 nialia,
1111 644 1138 693 et
1152 639 1314 693 moriautur.
1331 639 1396 695 llaec
1410 637 1544 709 siquidem
1571 637 1610 694 illi
1637 638 1803 695 consuetudo

1010 734 1061 794 est,
1091 733 1120 783 ut
1134 727 1161 783 in
1172 728 1355 800 propositione
1368 728 1471 800 aliquid
1488 729 1561 800 quod
1576 744 1675 785 norum
1690 736 1716 783 et
1731 726 1805 784 velut

1010 820 1119 873 acutum
1147 817 1194 885 sit,
1209 824 1328 889 apponat
1344 836 1352 884 ς
1368 833 1421 890 quo
1434 832 1577 887 concesso,
1591 817 1664 873 velut
1688 816 1804 872 admira·

1011 904 1075 962 bilis
1097 913 1124 960 et
1138 905 1358 978 incomparabilis
1380 906 1478 962 artilex
1504 905 1700 963 ecclesiasticae
1727 907 1805 963 locu·

1012 994 1095 1050 tionis
1117 1011 1196 1050 usum
1211 994 1340 1050 destruat.
1363 994 1438 1052 Sicut
1452 995 1524 1052 euim
1548 994 1684 1066 superiori
1711 995 1807 1067 dispu-

1015 1086 1115 1141 tatione
1142 1101 1192 1156 per
1219 1085 1300 1141 hoci
1322 1085 1434 1156 proprie
1451 1107 1462 1134 i
1480 1085 1702 1156 omnipotentiam
1726 1085 1807 1153 Patri,

1015 1173 1173 1246 sapientiam
1191 1172 1266 1241 Filio,
1281 1172 1478 1246 benignitatem
1493 1173 1608 1245 Spiritui
1618 1182 1712 1232 saneto
1725 1176 1811 1232 ascri-

1016 1263 1066 1332 bit,
1081 1269 1111 1318 ut
1124 1278 1172 1334 per
1186 1263 1246 1318 liaec
1257 1261 1402 1328 vocabula,
1418 1278 1479 1334 quae
1493 1263 1529 1317 ibi
1539 1262 1729 1319 substantialia
1738 1273 1810 1332 aunt,

1018 1366 1195 1425 personarum
1210 1350 1293 1408 faciat
1307 1350 1518 1416 distinctionem,
1534 1351 1609 1423 quod
1626 1352 1737 1409 minime
1752 1353 1812 1410 lieri

1017 1449 1125 1514 potest:
1143 1440 1183 1496 sic
1197 1448 1226 1496 et
1238 1439 1293 1509 hic,
1317 1456 1380 1496 cum
1396 1438 1471 1509 dicit,
1487 1441 1568 1495 homc
1579 1457 1633 1497 non
1647 1450 1687 1497 est
1702 1443 1812 1514 proprie

1017 1531 1090 1586 Dens
1103 1529 1245 1593 dicendus,
1259 1529 1389 1600 quiajam
1401 1546 1416 1585 e
1431 1545 1563 1587 converso
1577 1530 1687 1601 proprio
1701 1530 1811 1588 dicere-

166 1638 228 1678 nem
244 1629 395 1677 creaturam
412 1637 482 1687 esse,
494 1618 686 1689 alquehabere
701 1616 819 1670 initium.
841 1637 853 1662 ι
976 1628 1059 1700 Btur
1071 1620 1143 1675 Deus
1154 1618 1247 1684 homo,
1267 1617 1393 1689 laqueum
1409 1626 1495 1688 parat,
1514 1635 1595 1690 quem
1623 1619 1717 1676 fraude
1744 1636 1813 1676 ccu-

201 1710 396 1766 Prolitetuihic
412 1725 460 1765 ore
475 1708 599 1781 prolhno,
628 1705 797 1762 Nestoiianae
824 1705 962 1759 haereseos
1018 1709 1100 1780 tegit.
1120 1708 1231 1762 videtur
1242 1723 1359 1778 namque
1378 1723 1489 1764 servare
1519 1713 1672 1764 naturarum
1686 1711 1814 1781 proprie-

166 1799 307 1856 inrnlutns
335 1813 437 1861 errore,
461 1797 533 1869 quod
548 1798 626 1852 Jesus
654 1793 785 1859 Christus,
815 1789 964 1847 secundum
1017 1803 1114 1866 tatem,
1126 1797 1198 1869 quod
1214 1796 1315 1851 bonum
1330 1804 1367 1851 est
1381 1795 1462 1870 3quia
1475 1812 1528 1852 nea
1539 1796 1702 1855 dictumst„
1717 1800 1812 1856 huma.

166 1889 239 1960 quod
254 1889 336 1944 homo
352 1896 404 1952 est,
417 1903 472 1941 non
485 1893 526 1942 est
545 1885 573 1940 in
590 1883 720 1939 Trinitatis
743 1895 861 1954 persona
877 1893 884 1949 ;
900 1879 964 1951 (111111
1017 1886 1138 1954 uitatem,
1168 1902 1219 1942 nec
1244 1885 1399 1940 humanitas
1426 1902 1506 1941 versa
1519 1890 1561 1942 est
1579 1886 1607 1941 iu
1630 1887 1811 1945 divinitatem.

163 1979 220 2050 jain
236 1975 338 2048 aliquid
353 1982 484 2041 creatum,
501 1974 543 2029 rel
552 1973 626 2044 quod
641 1988 696 2028 non
711 1987 820 2042 semper
830 1969 888 2036 fuit,
896 1983 964 2025 0011‘
1018 1975 1072 2034 Sed
1081 1992 1139 2044 eos,
1151 1975 1374 2045 puiilluminatos
1382 1975 1473 2030 cordis
1481 1974 1575 2031 oculos
1582 1977 1683 2032 hahent
1699 1978 1812 2044 lumine,

166 2065 225 2123 cedi
248 2073 386 2136 oporteret
407 2080 469 2120 esse
480 2064 566 2119 Deum
586 2077 671 2132 ;cum
699 2067 804 2117 constet
826 2057 964 2113 hominem
1018 2065 1046 2121 in
1061 2079 1114 2137 quo
1129 2064 1234 2118 videtur
1249 2064 1340 2119 lumen
1350 2081 1356 2118 :
1368 2063 1424 2135 (qui
1439 2063 1514 2119 euim
1530 2065 1627 2120 Filium
1643 2065 1726 2130 videt,
1742 2067 1816 2123 ridet

166 2162 317 2211 creaturam
333 2170 403 2220 esse,
420 2160 446 2208 ct
472 2152 574 2207 hahere
595 2150 714 2205 initium.
733 2148 867 2203 Abhorret
885 2160 963 2218 ergo,
1019 2161 1045 2209 er
1071 2154 1189 2221 Patrem)
1213 2168 1267 2208 non
1298 2152 1375 2208 lallit.
1390 2153 1490 2208 Nititur
1502 2153 1614 2209 enimad
1625 2156 1687 2222 hoc,
1714 2162 1743 2211 ut
1766 2173 1816 2228 per

165 2244 305 2300 hominem
332 2243 405 2303 illum
435 2243 608 2306 Deumesse,
640 2239 687 2310 qui
703 2245 826 2293 1111111111
854 2243 905 2303 0⁵¹,
940 2240 967 2288 0¹
1019 2258 1096 2297 suum
1119 2264 1130 2289 ι
1152 2242 1260 2312 propria
1280 2261 1292 2292 i
1309 2242 1462 2310 concludat,
1493 2242 1556 2315 quia
1587 2244 1706 2300 Christus
1733 2246 1815 2302 iesus

166 2332 249 2388 habet
258 2332 376 2386 initium.
399 2331 471 2386 Nam
493 2330 516 2385 si
543 2329 571 2383 iu
593 2328 725 2383 Trinitate
750 2341 805 2381 non
824 2329 874 2388 est,
891 2324 965 2379 Deus
1019 2330 1166 2387 secundum
1196 2330 1268 2401 quod
1290 2331 1372 2386 homo
1387 2340 1438 2399 ρει,
1462 2331 1489 2387 in
1518 2332 1648 2390 Trinjpape
1676 2350 1730 2391 non
1759 2335 1814 2390 gp:

165 2437 222 2476 non
237 2428 288 2475 est.
305 2420 379 2474 Sicut
391 2419 465 2473 anim
477 2416 609 2489 quidquid
622 2423 667 2471 est
679 2415 705 2468 in
733 2412 874 2480 Trinitatis,
890 2413 965 2466 Deus
1018 2420 1093 2492 quoii
1120 2435 1180 2474 esse
1204 2418 1381 2475 salsissimum
1397 2437 1514 2493 sequeus
1541 2438 1636 2479 sermo
1655 2422 1815 2481 declarabit.

166 2508 302 2580 0⁵¹2⁴l¹1⁰d
317 2507 383 2562 1111111
399 2514 440 2562 151
457 2506 529 2560 iliud
544 2505 650 2571 1111111,
662 2517 743 2575 quim
758 2502 846 2557 Deum
869 2500 964 2555 Τ11111·
1018 2510 1078 2565 Non
1101 2508 1208 2565 nescius
1236 2523 1305 2577 sum,
1333 2518 1461 2580 quantum
1477 2511 1565 2580 aliter,
1581 2512 1642 2583 quia
1667 2514 1815 2584 sapienter,

166 2605 249 2654 talem
265 2612 335 2663 esse,
354 2596 398 2650 rel
412 2595 569 2650 Trinitatem
584 2593 670 2648 Deum
686 2608 747 2647 esse
765 2608 771 2655 ;
788 2588 965 2662 sicquidquid
1018 2600 1070 2653 hoc
1083 2596 1217 2653 vocabulo
1235 2621 1245 2645 a·
1262 2599 1371 2668 proprie
1389 2622 1400 2647 ι
1417 2598 1513 2655 heatus
1527 2608 1618 2656 utatur
1644 2602 1817 2674 Augustinus

166 2686 332 2741 1111111111111
350 2691 468 2752 nonest,
486 2684 626 2738 9111511011
642 2688 693 2737 851·
713 2704 724 2727 “
740 2682 932 2746 111151119111»
950 2696 963 2729 1
1018 2686 1174 2742 intractata
1190 2687 1230 2741 lle
1244 2687 1382 2742 Trinitate.
1399 2689 1566 2744 Duodecimn
1581 2691 1652 2744 enim
1680 2691 1750 2747 libro
1776 2693 1818 2748 sic

166 2783 196 2831 ut
211 2773 508 2845 ii905101115lllaefflfflb
528 2794 538 2818 ¹⁴
557 2771 629 2826 Deus
646 2792 658 2820 1
675 2770 764 2836 pileis
784 2781 965 2839 11111111100111·
1019 2777 1103 2833 dicit:
1119 2798 1129 2825 i
1147 2776 1221 2831 Sicut
1235 2792 1301 2849 ergo
1312 2778 1420 2834 unicum
1438 2779 1486 2834 Dei
1502 2780 1620 2834 Verbum
1631 2781 1743 2853 proprie
1762 2798 1815 2838 vo-

167 2864 214 2920 nit
231 2878 238 2932 ;
253 2886 264 2912 a
281 2869 308 2918 el
322 2878 391 2917 unus
401 2862 534 2916 Dominus
547 2861 627 2916 lesus
644 2858 774 2924 Christus.
791 2880 802 2907 1
818 2871 966 2928 perquem
1019 2865 1234 2922 eamusnomiue
1249 2866 1400 2937 sapientire,
1430 2882 1492 2923 cum
1517 2868 1551 2923 sit
1570 2868 1761 2927 uniuersaliter
1789 2881 1817 2927 et

167 2950 258 3009 01111111
273 2952 298 3016 (Ι
311 2950 372 3008 Cor·
387 2951 460 3021 11111);
475 2970 487 3001 1
504 2957 531 3005 11
544 2965 613 3004 1111118
634 2946 897 3019 5911111531111111111
922 2942 966 2999 di·
1020 2955 1136 3026 Spiritus
1146 2961 1256 3010 sanctus
1270 2961 1296 3009 et
1311 2955 1454 3026 Pateripse
1466 2957 1621 3028 sapientia;
1638 2960 1675 3014 ita
1699 2959 1817 3032 Spiritus

168 3032 967 3113 ridenssiugulisproutvult(liommi),»spiransuhivult,
1022 3043 1130 3116 proprie
1154 3051 1326 3114 nuncupatur
1364 3043 1496 3101 vocabulo
1531 3047 1670 3103 chgrjgags
1694 3063 1756 3105 gum
1784 3050 1819 3105 si,

167 3127 631 3187 introducenssanetosiuomuem
650 3125 803 3194 veritatem,
831 3121 968 3194 quomodo
1023 3132 1235 3188 pareretFiljus
1254 3133 1443 3190 universaliter
1469 3135 1731 3207 chffl41a3,.ngm
1759 3141 1817 3195 cir.

168 3219 302 3279 1111113111
317 3225 423 3274 1811111
438 3215 613 3283 3111101111,
628 3211 799 3278 1111110111Πῆ
814 3210 969 3280 invisibills»
1022 3231 1176 3294 cumspecte
1201 3221 1251 3276 ista
1277 3222 1453 3295 Augustinus
1467 3223 1532 3280 dicit
1552 3224 1709 3283 lVaraciter
1728 3229 1819 3285 dicere

168 3310 246 3366 solus
271 3308 355 3374 Deus,
380 3307 434 3364 vila
460 3315 572 3362 aetcrna.
604 3302 737 3375 Quisquis
752 3300 854 3373 aliquid
869 3307 970 3372 praeter

167 3399 242 3454 hunc
257 3395 374 3454 colitvcl
389 3397 495 3463 adorat,
522 3410 554 3450 eo
579 3394 663 3460 cultu,
692 3390 737 3463 qui
765 3390 837 3463 apud
860 3389 970 3446 Graecos

170 3496 249 3553 latria
265 3483 396 3570 thespiis)
411 3494 520 3559 dicitur,
536 3491 680 3547 idololatra
688 3496 739 3553 est,
756 3488 878 3544 serviens
892 3501 970 3543 crea·

172 3594 239 3642 turae
254 3587 346 3656 potius
361 3599 441 3653 quarn
458 3581 589 3644 Creatori,
613 3580 661 3652 qui
689 3585 729 3633 est
754 3576 913 3631 benedictus
941 3577 971 3629 iu

1023 3319 1112 3383 potest
1141 3325 1203 3367 cuni
1231 3311 1361 3382 itpostolo
1378 3330 1385 3367 :
1401 3313 1469 3368 Nam
1485 3336 1496 3363 i
1514 3330 1587 3370 arma
1603 3315 1706 3371 militia
1719 3328 1820 3375 nostrae

1024 3416 1078 3455 uon
1093 3399 1284 3467 carnalia,sed
1305 3402 1424 3470 potentia
1450 3402 1518 3470 Deo,
1547 3405 1582 3459 ad
1607 3404 1821 3463 destructionem

1024 3489 1218 3553 munitionum,
1248 3496 1275 3544 et
1288 3505 1396 3545 omnem
1407 3490 1574 3548 altitudinem
1600 3495 1774 3551 extollentem
1790 3513 1821 3553 se

1026 3578 1158 3633 adversus
1173 3577 1317 3633 scientiam
1332 3579 1381 3635 Dei
1397 3579 1434 3648 tll
1448 3582 1509 3637 Cor.
1523 3583 1559 3652 ir).
1579 3605 1590 3631 i
1608 3584 1673 3638 Cum
1689 3584 1760 3640 euim
1776 3586 1821 3641 di-

173 3674 284 3730 saecula.
302 3673 331 3729 Si
346 3672 431 3741 igitur
444 3671 541 3725 Petrus
557 3676 640 3724 totum
667 3665 803 3723 Christum
827 3664 934 3731 adorat,
944 3662 972 3718 id

172 3771 222 3828 est,
234 3769 260 3817 et
275 3760 424 3817 secundum
440 3758 514 3830 quod
530 3758 610 3811 homo
624 3760 673 3823 est,
686 3762 712 3809 et
726 3754 876 3808 secundum
899 3752 971 3823 quod
1026 3757 1086 3828 prie
1097 3756 1225 3827 Spiritum
1240 3766 1364 3813 sanctum
1380 3759 1543 3828 nuncupari,
1571 3777 1605 3815 ne
1620 3778 1670 3832 per
1681 3762 1708 3816 iil
1722 3762 1823 3818 distin-

172 3852 246 3907 01111
275 3858 315 3905 151
331 3846 557 3919 ἱ11111116111111115ι
578 3859 658 3915 (luem
685 3845 777 3898 Pelius
803 3841 856 3896 Sibi
883 3840 973 3914 fingit,
1027 3848 1144 3901 ctionem
1184 3861 1366 3917 personarum
1393 3846 1490 3901 iecisse
1530 3850 1678 3917 rideretur,
1712 3852 1825 3908 solerter

174 3938 323 3996 secundum
338 3937 411 4009 quod
438 3936 520 3990 homo
535 3942 585 4000 esi.
596 3934 624 3987 in
636 3932 768 3988 Trinitate
783 3938 890 3986 nonest
905 3947 911 3984 τ
928 3928 975 4002 qui
1028 3933 1156 4006 adjungit
1178 3933 1449 4005 quoduuiversnliter
1462 3935 1569 3993 dicatur
1584 3939 1717 4010 snpientia
1726 3950 1753 3997 et
1761 3942 1825 3998 cha·

175 4029 257 4085 ritem
283 4028 390 4092 adorat.
417 4023 544 4096 quoniam
573 4029 729 4077 ereaturam
749 4021 857 4089 adorat,
882 4020 975 4074 Petrus
1029 4023 1106 4088 ritas,
1136 4023 1217 4078 Pater
1240 4031 1267 4079 et
1294 4022 1377 4079 Filius
1404 4033 1431 4080 ei
1456 4025 1701 4097 spirtiussancrus,
1723 4032 1827 4088 horest

176 4116 322 4172 idololatra
338 4123 387 4171 est.
406 4114 435 4169 Si
449 4117 535 4169 lotum
549 4110 684 4167 Christum
699 4125 756 4165 non
770 4109 873 4174 adorat,
886 4108 913 4162 id
925 4115 975 4174 est,
1030 4111 1090 4183 ipsa
1104 4114 1198 4166 sancta
1209 4116 1237 4166 et
1246 4127 1301 4167 una
1315 4113 1442 4181 Trinitas,
1459 4123 1484 4170 et
1499 4114 1570 4170 trina
1585 4117 1683 4174 unitas,

177 4215 205 4263 et
218 4205 366 4262 secundum
381 4202 455 4275 quod
470 4203 551 4257 houio
566 4208 618 4269 est,
630 4197 978 4270 etseeuudumquodlieus
1066 4200 1115 4254 llis
1129 4200 1221 4270 itaque
1248 4200 1336 4270 dictis,
1348 4218 1382 4257 ne
1398 4219 1477 4258 suum
1509 4227 1520 4255 i
1533 4207 1645 4278 proprie
1663 4232 1674 4257 i
1692 4209 1830 4282 relinqua-

178 4305 227 4363 est,
244 4296 338 4350 Petrus
353 4292 522 4349 Christianus
537 4297 651 4346 nonest.
677 4290 801 4346 Christus
816 4287 889 4344 euiin
905 4285 978 4342 divi·
1032 4306 1122 4346 remus
1135 4289 1338 4347 indiscussum:
1351 4290 1409 4361 jam
1425 4308 1496 4349 nunc
1510 4293 1546 4349 ad
1561 4295 1751 4366 perforandam
1783 4297 1827 4354 12.

178 4402 223 4441 sus
238 4391 354 4450 nonest,
372 4390 398 4438 et
410 4381 540 4452 scriptum
555 4386 597 4436 est
614 4395 620 4434 z
639 4402 650 4427 a
672 4380 794 4434 Adorate
822 4377 971 4432 scabellum
986 4364 1015 4429 D
1035 4388 1134 4435 tentem
1145 4378 1317 4448 putredinem
1333 4387 1359 4435 et
1373 4379 1448 4437 virus
1475 4382 1692 4454 exprimendum,
1721 4388 1829 4444 vulneri

180 4473 282 4546 pedum
297 4472 368 4542 ejus,
387 4470 513 4541 quoniam
526 4477 649 4525 sanetum
672 4468 809 4538 est(Prol.
838 4467 944 4538 xcviii),
963 4488 974 4514 i
1031 4467 1116 4539 sig-lus
1134 4468 1252 4535 animus,
1279 4484 1374 4523 manus
1397 4471 1560 4548 apponenda
1588 4482 1659 4529 sunt.
1677 4477 1708 4530 ln
1722 4477 1827 4549 Apolo-

179 4563 208 4619 id
230 4569 391 4625 estteiram,
408 4560 435 4613 iil
451 4563 496 4614 est
509 4574 624 4614 carnem
639 4557 707 4625 ejus.
725 4555 779 4612 Sed
795 4553 978 4609 immoderato
1031 4557 1121 4630 getico
1142 4573 1192 4613 suo
1219 4557 1398 4629 responsione
1426 4575 1475 4614 sua
1505 4577 1587 4632 super
1608 4563 1660 4619 lioc
1679 4566 1828 4637 capitulum

181 4653 255 4709 feror
268 4651 380 4722 impetu,
397 4651 425 4704 et
440 4646 519 4702 niniis
534 4662 656 4718 praeceps
672 4661 741 4700 sum.
751 4642 979 4713 llaecenimpaulo
1032 4646 1110 4702 furiis
1122 4645 1274 4720 exagitatus
1289 4648 1386 4702 Petrus
1401 4646 1512 4715 insanit,
1527 4655 1555 4706 et
1569 4650 1608 4708 sia
1623 4653 1704 4708 nimis
1733 4654 1830 4710 intem·

1026 3668 1108 3723 iisset
1122 3667 1261 3738 sapientiae
1275 3667 1384 3723 nomine
1398 3669 1504 3732 Filium,
1521 3670 1666 3728 charitatis
1680 3690 1744 3729 vero
1754 3690 1822 3745 pro-

181 4748 241 4814 posi
267 4737 476 4811 investigatione
519 4733 686 4806 diligentiori
729 4731 974 4803 perscrutabimur.

181 4831 295 4902 (lportet
308 4827 380 4882 enini
395 4826 471 4896 prius
486 4823 633 4895 impietatis
652 4822 732 4892 hujus
759 4821 832 4879 tirus
847 4819 981 4876 curiosius

181 4917 348 4986 exprimere,
365 4922 391 4969 et
405 4920 468 4984 post
482 4928 516 4967 ex
531 4910 734 4985 gazophylaciis
749 4925 843 4966 eorum
872 4907 920 4980 qui
935 4924 982 4964 ex·

111 4996 114 5001 ¹
180 5017 304 5085 spectant
318 5019 444 5074 mortem,
459 5009 535 5080 quasi
551 5007 709 5065 effodientes
724 5008 890 5073 thesaurum,
904 5021 979 5078 gau·

181 5111 302 5179 dentque
325 5109 510 5173 veliementer,
540 5122 600 5161 eum
630 5104 786 5174 sepulerum
815 5103 980 5169 invenerint,

183 5208 340 5265 antidotum
354 5220 505 5275 apponere.
522 5205 576 5260 Sed
590 5211 738 5274 antequam
753 5200 860 5257 veniam
872 5200 906 5255 ad
935 5216 982 5256 eu·

183 5305 350 5376 pressionem
366 5302 449 5368 illam,
460 5301 594 5372 pedicam,
609 5315 691 5373 quam
706 5314 783 5355 mora
798 5314 848 5354 suo
863 5306 981 5370 praeten-

182 5401 230 5465 dit,
248 5402 271 5456 si
287 5408 392 5471 potero,
400 5399 538 5454 relaxabo.
555 5397 767 5454 Praetereaenim
780 5396 896 5453 amicitia
907 5395 982 5452 lami·

183 5500 258 5559 liaris
272 5516 329 5557 sure
339 5498 406 5556 artis
420 5497 582 5566 disserendi,
597 5498 741 5570 quoejuata
750 5495 918 5554 marcianum
930 5497 982 5553 sub

1032 4735 1309 4807 pemuterinrehitur
1336 4734 1363 4789 in
1387 4735 1525 4793 hominem
1552 4738 1612 4808 Dei,
1636 4749 1666 4795 nt
1696 4758 1750 4798 ucn
1766 4758 1827 4799 euni

1033 4823 1110 4897 loqui
1124 4841 1187 4896 quae
1200 4823 1329 4894 loquitur,
1345 4823 1393 4879 sed
1409 4840 1458 4894 per
1465 4842 1526 4881 eum
1539 4826 1733 4902 Satauam,qui
1743 4839 1829 4886 trans·

1034 4921 1132 4978 lnrmat
1160 4939 1191 4979 se
1218 4923 1246 4977 in
1275 4923 1402 4994 angelum
1421 4923 1499 4992 lucis,
1521 4932 1669 4982 asseveret.
1699 4929 1740 4984 lbi
1767 4937 1831 5003 post

1034 5017 1201 5074 venerahilis
1215 5017 1322 5074 abbatis
1338 5020 1586 5090 exprobrationem,
1598 5039 1649 5094 per
1660 5026 1719 5081 haec
1732 5027 1830 5083 eadem

1034 5106 1130 5172 verba,
1146 5107 1218 5178 quod
1234 5107 1361 5178 gestabat
1375 5108 1403 5161 iu
1430 5117 1540 5180 pectora
1554 5127 1690 5167 venenum
1713 5112 1807 5169 chudit
1823 5132 1829 5169 :

1038 5195 1135 5250 «Cum
1163 5211 1206 5250 me
1228 5196 1332 5268 arguis,
1358 5197 1455 5268 iuquit,
1480 5199 1552 5268 quod
1579 5215 1633 5255 non
1667 5202 1739 5270 dico,
1768 5205 1834 5275 quia

1036 5296 1110 5351 Deus
1138 5303 1165 5352 at
1188 5294 1272 5351 homo
1286 5312 1339 5351 una
1366 5304 1428 5350 sunt
1449 5295 1475 5352 in
1502 5297 1631 5353 trinitate
1644 5315 1834 5374 personapa-

1035 5403 1125 5452 tenter
1143 5402 1169 5450 te
1183 5393 1210 5451 id
1225 5394 1325 5450 sentire
1340 5394 1490 5466 profiteris.
1506 5394 1586 5465 Quod
1601 5407 1730 5468 quantum
1758 5417 1834 5459 sanae

1035 5495 1097 5551 tirlai
1122 5494 1288 5552 contrarium
1302 5494 1348 5562 ait,
1377 5493 1440 5551 volo
1468 5500 1544 5551 tuum
1565 5510 1688 5555 errorem
1699 5513 1833 5572 recogno·
