3728 6000
98 246 151 302 bib
605 226 795 289 sortietur
813 223 958 283 taetris
978 223 1009 280 S.
1035 222 1250 285 ritaoootttot
1691 223 1745 281 bii

93 368 220 440 intelligit
241 365 344 437 spiritu,
361 371 387 423 et
401 364 480 421 sentit
502 358 608 426 anima,
629 363 655 413 et
679 353 805 412 localiter
829 368 893 408 eor,
906 350 935 413 Α
948 349 1022 405 videt
1037 350 1105 420 quis,
1122 348 1187 423 quid
1203 349 1318 422 sperati
1337 348 1364 406 Si
1379 359 1472 410 autem
1486 351 1563 427 quod
1585 367 1640 411 nou
1664 352 1745 410 ride-

93 473 160 529 pote
175 461 309 514 tueretur.
327 476 339 506 ι
357 454 455 512 Omnis
467 451 556 520 itaque
572 455 694 503 creatura
711 467 722 491 n
740 444 768 498 iu
782 442 890 497 homine
944 455 1019 505 mus,
1045 452 1188 511 speramus
1211 454 1218 495 ε
1241 454 1291 511 per
1318 438 1475 511 patientiam
1508 449 1708 515 exspectamus.
1731 464 1742 490 ι

97 568 108 597 a
123 544 303 617 congemiscit
317 553 343 599 et
357 543 440 599 dolet.
458 564 469 589 a
492 539 554 595 Nou
569 535 640 592 euim
656 538 722 600 tota,
739 531 787 587 sed
802 528 892 585 omnis

94 634 179 704 disit;
196 641 325 703 tanquam
340 632 362 686 si
379 633 440 702 quis
455 628 540 694 dicat,
556 624 684 697 quoniam
699 621 787 677 solem
802 617 891 673 hemi·

94 740 143 778 nes
156 722 248 780 vident
263 723 309 792 qui
325 728 387 777 sunt
401 719 563 782 incolumes,
579 714 628 769 sed
643 727 698 767 nen
721 709 771 766 toti
787 708 889 762 uident.

95 814 136 867 lta
150 809 178 867 in
194 810 304 866 homine
318 808 406 864 omnis
420 814 545 864 creatura
559 808 612 868 est,
628 800 692 872 quia
712 796 850 869 intelligit,
865 802 892 850 et

94 899 177 969 visits,
203 906 228 954 et
251 913 352 969 eorpus
374 896 471 958 habet;
495 893 541 948 sed
564 906 618 946 non
640 896 695 944 tota
717 894 840 941 ereatura
864 885 891 939 iu

96 989 157 1060 ipso
172 995 224 1055 est,
235 986 297 1058 quia
312 988 375 1041 sunt
388 990 488 1056 praeter
502 983 592 1053 ipsum
616 986 644 1033 et
662 975 753 1050 angeli
776 974 823 1046 qui
848 973 892 1027 iu-

1 1133 3 1144 ,
96 1074 220 1147 telligant
233 1082 259 1128 et
274 1072 382 1138 vivant3
399 1079 461 1126 sunt
484 1077 512 1125 et
532 1080 647 1138 corpora
668 1079 728 1137 quae
750 1062 842 1119 vivant
866 1067 893 1116 et

96 1163 169 1227 sint;
187 1171 214 1218 et
227 1176 343 1233 corpora
363 1175 423 1230 quae
446 1154 633 1214 tantummode
648 1154 712 1219 sint,
727 1167 788 1207 cum
802 1151 891 1221 ipsum

96 1251 191 1309 vivere
206 1250 295 1321 magis
309 1248 343 1304 sit
357 1264 437 1319 quam
451 1262 507 1302 non
523 1245 627 1308 virere,
643 1249 670 1298 et
683 1240 770 1312 ipsum
790 1237 892 1294 intelli-

95 1354 161 1411 gere
176 1339 264 1410 magis
278 1353 357 1408 quam
372 1335 430 1392 sine
444 1334 583 1390 intellectu
605 1331 711 1386 vivere.
746 1352 757 1376 a
774 1326 809 1382 Et
826 1343 891 1397 par-

96 1427 170 1483 turit.
194 1450 205 1474 n
234 1425 311 1482 Unde
325 1424 421 1480 dicitur
437 1447 448 1471 α
466 1421 564 1478 mulier
585 1434 647 1476 cum
670 1417 740 1489 parit
754 1415 892 1471 tristitiam

95 1515 196 1583 habet;
221 1521 397 1571 cum-autem
421 1510 575 1584 pepererit,
596 1507 656 1577 jam
684 1521 738 1562 uon
771 1503 893 1559 meminit

97 1618 241 1676 pressurae,
257 1609 369 1674 propter
383 1600 515 1673 gaudium
525 1600 617 1667 tloan.
632 1596 699 1665 xri).
711 1618 721 1643 ιι
740 1594 809 1649 Cum
823 1607 892 1664 ergo

97 1693 182 1748 miser
205 1692 286 1747 bomo
310 1689 490 1761 congemiscit
510 1694 536 1742 et
559 1685 642 1754 delet,
663 1682 751 1741 omnis
771 1690 933 1770 creaturaB

97 1778 277 1851 congemiscit
292 1786 319 1832 et
332 1777 406 1834 dolet
421 1792 507 1849 usque
521 1774 619 1830 adhue.
638 1795 649 1824 ι
667 1773 759 1845 Usque
774 1771 861 1826 adhuc
878 1802 889 1826 s

97 1876 188 1924 autem
210 1875 284 1922 reete
297 1865 384 1935 dixit;
408 1866 472 1936 quia
495 1863 601 1919 etiamsi
621 1869 684 1916 sunt
697 1860 780 1932 aliqui
792 1863 848 1931 jem
864 1865 892 1921 in

97 1957 158 2012 sinu
174 1956 307 2023 Abrabae,
324 1963 351 2010 et
365 1955 434 2010 latro
449 1953 494 2009 ille
509 1969 570 2008 cum
583 1951 708 2018 Domino,
723 1949 749 2004 in
768 1954 895 2022 paradiso

98 2041 261 2098 constitutus
276 2040 322 2095 illo
336 2039 381 2094 dic
397 2053 450 2109 quo
464 2037 576 2093 credidit
596 2035 688 2091 dolere
711 2035 851 2104 destiterit,
868 2045 896 2093 et

99 2137 189 2186 temen
210 2144 296 2200 usque
318 2128 407 2183 adbuc
432 2126 521 2183 omnis
543 2132 664 2181 ereatura
679 2125 856 2196 congemiscit
870 2134 897 2183 et

99 2218 189 2285 dolet;
205 2217 268 2288 quia
282 2216 310 2271 in
324 2217 367 2270 his
381 2215 427 2288 qui
441 2214 562 2270 nondum
577 2212 686 2267 liberati
710 2219 781 2281 sunt,
807 2215 896 2270 omnis

98 2316 157 2373 est;
173 2312 284 2378 propter
298 2304 433 2375 spiritum,
449 2310 476 2357 et
490 2301 611 2357 animem
626 2307 652 2356 et
666 2315 775 2371 corpus.

132 2421 218 2475 Vsus.
234 2422 279 2475 23.
295 2449 330 2458 -
344 2438 356 2469 s
370 2419 432 2473 Non
447 2416 536 2473 solum
551 2423 641 2471 eutem
654 2439 677 2483 ι,
694 2414 790 2487 inquit,
807 2418 896 2474 omnis

98 2516 220 2565 creatura
234 2506 413 2580 congemiscit
435 2513 463 2561 et
484 2504 568 2572 dolet,
587 2527 597 2553 ι
615 2503 662 2559 sed
684 2520 734 2560 nos
756 2507 821 2577 ipsi,
840 2530 850 2555 s
868 2507 896 2562 id

100 2606 141 2653 est
155 2612 209 2652 non
224 2595 311 2652 solum
325 2594 352 2649 in
367 2594 477 2650 bomine
487 2608 585 2664 eorpus
599 2600 625 2649 et
639 2592 730 2649 anima
745 2602 771 2650 et
786 2595 897 2667 spiritus

100 2684 181 2741 simul
197 2684 292 2740 dolent
314 2699 346 2739 ert
371 2681 571 2738 difficultatibus
592 2682 726 2753 eorporis,
742 2684 789 2738 sed
805 2687 831 2738 et
846 2699 896 2738 nos

99 2773 163 2845 ipsi,
179 2772 299 2844 exceptis
321 2771 482 2843 corporibus
496 2771 523 2825 in
539 2770 618 2825 nobis
632 2770 697 2841 ipsis
711 2772 895 2843 congemisci-

98 2879 168 2918 mus.
185 2863 220 2917 Et
235 2859 399 2927 benedixit,
417 2880 429 2912 s
446 2858 580 2931 primitias
592 2857 703 2928 spiritus
718 2859 863 2923 babentes;
882 2883 893 2908 e

99 2950 128 3007 id
156 2957 198 3006 est
229 2964 343 3021 quorum
365 2948 423 3017 jam
447 2947 559 3018 spiritus
581 2954 711 3018 tanquam
733 2948 895 3003 sacrilicium

99 3037 183 3095 oblati
212 3045 274 3093 suut
290 3038 356 3103 Dee,
373 3045 399 3092 et
412 3035 506 3091 divino
534 3035 669 3091 eharitatis
688 3035 752 3108 igne
772 3052 935 3125 compre-C

99 3127 187 3183 beusi.
220 3127 269 3183 tte
295 3133 356 3180 suut
383 3125 510 3196 primitiae
537 3123 673 3191 bomluis;
701 3125 765 3196 quia
792 3125 894 3181 teritos

98 3216 217 3289 primum
231 3214 355 3286 spiritum
366 3214 480 3282 obtinet,
496 3220 524 3268 ut
539 3228 587 3284 per
601 3213 672 3268 hune
694 3221 793 3268 caetera
816 3229 895 3271 com-

98 3303 313 3376 prehendantur.
348 3304 406 3358 lam
431 3317 499 3374 ergo
523 3300 606 3356 babet
628 3301 761 3372 primitias
789 3301 896 3359 oblatas

99 3394 157 3449 Deo
184 3392 232 3466 qui
255 3391 337 3459 dicit,
356 3413 367 3441 e
384 3398 477 3447 mente
492 3390 583 3446 servio
598 3389 652 3462 legi
668 3391 730 3457 Dei,
745 3406 824 3447 carue
844 3407 896 3445 au-

101 3490 154 3537 tem
171 3481 225 3554 legi
242 3480 369 3551 peccatis
394 3481 500 3552 (supra,
513 3495 574 3551 cap.
594 3494 640 3545 ru,
657 3496 727 3535 vers.
740 3484 795 3549 iit,
808 3489 834 3535 et
850 3482 896 3550 gui

98 3571 165 3627 dicit
178 3569 212 3625 de
226 3568 284 3624 Deo
302 3588 307 3623 :
325 3592 336 3615 a
354 3569 402 3624 Cui
417 3568 510 3622 servio
524 3568 551 3620 iu
567 3568 664 3638 spiritu
678 3583 739 3622 meo
752 3592 762 3613 n
787 3576 895 3640 t'sttptu,

99 3674 161 3729 cap.
178 3672 197 3725 t,
214 3673 285 3712 vers.
302 3660 346 3727 9),
363 3657 437 3712 etde
452 3671 505 3726 quo
520 3656 619 3711 dicitur
637 3673 642 3707 :
662 3676 673 3706 ι
690 3656 806 3727 Spiritus
833 3657 896 3726 ‹ptri-

100 3745 162 3800 dem
178 3752 330 3815 promptus,
347 3759 411 3800 caro
426 3752 516 3799 autem
532 3742 637 3797 inlirma
653 3743 763 3813 (lluttb.
781 3760 894 3814 xxvi).-

100 3831 158 3888 Sed
171 3832 233 3904 quia
249 3833 338 3888 adhuc
351 3832 417 3888 dicit
435 3834 542 3903 (supra,
554 3847 624 3886 vers.
639 3832 693 3902 tt).
707 3854 718 3879 ·
733 3834 829 3887 inl-,lix
844 3849 897 3906 ego

101 3922 193 3987 homo,
211 3920 270 3990 quis
285 3935 329 3975 me
343 3919 471 3975 liberabit
484 3920 518 3973 de
533 3934 648 3991 corpote
664 3921 755 3976 mertis
770 3922 863 3990 liujus,
882 3945 893 3971 n

101 4016 129 4064 et
144 4009 232 4064 adbuc
249 4007 348 4063 talibus
363 4009 462 4064 dicitur
480 4011 588 4080 (supro,
604 4024 671 4079 cop:
685 4023 740 4074 rut,
757 4026 827 4066 vers.
841 4013 896 4079 tt),

103 4120 113 4146 t
137 4095 281 4151 vivificabit
307 4106 333 4150 et
361 4096 483 4151 mortalia
510 4111 625 4167 corpora
654 4106 757 4166 restra,
787 4109 898 4169 propter

99 4183 221 4256 spiritum
246 4191 400 4239 manentem
415 4183 442 4238 in
458 4183 580 4252 vebis,»
603 4184 721 4240 nondum
752 4194 793 4240 est
821 4188 898 4243 bolo-

99 4279 237 4330 caustum.
260 4273 320 4328 Erit
345 4281 435 4327 autem
464 4288 527 4328 cum
552 4272 743 4328 absorbebitur
770 4290 842 4331 mom
869 4276 896 4330 in

945 526 1016 596 Quid
1048 534 1184 598 exspectat
1213 543 1264 598 per
1294 527 1473 599 patientiami
1505 531 1637 600 Salutem,
1655 529 1683 586 id
1704 538 1745 586 est

945 615 1165 686 redemptionem
1179 616 1305 687 eorporis
1319 619 1373 672 sui.
1394 618 1503 677 Gaudet
1518 636 1548 676 se
1563 620 1744 690 redemptum,

945 705 994 760 sed
1015 703 1136 760 nendum
1153 721 1194 760 re.
1219 704 1272 776 Spe
1286 721 1399 763 securus
1413 715 1465 776 est,
1482 709 1530 765 sed
1544 708 1629 781 gemit
1641 709 1669 763 iu
1684 724 1744 780 spe,

944 802 974 849 ut
988 794 1131 865 perveniat
1146 794 1268 850 adrem.
1287 795 1409 851 Salutem
1424 812 1491 868 ergo
1507 797 1631 870 corperis
1643 813 1744 868 exspe-

945 883 1048 951 ctabat,
1059 887 1122 954 quta
1133 897 1189 937 non
1204 890 1263 938 erat
1277 883 1324 939 ille
1337 884 1411 941 salus
1425 901 1507 958 quam
1517 886 1634 942 habebat
1644 900 1653 941 ;
1664 901 1745 957 quam

946 969 1048 1026 esuries
1081 971 1123 1027 vel
1156 970 1215 1026 sitis
1244 971 1381 1040 interficit,
1400 973 1424 1029 si
1439 990 1494 1030 non
1517 974 1556 1030 eis
1580 974 1746 1031 subventum

946 1058 1038 1114 luerit.
1061 1059 1121 1114 lam
1136 1058 1246 1131 quidem
1261 1062 1395 1133 redempti
1417 1079 1521 1133 sumus,
1536 1063 1585 1120 sed
1606 1079 1655 1136 epe
1677 1062 1747 1118 salsi

946 1146 1011 1204 iacti
1042 1163 1153 1217 eumus;
1175 1148 1239 1220 quia
1259 1149 1332 1221 qued
1350 1166 1510 1223 speramus,
1541 1152 1599 1222 jam
1635 1150 1745 1223 quidem

947 1243 1147 1309 exspectamus,
1157 1236 1204 1292 sed
1219 1237 1340 1293 nendum
1350 1247 1487 1296 tenemus.
1499 1241 1559 1296 Jam
1574 1255 1638 1297 earo
1652 1246 1745 1295 nostm

945 1340 1001 1380 nen
1011 1340 1068 1396 spe,
1082 1324 1131 1380 sed
1142 1339 1171 1380 re
1181 1323 1256 1381 salsa
1268 1324 1337 1381 lacta
1347 1335 1385 1383 est
1396 1328 1423 1382 in
1435 1328 1524 1400 capita
1534 1336 1642 1397 uostro;
1658 1327 1743 1400 quod,

946 1413 973 1469 in
988 1413 1068 1468 nobis
1082 1412 1203 1469 noudum
1228 1414 1327 1470 laetum
1348 1416 1499 1488 gemimus;
1523 1418 1596 1490 quod
1615 1425 1744 1488 unquam

945 1501 1110 1573 premissum
1124 1516 1280 1573 speramus,
1295 1518 1355 1559 cum
1371 1503 1503 1573 differtur,
1519 1521 1567 1577 per
1580 1504 1743 1577 patientiam

947 1597 1144 1661 exspectamus.
1158 1590 1222 1646 ideo
1236 1591 1402 1648 excusabilis
1412 1602 1452 1649 est
1461 1594 1580 1666 gemitus
1592 1595 1652 1661 iste,
1664 1609 1747 1664 quem

948 1677 1017 1734 fides
1028 1686 1147 1749 excusat,
1162 1694 1227 1750 spes
1239 1678 1313 1748 lacit,
1325 1688 1352 1737 et
1362 1682 1478 1738 charites
1488 1683 1629 1739 coufortat.
1639 1681 1748 1751 Quanto

948 1767 1020 1822 enim
1047 1767 1163 1840 quisque
1182 1769 1309 1836 sanctior,
1326 1777 1354 1824 et
1369 1770 1499 1826 desiderii
1524 1770 1609 1827 saneti
1629 1771 1749 1842 plenior,

950 1863 1024 1911 tanto
1036 1871 1119 1926 super
1132 1856 1182 1912 boc
1191 1856 1249 1925 ejus
1258 1865 1300 1912 est
1309 1858 1338 1911 in
1348 1859 1470 1915 oratioue
1480 1859 1561 1915 lletus
1571 1858 1691 1915 uberior.
1701 1859 1721 1915 F
1722 1876 1749 1914 a·

949 1943 1752 2020 ciunthooprimitiaespiritusetdivinseadeptionisexspe-

949 2033 1042 2088 ctatio.
1058 2033 1129 2087 Nam
1145 2033 1217 2103 quod
1233 2034 1259 2088 iu
1276 2035 1346 2090 hane
1360 2036 1482 2091 venimus
1503 2036 1653 2103 miseriam,
1669 2052 1752 2108 poena

949 2121 1054 2191 peceati
1070 2125 1121 2188 est,
1140 2129 1167 2176 et
1180 2120 1343 2193 productior
1357 2132 1397 2179 est
1412 2140 1494 2198 poenu
1509 2141 1592 2198 quam
1608 2125 1702 2197 eulpa,
1719 2141 1752 2183 na

950 2225 1034 2281 parva
1057 2217 1198 2281 putaretur
1222 2211 1311 2283 eulpa,
1329 2212 1429 2269 sicum
1449 2214 1496 2271 illa
1514 2215 1616 2286 pariter
1629 2213 1753 2271 finiretur

950 2307 977 2354 et
992 2315 1085 2370 poena.
1118 2301 1158 2355 Aa
1173 2316 1223 2370 per
1240 2300 1291 2355 boe
1307 2300 1350 2356 rel
1365 2301 1400 2357 ad
1419 2302 1678 2360 demonstrationem
1697 2303 1749 2360 de·

949 2386 1016 2442 bitae
1040 2387 1175 2456 miseriae,
1193 2387 1286 2443 velad
1302 2389 1523 2446 emendationem
1555 2389 1645 2447 labilis
1678 2391 1751 2461 vitae,

950 2475 994 2531 rel
1008 2475 1043 2530 ad
1067 2476 1288 2532 exercitationem
1322 2478 1482 2535 necessarie
1515 2479 1662 2550 patientiae,
1677 2487 1751 2536 tem-

950 2562 1078 2637 peraliter
1093 2564 1230 2618 homiuem
1245 2564 1348 2621 detinet
1362 2581 1464 2636 pmue;
1486 2568 1567 2622 etiam
1592 2583 1672 2638 quem
1690 2566 1751 2639 jam

950 2652 985 2708 ad
1018 2651 1220 2708 damnationem
1256 2654 1451 2724 sempiternam
1485 2671 1563 2710 reum
1596 2669 1650 2710 nen
1680 2662 1753 2712 tenet

951 2740 1045 2811 eulpa.
1064 2739 1166 2795 Flenda
1181 2741 1302 2813 quidem,
1319 2741 1435 2799 sednon
1452 2742 1673 2815 reprehendenda
1687 2760 1752 2800 cou-

951 2828 1028 2884 ditie.
1043 2827 1121 2899 «Spe
1136 2836 1227 2885 tamen
1243 2829 1311 2885 salvi
1326 2830 1390 2887 lecti
1408 2848 1543 2896 sumum»
1560 2831 1624 2905 quia
1638 2832 1751 2905 adoptio

951 2917 1062 2991 quidem
1083 2918 1165 2989 plena
1189 2917 1305 2976 liliorum
1328 2918 1355 2974 ia
1377 2920 1593 2992 redemptionem
1609 2919 1654 2977 fiet
1668 2922 1751 2977 etiam

951 3006 1074 3076 corporis
1104 3004 1204 3075 nostri;
1229 3006 1289 3075 iam
1304 3014 1395 3063 tamen
1414 3008 1545 3079 primitias
1564 3008 1674 3080 spiritus
1702 3010 1752 3066 ba·

949 3093 1061 3164 bemus;
1083 3094 1155 3148 unde
1175 3095 1231 3164 jam
1246 3091 1293 3149 lilii
1310 3095 1359 3151 Dei
1382 3099 1474 3168 reipsa
1503 3097 1564 3152 laeti
1587 3113 1692 3153 sumus.
1720 3100 1750 3154 iu

949 3181 1054 3238 ceteris
1077 3197 1141 3238 vero
1165 3198 1213 3254 spe
1237 3182 1305 3238 sicut
1329 3184 1415 3253 salvi,
1447 3186 1518 3242 sicut
1540 3185 1682 3257 innovati,
1713 3187 1751 3243 sie

949 3270 1031 3326 etiam
1055 3268 1103 3324 tilii
1122 3271 1171 3325 [lei
1188 3287 1194 3323 :
1211 3286 1240 3325 re
1255 3280 1346 3326 eutem
1360 3273 1418 3343 ipsa
1441 3274 1505 3345 quia
1524 3273 1644 3331 nondum
1668 3274 1749 3345 salsi,

949 3357 1010 3413 ideo
1041 3359 1120 3429 plene
1143 3359 1263 3415 nondum
1297 3361 1572 3428 ineos-arimenum
1597 3363 1680 3418 etiam
1702 3362 1751 3419 filii

950 3448 1009 3512 Dei,
1031 3448 1078 3502 sed
1102 3446 1151 3502 tilii
1167 3448 1270 3504 secuti.
1289 3450 1350 3504 lam
1371 3467 1436 3522 ergo
1456 3459 1481 3506 et
1496 3451 1597 3507 similes
1612 3452 1669 3508 Deo
1691 3468 1751 3508 esse

950 3537 1092 3607 cepimus,
1113 3536 1244 3606 primitias
1278 3537 1394 3609 Spiritus
1424 3540 1569 3604 babentes,
1603 3549 1629 3596 et
1661 3540 1751 3596 adbuc

950 3640 1044 3678 sumus
1058 3623 1206 3680 dissimiles
1217 3625 1274 3695 sper
1289 3627 1419 3698 reliquias
1443 3630 1592 3683 vetustatis.
1613 3629 1752 3684 Transibit

952 3718 1022 3767 totus
1039 3720 1169 3784 peccator
1183 3713 1210 3767 in
1224 3713 1417 3786 adoptionem3
1437 3725 1464 3770 ut
1488 3717 1509 3770 si
1525 3733 1631 3788 qumras
1655 3718 1750 3774 locum

950 3802 1020 3870 ejus,
1032 3816 1086 3856 uon
1102 3801 1237 3857 invenias.
1255 3804 1369 3858 iuterim
1386 3805 1458 3875 quod
1475 3821 1528 3860 uon
1539 3806 1677 3875 videmus,
1689 3823 1751 3879 spe·

949 3905 1051 3944 ramus.
1083 3890 1208 3946 lucerna
1231 3900 1320 3946 nostra
1342 3909 1404 3964 spes
1424 3903 1516 3949 nostra
1536 3902 1600 3962 est;
1623 3896 1750 3966 quaudiu

949 3994 1003 4034 nou
1018 3979 1142 4034 videmus
1156 3988 1185 4035 et
1201 3995 1351 4051 speramus,
1369 3997 1421 4037 uox
1437 3991 1486 4048 est,
1503 3984 1551 4038 sed
1571 3984 1682 4039 lucerna
1705 3984 1748 4039 lu·

949 4075 993 4124 cet
1010 4083 1017 4122 ε
1034 4067 1055 4121 si
1071 4083 1121 4122 uec
1136 4067 1259 4124 videmus
1283 4085 1333 4125 uec
1354 4086 1511 4141 speramus,
1536 4080 1562 4127 et
1584 4088 1640 4128 nox
1654 4081 1707 4140 est,
1724 4082 1752 4129 et

949 4156 1060 4211 lucerna
1080 4171 1134 4210 nen
1149 4157 1228 4211 lucet.
1249 4158 1283 4212 Et
1302 4158 1400 4214 talibus
1423 4159 1542 4214 tenebris
1566 4161 1630 4230 quid
1654 4161 1749 4217 tnteti-

949 4245 1028 4300 clusi
1060 4243 1115 4299 Sed
1138 4247 1252 4300 verbum
1268 4246 1318 4301 Dei
1342 4247 1416 4319 quod
1431 4249 1551 4320 quotidie
1566 4249 1645 4305 nobis
1658 4251 1751 4322 loqui-

98 4362 248 4428 tietoriam,
263 4376 325 4418 curn
342 4361 367 4417 ei
380 4361 484 4416 dicetur
500 4379 506 4416 ι
524 4383 534 4407 l
549 4361 601 4416 Ubi
613 4369 655 4416 est
669 4376 741 4417 mors
756 4363 894 4420 contentio
953 4342 1006 4399 'uf’
1020 4331 1096 4404 jum
1111 4341 1152 4388 θεῖ
1164 4333 1265 4390 i⁰s¹¹⁵i⁰
1279 4335 1343 4403 Μ’
1359 4352 1393 4392 ¹¹⁰
1408 4336 1518 4392 ¹⁰⁰⁰m⁸
1539 4338 1746 4410 ‘¹³⁰⁰3u‘m‘·

99 4452 165 4506 tue?
179 4450 229 4507 Ubi
239 4454 282 4505 est
293 4464 367 4506 mors
378 4449 489 4505 aculeus
501 4450 578 4504 tuus?
590 4474 600 4497 a
613 4452 635 4521 tl
649 4450 708 4507 Cor.
722 4454 779 4521 xv.)
792 4476 802 4497 ι·
816 4407 936 4507 tteneD
989 4450 1077 4505 i'ses.
1092 4453 1137 4506 ιι.
1154 4481 1185 4492 -
1204 4474 1215 4498 u
1233 4449 1365 4506 Similiter
1380 4456 1471 4507 aulem
1488 4461 1514 4508 et
1530 4452 1651 4524 Spiritus
1666 4453 1753 4525 adju·

98 4547 199 4607 autem,
221 4539 342 4610 »inquit,
357 4554 411 4594 non
431 4538 518 4594 solum
545 4540 633 4595 omnis
657 4552 792 4607 creatura,
810 4541 836 4594 id
857 4547 898 4596 est

97 4631 189 4687 anima
204 4645 265 4684 eum
280 4642 406 4699 corpore,
427 4628 599 4684 «sedetiam
619 4644 668 4684 uos
691 4628 745 4700 ipsi
767 4631 900 4699 primitias

96 4719 230 4774 habentes
245 4717 371 4787 Spiritus,
387 4739 398 4765 i
412 4716 440 4772 id
456 4724 496 4772 est
511 4732 561 4772 nos
575 4717 685 4787 animae,
699 4733 759 4788 quae
771 4734 831 4790 gum
846 4719 899 4788 pri·

98 4808 188 4863 mitias
203 4815 310 4862 mentes
328 4815 434 4861 nostras
449 4804 597 4860 obtulimus
611 4804 681 4875 Deo,
696 4806 815 4862 innubis
831 4807 898 4878 ipsis

100 4895 346 4968 congemiscimus,
372 4895 400 4948 id
424 4902 465 4950 est
488 4902 588 4964 praeter
610 4910 731 4966 corpus:
751 4898 899 4967 uadoptio-

100 4999 163 5039 nem
179 4989 369 5054 exspectantes
396 4983 614 5052 redemptionem
643 4985 764 5054 corporis
783 4987 895 5039 nostrie

99 5070 213 5144 (supro,
230 5087 299 5126 vers.
319 5072 361 5140 13)
379 5089 385 5124 :
402 5070 483 5124 idest
498 5078 525 5124 ut
541 5078 567 5125 et
587 5073 679 5143 ipsum
701 5087 801 5144 corpus
824 5073 898 5128 acei-

99 5162 176 5233 pieus
191 5158 352 5215 beneticium
374 5159 528 5230 adoptionis
549 5158 669 5214 liliorum
684 5160 745 5228 Dei,
761 5168 829 5217 totos
848 5176 899 5216 uos

101 5249 242 5316 ¹iberatos,
265 5248 406 5303 transactis
438 5249 566 5303 omnibus
600 5249 729 5305 molestiis
761 5265 793 5304 ex
826 5249 901 5304 omni

100 5345 178 5409 parte
193 5336 243 5391 ttei
258 5336 328 5392 lilios
344 5336 508 5392 manifestet.

138 5464 221 5517 t'sss.
239 5464 282 5529 it,
298 5464 343 5515 iti.
360 5490 393 5503 -—
412 5485 423 5509 «ι
441 5463 496 5534 Spe
512 5463 584 5518 enim
610 5462 680 5519 salvi
704 5461 769 5518 iacti
794 5478 900 5519 sumus.

101 5552 171 5623 Spes
185 5558 275 5609 autem
290 5569 352 5625 qum
367 5552 483 5622 uidetur,
500 5567 556 5607 nen
576 5565 620 5611 est
641 5576 717 5632 spes.
741 5560 811 5615 Nam
826 5551 901 5624 quod

952 4545 998 4594 vat
1013 4537 1197 4594 infirmitatem
1213 4548 1353 4594 nestram.
1372 4540 1443 4595 Nam
1458 4541 1524 4612 quid
1540 4558 1662 4610 oremus,
1682 4546 1752 4600 sicut

953 4635 1067 4698 oportet,
1084 4630 1229 4683 nescimus.
1242 4653 1252 4676 n
1264 4627 1358 4684 Oratio
1368 4629 1499 4703 quidquid
1511 4632 1638 4701 impetrat
1648 4632 1691 4687 vel
1703 4633 1752 4688 im·

952 4724 1060 4788 petiere
1074 4717 1175 4784 nititur,
1191 4718 1331 4773 evidenter
1345 4719 1463 4773 ostendit
1482 4719 1583 4774 tionum
1599 4720 1648 4776 Dei
1663 4737 1726 4778 esse
1743 4742 1749 4778 ε

954 4806 1026 4878 quod
1036 4806 1058 4860 si
1066 4806 1214 4862 haberetur
1222 4807 1248 4861 iu
1257 4815 1399 4878 potestate,
1408 4808 1500 4878 utique
1511 4824 1566 4863 non
1577 4818 1748 4880 posceretur,

954 4896 1146 4950 Verumtamen
1172 4911 1205 4951 ue
1226 4896 1322 4950 saltem
1351 4898 1481 4952 orationis
1501 4906 1658 4969 putarentur
1676 4917 1750 4971 prae-

954 4983 1051 5040 cedere
1066 4983 1169 5050 merita,
1186 4984 1283 5054 quibus
1304 5000 1359 5040 non
1381 4987 1501 5058 gratuita
1525 4986 1634 5042 deretur
1649 4990 1749 5059 gratia,

954 5080 1001 5134 scd
1018 5080 1077 5149 iam
1104 5096 1159 5136 nou
1179 5084 1267 5154 gratia
1291 5090 1372 5145 esset,
1388 5083 1448 5155 quia
1464 5084 1555 5138 debita
1571 5085 1751 5154 redderetur,

954 5168 1036 5224 etiam
1065 5171 1125 5241 ipsa
1145 5171 1231 5225 oratio
1254 5171 1324 5226 iuter
1346 5171 1417 5226 dona
1436 5173 1530 5243 gratim
1545 5174 1690 5244 reperitur,
1707 5176 1752 5231 di·

955 5275 1032 5322 ceute
1057 5268 1193 5338 Apostole
1216 5267 1277 5340 quia
1298 5293 1308 5315 ι
1333 5269 1399 5340 quid
1414 5284 1537 5339 oremus,
1564 5271 1750 5341 nescimus,-

955 5365 1008 5422 uisi
1023 5382 1038 5421 a
1054 5366 1155 5438 Spiritu
1175 5367 1344 5437 adjuvemur.
1371 5367 1558 5438 «Interpellat
1578 5377 1668 5425 autem
1688 5368 1753 5441 Spi-

955 5464 1023 5519 ritus
1037 5480 1085 5535 pro
1100 5463 1180 5519 uobis
1208 5473 1234 5520 et
1259 5465 1361 5536 gemit,
1389 5490 1399 5514 u
1429 5464 1491 5535 quia
1519 5465 1708 5536 interpellandi
1727 5474 1755 5522 at

955 5562 1085 5634 gemendi
1104 5561 1183 5617 nobis
1207 5563 1322 5634 inspirat
1344 5561 1482 5619 affectum
1513 5562 1568 5619 Sed
1586 5564 1751 5634 adjutorium
