3728 6000
99 253 132 308 69
464 240 513 304 DE
531 238 830 304 nasisnasnlons
849 244 1004 303 ABBA'TIAE
1023 248 1051 301 S.
1073 242 1220 302 nannai
1238 240 1391 303 Tonntc.
1719 248 1754 306 7⁰

100 384 225 433 econtra
239 375 358 448 pedibus
372 389 465 431 eorum
480 373 668 444 prosternitur,
679 380 706 427 et
720 373 770 428 boc
785 389 815 428 se
830 372 904 428 nullo
919 374 945 434 Α
961 378 1069 444 rogatus
1081 371 1152 426 unde
1168 379 1255 436 csset;
1286 387 1346 427 cum
1360 372 1394 426 dc
1408 370 1505 426 Sancto
1519 369 1632 427 Martino
1647 388 1676 426 sc
1691 388 1753 428 esse
1852 358 1854 369 ’

103 466 186 521 modo
211 465 347 520 facturum
370 461 546 532 jurejurando
567 459 709 532 profitetur
724 477 730 513 :
747 461 842 532 sicque
871 461 905 515 ad
958 458 1155 530 respondisset,
1172 458 1453 531 abbasprotinusille
1468 459 1638 530 percunctari
1660 461 1752 532 coepil,

102 555 215 610 (lonium
232 569 310 608 suam
325 567 375 608 eos
390 552 501 616 ducens,
518 566 550 605 ae
564 565 613 620 pro
629 549 695 605 tanti
711 549 812 606 laboris
827 549 904 606 leva·
958 547 1005 603 nbi
1030 556 1110 609 esset.
1126 555 1155 603 et
1173 550 1324 617 cujusmodi
1339 557 1409 605 esset
1423 548 1529 603 abbatia
1542 547 1635 604 Sancti
1650 549 1755 604 Martini

103 644 179 699 mine
196 641 287 698 triduo
302 656 396 697 secum
412 639 540 706 retinens,
555 638 757 710 liberaliterque
771 637 903 703 reficiens,
958 636 1148 692 Tornaeensis.
1161 637 1282 708 Cumqrre
1292 638 1442 693 monachus
1457 653 1543 708 prope
1553 653 1612 692 eam
1624 652 1693 707 esse,
1704 653 1755 695 nec

106 733 142 789 sd
157 732 284 787 ultimum
300 745 349 786 eos
362 728 525 785 obedientie
540 727 647 783 vinculo
661 729 822 784 constrictos
834 729 905 784 Tor·
958 725 1110 796 antiquam,
1132 726 1180 781 sed
1195 742 1305 792 noram,
1323 735 1350 783 et
1361 735 1423 782 ente
1446 726 1541 798 viginti
1564 741 1650 783 annos
1671 742 1754 784 cons-

104 837 209 877 necnm
225 819 316 875 redire
329 818 432 890 coegit.
456 816 534 886 Quod
547 817 593 871 ubi
608 816 711 872 civibus
729 817 853 882 innotuit,
869 815 906 870 il·
959 821 1072 870 tructam
1099 814 1182 870 luisse
1208 815 1333 882 dixisset,
1352 816 1438 871 abbas
1456 815 1579 886 protinus
1601 816 1752 890 subjunxit,

105 910 161 967 lico
176 909 254 980 quasi
270 916 334 980 post
348 906 474 963 tenebras
486 905 572 962 solem
587 913 730 961 cernerent
748 906 906 961 redeuntem
962 923 974 955 ι
991 904 1070 969 Vere,
1087 904 1180 967 irater,
1197 905 1337 974 plusquam
1352 905 1463 959 trecenti
1487 904 1551 959 anni
1575 914 1636 960 sunt
1650 923 1684 961 ox
1699 923 1754 978 quo

105 999 256 1065 exsultant,
272 1005 299 1051 et
314 995 456 1067 proculab
469 995 536 1050 arbe
560 994 602 1050 eis
626 1009 770 1050 occurrere
797 1009 905 1066 praepa-
960 993 1068 1048 abbatie
1084 992 1176 1048 Sancti
1190 993 1296 1048 llartini
1315 993 1494 1049 Tornccensis
1515 993 1588 1050 lacta
1610 1002 1665 1060 est;
1691 1011 1755 1052 nam

106 1096 177 1144 rant.
194 1085 413 1158 Contigitentem
428 1099 476 1139 eos
485 1083 573 1139 redire
584 1082 612 1137 in
625 1081 792 1138 Exultatione
801 1091 906 1139 sanctas
960 1082 987 1138 in
1002 1081 1118 1139 ecclesia
1133 1089 1224 1137 nostra
1239 1082 1327 1138 adhuc
1344 1091 1487 1138 serrantur
1507 1082 1651 1155 privilegia
1669 1084 1756 1142 sancti

107 1176 198 1232 crucis
213 1180 274 1244 (en.
291 1175 382 1244 loss),
399 1172 509 1245 quando
532 1171 669 1228 celebrem
693 1171 767 1226 illam
792 1187 906 1243 proces·
960 1171 1069 1227 Martini
1078 1169 1269 1240 Tornacensis,
1280 1186 1343 1244 quas
1353 1169 1477 1226 monachi
1492 1170 1756 1237 ejusWandalorum

109 1265 216 1322 ιὶοιιεω
230 1280 280 1335 per
294 1263 436 1318 circuitum
451 1261 525 1316 urbis
540 1259 665 1331 superius
679 1259 803 1315 diximus
826 1261 907 1315 insti·
960 1260 1178 1332 persecutionem
1201 1259 1339 1332 inplentes
1368 1258 1401 1314 nd
1427 1274 1479 1315 nos
1506 1258 1660 1327 attulerunt,
1678 1269 1705 1317 et
1718 1262 1756 1319 ibi

112 1361 197 1409 tutam
213 1351 357 1407 allebodo
373 1349 502 1420 episcopo
517 1364 565 1419 pro
579 1348 662 1420 ignea
675 1349 839 1420 pestilentie.
856 1350 907 1405 Ce-
960 1347 1136 1418 reliquerunt.
1161 1347 1222 1420 Ego
1246 1347 1306 1418 ipse
1321 1363 1388 1403 vero
1402 1346 1539 1403 multoties
1556 1349 1672 1420 quesivi
1692 1350 1756 1405 ubi-

109 1441 199 1499 nonici
212 1440 306 1512 itaque
320 1440 367 1512 qui
378 1438 438 1508 jam
458 1437 529 1494 urbe
552 1453 617 1493 curn
633 1445 792 1493 sanctorum
806 1438 908 1510 pigno·
961 1452 1023 1492 nam
1039 1444 1172 1492 terrarum
1187 1435 1222 1492 sit
1236 1436 1353 1492 ecclesis
1367 1436 1459 1492 Sancti
1473 1435 1582 1492 llartini
1598 1438 1757 1497 Tornacen-

116 1531 190 1587 ribus
204 1529 309 1603 egressi
321 1529 441 1595 luerent,
457 1534 486 1582 ut
500 1541 548 1582 eos
562 1525 661 1582 reverti
676 1528 831 1597 audierunt,
846 1544 908 1584 eum
961 1525 1007 1592 sis,
1025 1525 1074 1581 sed
1093 1525 1224 1581 hactenus
1253 1525 1322 1582 seire
1348 1524 1470 1597 nequivi.
1491 1547 1503 1573 ι
1523 1526 1599 1582 Tunc
1622 1529 1757 1586 monacho

117 1629 166 1675 tota
195 1617 375 1692 processione
389 1615 447 1672 lere
462 1630 499 1670 ex
514 1614 627 1671 millium
646 1616 786 1671 bominum
803 1616 842 1671 eis
854 1617 907 1672 ob·
961 1614 1086 1670 abbatem
1098 1614 1252 1669 sciscitante
1262 1614 1334 1669 unde
1345 1621 1427 1681 esset,
1439 1613 1566 1669 abbatem
1577 1613 1612 1670 de
1623 1615 1757 1672 Ferrariis

117 1709 180 1765 abur
197 1714 326 1780 pergunt,
337 1713 364 1761 et
378 1721 439 1760 curn
449 1705 549 1778 gaudio
560 1706 595 1760 ad
604 1705 633 1760 S.
645 1705 751 1761 liertim
762 1706 905 1762 ecclesiam
919 1726 948 1791 B
962 1719 992 1759 se
1006 1718 1065 1759 esse
1080 1702 1229 1774 respondit.
1250 1702 1372 1774 Rogatus
1394 1717 1459 1758 vero
1476 1703 1589 1757 multum
1603 1712 1632 1759 ut
1646 1706 1755 1762 Torna-

119 1813 158 1854 cos
170 1797 314 1852 reducunt.
960 1808 1021 1847 cum
1050 1792 1165 1857 reniret,
1183 1807 1235 1847 non
1254 1792 1304 1847 sibi
1319 1806 1419 1847 vacare
1434 1792 1585 1862 respondit.
1607 1794 1756 1852 Monachus

147 1889 189 1945 tn.
204 1885 312 1941 Exinde
334 1885 416 1957 eoepit
438 1883 561 1940 Ecclesia
586 1891 678 1940 nostra
700 1883 829 1955 paulatim
846 1900 907 1940 carru
960 1880 1072 1937 rediens
1087 1896 1150 1935 cum
1167 1882 1218 1935 boc
1232 1881 1311 1934 nobis
1327 1880 1473 1947 retulisset,
1489 1880 1562 1936 illico
1575 1898 1671 1937 rursus
1694 1899 1756 1939 cum

123 1974 163 2030 bei
175 1975 306 2044 adjutorio
322 1990 445 2030 creseere
459 1983 485 2028 ct
499 1972 672 2042 multiplicari
691 1973 820 2046 usquein
835 1989 906 2045 prae·
959 1968 1012 2024 alio
1029 1969 1176 2023 litterarum
1196 1968 1281 2039 perito
1296 1968 1481 2023 Cortoriacum
1510 1969 1665 2025 sciscitandi
1693 1972 1755 2044 plc-

125 2071 214 2120 scntem
226 2063 312 2119 diem.
331 2064 407 2119 Tunc
420 2063 537 2135 primum
551 2061 625 2118 cives
639 2063 825 2118 Tarracenses
843 2078 907 2118 cer·
960 2059 1021 2112 nius
1036 2057 1123 2130 gratia
1136 2056 1296 2123 remittitur;
1307 2055 1355 2111 sed
1367 2054 1453 2111 abbas
1464 2055 1572 2125 quiJam
1582 2058 1755 2129 discesserat,

126 2154 197 2208 tiores
211 2153 273 2208 lacti
298 2151 334 2208 de
355 2168 452 2208 eorum
474 2151 625 2216 stabilitate,
641 2149 783 2222 praelatum
797 2151 906 2223 episco-
960 2162 1016 2202 non
1029 2145 1174 2202 invenitor.
1199 2146 1312 2217 llagnus
1328 2144 1407 2199 nobis
1423 2143 1510 2214 dolor,
1527 2161 1628 2218 magna
1643 2147 1757 2218 questio

128 2258 179 2313 pum
194 2241 302 2306 adeunt,
320 2248 454 2296 terrerum
469 2241 647 2311 cadauerum
663 2239 695 2296 S.
713 2240 832 2308 llartini,
847 2257 907 2312 quae
960 2235 1083 2290 exoritur
1106 2235 1153 2289 ubi
1168 2233 1202 2288 sit
1217 2232 1399 2289 Ferrariensis
1425 2233 1566 2303 Ecclesic;
1595 2236 1752 2307 quaerimus,
1842 2266 1845 2279 .

130 2331 251 2401 qnondam
267 2329 402 2385 destructo
415 2328 540 2386 coenobio
554 2329 581 2383 in
593 2343 675 2383 manu
690 2329 813 2401 episcopi
825 2330 907 2385 dere·
959 2323 1009 2380 sed
1024 2322 1130 2378 discere
1143 2321 1325 2393 nequivimus.

130 2426 222 2484 reram,
237 2419 313 2475 etde
328 2433 414 2474 manu
429 2418 551 2491 episcopi
567 2417 594 2471 in
609 2416 741 2474 benelicio
767 2418 906 2484 tenebant,
995 2414 1041 2468 li.
1060 2413 1125 2466 Post
1138 2410 1207 2467 dnos
1230 2427 1315 2466 annos
1338 2409 1468 2482 generale
1492 2411 1637 2467 concilium
1653 2427 1669 2467 s
1683 2427 1756 2485 pepe

127 2507 281 2562 mentionem
309 2506 422 2572 laclnnt,
438 2514 521 2576 utque
537 2521 583 2561 eas
597 2505 625 2561 S.
641 2507 755 2562 blartino
781 2506 908 2561 redderet
961 2495 1067 2552 GalillO
1095 2495 1187 2550 Remis
1211 2495 1348 2561 indicium
1363 2495 1410 2568 qui
1426 2510 1497 2567 pepe
1523 2495 1753 2555 st'tlet'effllssle·

126 2594 274 2651 unanimiter
305 2596 468 2667 deposcunt.
503 2595 545 2649 lia
569 2602 728 2665 tempestate
757 2595 908 2650 Bclduinus
960 2585 1068 2640 mantiae
1092 2583 1248 2652 comitisse,
1265 2585 1310 2654 qui
1327 2584 1638 2655 priusluitl'iennensis
1662 2587 1755 2642 archi-

126 2682 163 2738 illp
180 2685 326 2740 {dimidius
339 2682 530 2750 Tompoensis,
546 2684 622 2753 cujus
646 2683 770 2755 superius
793 2684 908 2739 mentio.
960 2674 1114 2745 episcopus,
1131 2680 1158 2729 θῑ
1172 2672 1320 2729 voedbssilll‘
1333 2672 1436 2729 Guido.
1461 2672 1501 2727 lbi
1515 2689 1578 2744 Spes
1592 2673 1695 2747 ailquid
1708 2690 1755 2731 du·

129 2788 180 2827 nem
194 2772 251 2838 leci,
264 2774 323 2845 jara
337 2773 438 2829 seculo
457 2773 668 2838 renuntiaverat,
685 2779 712 2828 ct
733 2772 761 2826 in
783 2772 908 2828 coenobio
960 2762 1051 2819 <fiendi
1079 2761 1160 2818 110bi⁸
1188 2762 1348 2828 renascilub
1376 2761 1480 2835 flegfflii
1508 2761 1589 2831 huius
1618 2763 1757 2836 ῑῦἂθεῡῑίῠ

127 2861 250 2925 mensi,
263 2862 337 2935 qnod
352 2862 381 2916 in
392 2861 591 2918 Nortbmannia
605 2862 686 2916 situm
701 2869 750 2929 est,
761 2862 812 2916 sub
827 2877 908 2917 vene·
961 2852 1027 2907 mihi
1054 2851 1213 2921 ifflPOUilulr
1230 2866 1291 2906 0¹¹¹ss
1316 2850 1443 2918 necdum,
1467 2851 1537 2907 ⁸50¹ss
1560 2860 1641 2922 9⁰¹0,
1665 2868 1757 2909 0⁸⁵⁰m

128 2950 193 3004 [phili
206 2950 304 3007 abbstie
319 2950 422 3007 domno
436 2949 563 3006 Angelmo
577 2949 748 3020 postmodum
770 2949 906 3019 archiepi-
961 2941 1104 2995 diaconae.
1141 2941 1208 2995 TOid
1241 2939 1285 2995 die
1317 2939 1453 2996 circumeo
1479 2938 1622 2996 ecclesiam
1650 2941 1757 2999 Sssllciae

125 3054 194 3108 5me
216 3038 418 3106 Cflssiufll‘lesssi,
443 3039 592 3093 monachus
616 3037 702 3094 [acius
725 3038 826 3093 fuerat·
849 3039 907 3093 fla.
963 3029 1066 3092 dissl'lae,
1082 3036 1109 3084 ei
1133 3028 1160 3082 in
1185 3034 1260 3084 [stilio
1283 3038 1415 3084 convenit!
1431 3043 1590 3100 oppreSSUS‚
1606 3030 1757 3102 cuicunque

125 3126 202 3182 (lullus
224 3144 288 3184 uero
310 3143 457 3197 germanus
480 3130 542 3199 ejus
566 3127 646 3183 miles
669 3126 906 3182 strenuissimnsei
962 3120 1095 3173 monacho
1124 3117 1205 3173 ObviO
1234 3117 1280 3172 ubi
1308 3118 1341 3172 sil
1368 3117 1512 3172 Fert'flrias
1534 3119 1652 3189 requiro,
1669 3129 1757 3191 elpes

126 3214 148 3270 in
167 3217 339 3272 advocatione
364 3216 495 3273 successit
520 3224 658 3288 terrasque
683 3215 772 3272 Sancti
800 3215 906 3270 Martini
961 3206 1076 3261 triduum
1106 3206 1172 3260 nihii
1201 3205 1321 3277 proficio.
1344 3206 1480 3261 interdum
1495 3206 1602 3278 deficio,
1618 3207 1668 3264 sed
1683 3208 1756 3266 Vires

126 3320 176 3360 eum
190 3306 364 3362 advocatione
378 3307 406 3361 in
418 3304 552 3361 beneficio
566 3306 601 3361 de
615 3322 695 3360 manu
711 3305 834 3376 episcopi
857 3322 906 3359 sn·
960 3294 1050 3350 reddil
1066 3294 1132 3349 mihi
1146 3293 1192 3349 ille
1207 3295 1357 3350 versiculus
1374 3309 1381 3347 :

125 3395 205 3465 acepit.
233 3397 309 3451 llunc
338 3395 431 3467 itaque
456 3394 603 3450 lladnllum
632 3393 776 3465 episcopos
804 3400 907 3450 secrete
1070 3433 1078 3448 .
1124 3438 1131 3452 .
1177 3433 1184 3448 .
1230 3434 1237 3448 .
1278 3392 1571 3450 Laboromnicvincit

126 3496 280 3551 mecoenas,
296 3483 428 3540 suasoriis
441 3483 532 3540 verbis
545 3483 578 3539 ad
591 3483 792 3554 eleemosynam
805 3498 906 3539 accen·
1031 3481 1176 3551 lmprobns
1180 3522 1396 3539 .....

126 3569 180 3627 dere
192 3573 281 3645 coepit,
297 3581 325 3628 et
338 3572 373 3627 ad
387 3571 511 3627 ultimum
523 3580 552 3628 ut
566 3571 674 3628 easdem
698 3580 785 3627 terres
808 3586 906 3628 mona·
1075 3572 1197 3643 (Vincis.
1216 3569 1320 3642 Georp.
1338 3587 1356 3638 1,
1374 3573 1435 3638 tls,
1454 3573 1529 3645 lid.)

125 3659 177 3715 cbis
201 3662 252 3717 illis
279 3661 445 3734 pauperibus
478 3677 528 3734 pro
561 3660 650 3717 enims
678 3676 728 3716 sua
751 3660 906 3727 dimitteret,
995 3667 1117 3725 Tandem
1146 3669 1174 3723 in
1201 3669 1359 3741 episcopatu
1374 3669 1518 3727 Parisiensi
1537 3672 1674 3729 Ferrarius
1695 3688 1758 3731 esse

126 3751 219 3822 rogavit
231 3768 239 3815 ;
253 3758 317 3817 el,0
331 3749 501 3807 incredibilis
516 3750 632 3823 Spirilus
646 3750 732 3807 seneli
746 3749 905 3805 clementiat
961 3758 1053 3824 audio,
1070 3758 1123 3813 Deo
1138 3758 1246 3829 pretias
1267 3758 1364 3824 clamo,
1382 3775 1431 3829 per
1451 3759 1564 3816 clericos
1592 3762 1758 3819 Parisienses

128 3838 312 3896 inflammslum
343 3839 417 3895 illico
436 3855 484 3896 ⁰0r
504 3838 622 3895 hominis
645 3845 703 3906 0⁸1,
727 3838 847 3911 benigne
872 3837 908 3892 ld
961 3846 1088 3902 abbatem
1100 3845 1298 3902 Ferrariensem
1314 3860 1443 3919 agnosco,
1455 3851 1576 3920 protinus
1591 3850 1667 3906 illum
1682 3851 1758 3908 adire

128 3929 207 3985 onan
234 3929 385 4002 respondit,
400 3936 428 3984 et
440 3928 498 3985 sine
520 3928 575 3984 ulle
597 3928 727 3985 dilatione
750 3935 834 3984 terras
848 3927 908 3983 illas
961 3935 1053 4007 cupio,
1070 3935 1118 3990 sed
1147 3935 1226 3990 turba
1253 3934 1422 4006 impediente
1438 3953 1559 4011 nequeo.
1576 3938 1697 3995 Tandem
1712 3939 1758 3996 diu

127 4016 242 4090 episcopo
257 4018 389 4085 reddidit;
405 4018 629 4090 episcopnsvem
644 4016 908 4089 casprivilegiilll)
963 4022 1143 4079 desideratam
1167 4037 1238 4095 papa
1266 4024 1384 4080 donante
1419 4026 1579 4081 comedendi
1607 4027 1756 4100 licentiam,

127 4107 163 4161 sui
186 4107 341 4164 auctoritate
371 4107 471 4162 Sancto
498 4105 612 4163 blarlino
639 4105 740 4162 liberas
774 4105 904 4162 reddidit.
962 4112 1053 4168 abbati
1081 4128 1125 4168 me
1153 4112 1309 4186 conjungo‚·
1338 4113 1419 4169 verba
1436 4131 1499 4187 quae
1517 4117 1651 4173 monacho
1666 4116 1758 4174 Sancti

126 4194 172 4252 Sed
184 4198 244 4269 quie
259 4205 360 4269 praeter
385 4195 451 4252 illud
477 4193 649 4266 privilegium
671 4195 773 4251 nullum
792 4193 909 4265 antiquae
961 4200 1068 4256 liertini
1083 4201 1263 4256 Tornecensis
1281 4200 1353 4271 apud
1368 4202 1558 4260 corturiacum
1587 4213 1650 4261 ante
1677 4206 1758 4262 bien-

125 4286 256 4355 scriptorae
290 4286 424 4341 babemus
462 4285 662 4352 testimonium,
691 4283 766 4353 quod
794 4282 910 4339 ecclesia
964 4289 1039 4344 nium
1056 4290 1277 4355 dixeratrecolo,
1295 4290 1453 4347 lacileeum
1471 4293 1606 4349 recordari
1630 4295 1757 4366 gaude03

124 4386 205 4428 nostra
229 4375 374 4447 antiquitus
401 4373 510 4430 abbatia
536 4375 633 4438 lue-ir,
660 4373 711 4427 nisi
736 4372 909 4429 solummodo
962 4379 1027 4448 quid
1042 4379 1067 4433 in
1084 4379 1136 4433 illis
1151 4379 1377 4451 privilegiisque
1391 4381 1465 4450 epod
1489 4397 1518 4436 so
1543 4384 1650 4438 servari
1677 4383 1759 4440 dixe·

125 4465 189 4532 quod
214 4465 365 4520 continetur
378 4463 406 4518 in
420 4464 482 4518 Vita
497 4463 582 4519 sancti
606 4462 687 4534 litigii
715 4463 843 4532 episcopi,
860 4460 907 4531 qul
922 4452 948 4516 D
965 4477 1007 4522 rat
1031 4467 1200 4522 contineatur
1227 4468 1360 4526 sciscitor.
1394 4470 1543 4540 Respondit
1570 4471 1658 4526 Caroli
1685 4473 1759 4545 regis

126 4554 236 4608 monens
249 4562 364 4609 euocato
379 4552 527 4609 balderedo
537 4551 703 4608 lomacensi
718 4551 825 4618 abbate,
838 4567 908 4623 prae-
962 4555 1128 4613 Francorum
1144 4573 1205 4612 esse
1222 4557 1405 4630 privilegium,
1423 4559 1512 4631 sigillo
1531 4561 1590 4630 ejus
1611 4559 1758 4617 confirma-

124 4643 185 4712 eepit
198 4643 221 4698 ei
237 4659 271 4698 ne
285 4643 320 4697 ad
335 4658 400 4698 suos
413 4642 527 4697 Turonis
556 4641 673 4711 rediret,
701 4641 792 4695 minus
818 4640 907 4697 confi·
962 4655 1028 4712 tum,
1054 4649 1080 4701 et
1101 4645 1129 4699 in
1154 4661 1186 4701 eo
1210 4647 1337 4716 scriptum
1363 4662 1424 4703 esse
1439 4649 1524 4721 quod,
1538 4656 1646 4718 petente
1662 4649 1759 4723 lagel-

125 4729 213 4786 denter
241 4747 302 4786 eam
327 4730 493 4788 confirmans
528 4729 666 4785 abbatiam
700 4730 800 4798 luisse;
830 4728 910 4784 luerit
962 4750 1051 4789 ranno
1071 4733 1173 4790 comite
1188 4735 1221 4790 de
1236 4735 1436 4791 Castellendum
1452 4754 1501 4791 rcx
1517 4738 1629 4794 Carolus
1655 4738 1759 4794 dederit

124 4834 185 4892 crgo
211 4836 306 4883 necne,
322 4820 389 4875 illud
402 4818 516 4876 tidenter
530 4819 675 4874 asserimus
687 4818 815 4875 domnum
831 4817 909 4873 Odo-
962 4823 1065 4879 Sancto
1091 4823 1206 4879 blartino
1229 4824 1411 4891 Tornaccnsi,
1440 4826 1533 4881 villam
1562 4842 1623 4897 quae
1647 4836 1760 4884 vocatur

123 4924 180 4964 nem
193 4910 260 4964 nibil
276 4910 303 4964 in
318 4925 351 4965 ea
366 4909 510 4965 invenisse.
531 4908 602 4978 Quid
617 4909 701 4964 etiem
715 4907 782 4963 mibi
795 4907 823 4963 in
839 4907 907 4964 ado·
963 4912 1121 4983 Snpastbi)
1137 4912 1163 4966 in
1179 4928 1251 4985 pago
1267 4913 1419 4979 l‘arisiensi,
1448 4930 1513 4969 curn
1541 4914 1705 4972 molendinis
1732 4925 1759 4973 et

122 4996 241 5055 lassentin
255 4999 399 5071 contigerit
412 4999 513 5055 dicam.
962 5000 1090 5058 omnibus
1117 5001 1204 5073 aquis,
1222 5002 1477 5073 opportunitatibus,
1493 5004 1624 5075 appositis
1651 5005 1678 5060 in
1706 5005 1759 5062 line

152 5090 196 5143 ll.
214 5087 333 5158 Quidam
349 5102 385 5144 ex
399 5087 540 5145 monachis
554 5089 656 5144 nostris
670 5086 860 5144 Corturiecnm
875 5085 910 5141 ed
962 5090 1087 5158 testibus
1102 5097 1129 5145 et
1143 5090 1187 5146 die
1202 5091 1280 5145 simul
1296 5105 1329 5147 uc
1345 5091 1405 5147 loco
1419 5092 1584 5150 donationis.
1600 5095 1679 5167 lingo
1693 5094 1760 5151 illud

122 5175 292 5233 clenentiam
318 5179 484 5234 comitissam
498 5178 627 5244 directus,
642 5176 745 5232 invenit
757 5176 795 5231 ibi
810 5191 908 5249 qnem—
962 5179 1028 5233 mihi
1043 5179 1100 5233 deri
1115 5179 1298 5252 privilegium,
1313 5180 1441 5250 quoniam
1456 5182 1508 5254 ipsi
1523 5198 1576 5239 non
1592 5193 1649 5238 erat
1673 5183 1757 5256 proli-

122 5263 176 5321 dcm
189 5267 315 5324 abbatem
329 5267 377 5339 qui
390 5267 426 5324 nd
439 5267 563 5324 mindam
576 5274 697 5324 venerat.
716 5267 740 5322 Α
755 5281 808 5338 qna
822 5265 909 5322 inter·
962 5284 1051 5325 cuum.
1072 5269 1229 5341 Respondet
1243 5284 1273 5326 se
1287 5283 1342 5326 non
1357 5270 1447 5343 gratis
1461 5271 1528 5327 illud
1542 5271 1679 5329 daturum.
1696 5274 1758 5330 iro·

150 5441 205 5518 (rt)
219 5443 378 5527 Privilcpll.
406 5443 438 5501 ld
450 5443 530 5527 privil
568 5443 625 5501 'um
635 5443 720 5527 refert
732 5444 769 5500 Ι).
787 5442 910 5527 Epidius
998 5446 1161 5527 (immor
1173 5444 1244 5503 Gall.
1262 5448 1539 5522 §oppres-sanleia
1566 5448 1595 5524 [l.
1612 5449 1709 5527 Septi
1729 5449 1757 5512 in

120 5511 514 5661 Ειᾳιιιιιιῶιιιιὲιᾶιηωί
561 5532 717 5575 orbacensis
739 5515 768 5572 in
791 5517 910 5572 Historia
963 5517 1065 5574 diocesi
1079 5518 1223 5574 senonice.
1483 5564 1492 5574 ,
