3728 6000
97 252 150 310 587

601 243 791 303 colluatur
810 243 838 298 S.
860 239 1077 298 Turonorum
1095 232 1240 298 histris

1695 244 1747 298 588

94 378 166 433 bona
182 391 243 449 quae
258 372 394 444 pertinent
415 365 449 429 ad
463 370 605 428 colendum
633 371 731 438 Deum,
753 370 814 441 ipse
829 367 893 424 lacit
906 367 935 429 A
949 384 1010 440 qua)
1024 374 1163 438 reputatur
1183 366 1218 422 ad
1229 365 1377 435 justitiam:
1394 383 1455 439 quar
1468 381 1555 438 capax
1571 366 1668 439 gratiae
1688 366 1750 423 elli·

96 475 125 521 ut
140 466 177 520 illi
195 465 296 519 iaciant
311 480 370 534 quae
385 463 514 534 praecepit
529 481 536 528 ;
553 477 607 517 ιιι
621 459 661 516 illi
675 460 778 516 iaciunt
792 461 821 513 ut
834 458 893 528 ipse

96 555 179 612 iaciat
194 554 266 625 quod
290 552 427 623 promisit.
454 551 561 620 Alioqui
576 559 604 604 ut
625 549 675 605 Dei
689 547 827 620 promissa
840 547 895 602 im-

96 644 233 716 pleantur,
251 657 305 697 nou
319 641 347 695 in
359 641 418 708 Del,
438 640 485 695 sed
500 640 528 694 in
544 638 661 694 bominis
681 644 816 709 potestate
830 643 892 698 est;

97 740 124 788 et
142 732 216 805 quod
230 749 247 786 a
260 730 377 786 Domino
386 728 552 801 promissum
567 735 617 794 est,
633 727 667 782 ab
678 727 788 781 homine
802 724 895 780 reddi·

98 831 142 878 tur
155 821 286 876 Abrahae.
305 818 366 873 Non
381 826 473 873 autem
482 816 644 874 siccredidit
657 816 810 880 Abraham3
823 836 833 863 a
844 812 894 869 sed

96 909 213 967 credidit
227 909 295 962 dans
313 908 432 978 gloriam
447 908 515 973 Deo,
539 905 667 976 quoniam
689 920 749 975 quae
769 901 895 975 promisit

98 1006 195 1070 potens
209 1005 251 1053 ιιι
265 1005 291 1052 ιι
307 996 403 1052 lacere.
416 1019 426 1045 ι
447 996 556 1062 Facere,
565 994 660 1065 inquit,
671 1009 726 1048 non
735 991 892 1064 predicere,

96 1086 141 1144 vel
154 1087 290 1159 praescire.
303 1085 358 1141 Sua
372 1101 438 1156 ergo
453 1092 480 1139 et
494 1098 547 1139 non
563 1083 654 1139 aliena
674 1080 745 1138 laeta
760 1079 893 1152 promisit,

16 1170 19 1177 ¹
99 1191 161 1233 eum
175 1176 203 1230 in
218 1174 270 1230 tide
285 1175 406 1247 gentium
427 1173 554 1245 promisit
572 1171 644 1228 lilios
666 1169 784 1226 Abrabae
800 1190 806 1224 ι
824 1168 896 1241 quod

100 1280 161 1320 esse
176 1280 230 1320 non
246 1267 369 1334 possunt,
386 1263 409 1318 si
424 1278 477 1318 non
493 1263 609 1317 habeant
623 1260 714 1315 fidem.
725 1260 799 1332 Ergo
813 1259 896 1314 donat

99 1363 126 1410 et
147 1353 234 1425 ipsam
257 1352 348 1407 fidem.
372 1352 428 1407 Sed
455 1369 517 1408 cnm
538 1350 647 1415 dieitur,
669 1348 803 1420 inquiunt,
822 1371 833 1395 r
850 1347 896 1418 qui

101 1443 246 1498 crediderit
268 1442 359 1497 salvus
379 1441 429 1497 erit
455 1443 548 1510 {llere¹
571 1440 628 1508 xri)
644 1457 651 1507 3
670 1454 779 1493 »unum
799 1437 897 1493 horum

100 1531 232 1603 exigitur,
252 1530 366 1586 alterum
389 1528 514 1585 offertur.
538 1527 618 1597 Quod
647 1527 768 1599 exigitur
789 1525 823 1580 ab
844 1527 896 1580 ho·

103 1621 186 1688 mine,
199 1620 227 1674 in
243 1619 364 1674 hominis
379 1624 510 1690 potestate
528 1624 589 1680 est;
605 1617 678 1689 qnod
692 1615 803 1673 offertur
819 1656 826 1684 ,
843 1630 895 1686 po-

947 458 1026 512 eitur.
1042 457 1102 512 lloc
1115 463 1205 512 autem
1227 455 1359 528 contingit
1380 455 1478 512 semini
1500 456 1629 512 Abrahae:
1647 473 1702 513 non
1724 457 1751 513 ei

947 552 1050 601 tantum
1074 545 1118 615 qui
1133 545 1242 617 exlege
1257 551 1308 609 est,
1324 545 1351 600 id
1366 554 1407 601 ost
1422 561 1456 601 ex
1470 545 1663 602 observatione
1677 546 1748 617 legis

947 636 1026 691 venit
1041 635 1075 690 ad
1089 636 1213 708 gratiam,
1236 634 1285 690 sed
1308 634 1374 690 etei
1398 634 1444 707 qui
1464 650 1497 690 ex
1521 632 1585 702 fide,
1611 635 1639 690 id
1659 643 1701 690 est
1714 650 1750 691 ex

948 725 1007 780 sola
1020 724 1176 781 imitatione
1190 722 1255 778 ildei
1278 731 1416 793 reputatur
1435 723 1506 779 iilius
1521 724 1646 791 Abrabae,
1671 723 1700 780 in
1715 738 1749 780 oo

947 814 975 869 in
989 831 1042 887 quo
1064 814 1168 885 positus
1183 818 1225 869 est
1245 813 1326 868 Pater
1346 813 1469 869 omnium
1489 813 1667 881 credentium,
1693 821 1749 867 tam

948 919 984 959 ex
997 903 1126 977 gentibus
1145 917 1228 972 quam
1250 918 1284 958 ex
1296 902 1407 959 Judaeis.
1427 924 1438 951 ι
1455 901 1506 972 Qui
1529 901 1646 959 vivificat
1669 917 1748 958 mer-

949 1000 1016 1060 tuos,
1032 1015 1043 1040 »
1061 992 1104 1047 vel
1119 999 1242 1048 mortuos
1256 992 1285 1045 in
1299 993 1390 1047 anima
1403 1005 1492 1047 morte
1507 993 1610 1062 peccati
1623 1010 1631 1057 ;
1646 990 1690 1048 rel
1702 990 1748 1061 qui

948 1081 1075 1137 colebant
1090 1081 1174 1150 idola,
1189 1082 1338 1138 seeundum
1354 1082 1517 1152 prophetam
1525 1080 1678 1137 simulacris
1693 1080 1749 1135 suis

948 1171 1050 1226 similes
1064 1169 1162 1227 effecti.
1178 1193 1189 1220 ι
1208 1172 1240 1224 Et
1253 1170 1299 1242 qui
1314 1178 1394 1226 vocat
1407 1186 1441 1226 ea
1457 1186 1518 1242 quae
1532 1186 1587 1225 non
1602 1179 1674 1237 sunt,
1691 1177 1750 1225 tan·

949 1276 1031 1330 quam
1044 1276 1077 1316 ea
1093 1277 1152 1330 quar
1170 1266 1242 1314 sunt.
1261 1282 1271 1309 a
1297 1258 1426 1329 Quicum
1449 1275 1482 1315 eo
1506 1259 1678 1331 participium
1695 1275 1751 1314 non

950 1350 1040 1414 habet,
1057 1349 1105 1422 qui
1120 1348 1185 1404 dicit
1202 1367 1209 1403 :
1228 1348 1314 1420 «Ego
1330 1364 1390 1403 sum
1410 1347 1459 1421 qui
1473 1364 1532 1402 sum
1548 1348 1651 1417 (daed.
1665 1349 1718 1417 ιιι),
1736 1370 1747 1395 υ

950 1453 1064 1494 necesse
1077 1437 1208 1493 dicendus
1223 1446 1273 1492 est.

987 1528 1070 1581 Vens.
1089 1528 1133 1592 18,
1151 1529 1193 1581 ts.
1205 1557 1239 1567 -
1251 1550 1261 1575 r
1279 1526 1333 1595 Qui
1348 1534 1441 1598 eontra
1462 1542 1538 1598 spem
1554 1526 1581 1581 in
1595 1543 1673 1598 spem
1689 1542 1751 1582 cre-

949 1616 1025 1671 didit.
1044 1635 1056 1666 s
1073 1616 1173 1672 Contra
1187 1631 1265 1687 spem
1279 1615 1337 1686 ipse
1358 1615 1409 1671 sibi
1424 1623 1493 1683 erat,
1510 1617 1552 1672 cui
1567 1632 1643 1687 spem
1658 1632 1750 1688 gene-

100 1709 208 1765 testatis
220 1709 270 1762 Dei
285 1715 335 1763 est.
352 1709 385 1762 Et
399 1723 447 1763 our
459 1715 607 1778 utrumque
621 1721 676 1761 non
695 1704 897 1776 eritpotestatis
909 1720 936 1781 Β
951 1704 1029 1760 randi
1043 1712 1096 1759 tam
1110 1720 1162 1760 sua
1176 1712 1302 1760 senectus
1324 1719 1406 1775 quam
1431 1704 1563 1778 conjugis
1584 1713 1611 1759 et
1625 1713 1752 1760 senectus

101 1796 165 1862 Dei,
175 1804 201 1851 et
211 1796 284 1868 quod
292 1796 370 1865 jubet
386 1804 412 1851 et
426 1797 499 1867 quod
513 1794 616 1852 offerti
630 1798 688 1851 lmo
704 1791 897 1867 rogeturquod
950 1801 977 1851 et
992 1795 1119 1850 sterilitas
1142 1795 1305 1868 denegabat.
1331 1794 1433 1850 Contra
1450 1811 1511 1866 quse
1525 1794 1616 1849 omnia
1637 1795 1752 1850 credidit

98 1886 184 1955 jubet,
202 1900 282 1957 quem
304 1892 399 1957 rogant
421 1884 547 1956 discipuli
567 1883 719 1953 eredentes,
743 1888 771 1939 ut
792 1883 832 1939 eis
844 1899 895 1937 au·
950 1885 977 1939 in
993 1900 1080 1956 spem,
1097 1884 1160 1957 quia
1173 1883 1290 1940 eredidit
1305 1885 1371 1951 Deo,
1388 1884 1436 1954 qui
1451 1883 1533 1937 dabat
1546 1899 1633 1954 spem,
1647 1884 1693 1939 oui
1708 1884 1751 1937 la-

99 1983 196 2047 geatur
210 1973 278 2030 lides
295 1974 374 2042 (Luc.
390 1974 469 2046 xvir).

136 2087 147 2111 a
167 2065 254 2119 laus.
272 2064 405 2119 lC-Ex
419 2063 473 2118 lide
489 2078 557 2136 ergo
574 2084 585 2114 ι
603 2063 712 2119 omnia:
731 2072 783 2117 (ιι
800 2078 896 2117 secun-

98 2154 163 2210 dum
177 2154 293 2225 grntiam
308 2151 387 2207 firma
402 2153 435 2207 sit
449 2152 594 2223 promissio
602 2154 676 2208 omui
690 2151 861 2217 semini,non
871 2149 896 2206 ei

98 2242 255 2314 tantumqui
263 2242 420 2314 exlegeest‚
431 2264 441 2289 u
451 2241 576 2313 idestqui
584 2257 621 2296 ex
629 2240 896 2297 l'eteriTestamento

98 2331 212 2386 venitad
224 2330 352 2396 Nornm;
370 2353 380 2378 u
397 2330 445 2385 sed
454 2330 523 2398 etei,
532 2329 578 2402 qui
592 2346 625 2385 es
634 2329 686 2384 lide
695 2329 868 2392 esthbrabae,
882 2351 893 2376 n

97 2418 184 2473 idest
204 2418 323 2473 imitator
341 2418 403 2473 lidei
424 2418 551 2483 Abrahae,
576 2418 614 2472 nil
638 2433 768 2489 arrogans
796 2417 847 2472 sibi
862 2416 896 2472 de

98 2506 232 2578 promissa
256 2507 328 2580 lege,
357 2507 405 2561 sed
432 2506 547 2578 simplex
576 2506 637 2576 ejus
665 2506 735 2561 iilius
762 2513 812 2574 est,
839 2503 896 2578 qui,

100 2603 230 2669 quantum
239 2596 273 2652 ad
292 2594 383 2665 fidem,
403 2596 511 2652 «Pater
532 2602 573 2651 est
587 2595 708 2652 omnium
731 2602 863 2661 nostrum,
883 2617 894 2642 r

950 1973 1003 2030 eile
1017 1990 1077 2030 esse
1097 1974 1202 2030 sciebat
1225 1973 1342 2044 implere
1364 1972 1439 2043 quod
1463 1973 1650 2042 promittebat.
1680 1975 1753 2028 Bene

950 2062 1130 2131 autemdicit,
1151 2062 1267 2118 credidit
1286 2062 1314 2117 ιι
1329 2077 1416 2132 spem,
1433 2062 1496 2133 quia
1510 2077 1542 2116 ex
1559 2060 1611 2116 lide
1637 2061 1753 2132 proiecit

950 2153 978 2206 in
998 2168 1086 2223 spem.
1111 2152 1249 2208 Proiectus
1275 2151 1346 2206 enim
1368 2151 1434 2206 ildei
1456 2168 1519 2223 spes
1548 2160 1599 2218 est,
1622 2150 1752 2221 perfectio

950 2250 1042 2296 autem
1065 2241 1194 2297 clraritas.
1217 2264 1227 2289 ι
1249 2242 1310 2296 Non
1332 2239 1482 2296 infirmatus
1501 2248 1542 2296 est
1563 2239 1627 2305 fide,
1654 2262 1665 2289 ι
1689 2256 1752 2296 cum

949 2332 1032 2386 multa
1048 2338 1147 2397 essem,
1162 2339 1192 2385 ut
1204 2330 1306 2386 dietum
1322 2338 1370 2398 est,
1386 2346 1447 2401 quae
1462 2329 1547 2400 ipsam
1569 2329 1593 2384 ei
1608 2328 1690 2385 fidem
1706 2329 1751 2383 in-

951 2417 1058 2474 firmare
1081 2434 1164 2491 posse
1188 2419 1358 2474 videbantur.
1376 2419 1521 2474 Credondo
1540 2425 1631 2474 autern
1648 2417 1753 2474 «dedit

951 2508 1067 2580 gloriam
1089 2509 1157 2573 lieo,
1183 2507 1339 2579 plenissime
1356 2507 1447 2563 sciens
1466 2531 1477 2555 ι
1494 2506 1557 2577 quia
1573 2524 1624 2562 nec
1647 2507 1754 2563 falleret

951 2597 979 2651 in
993 2597 1187 2668 promittendo,
1203 2612 1254 2653 nee
1278 2595 1407 2652 deiiceret
1421 2596 1448 2650 in
1467 2595 1605 2667 implendo
1620 2596 1665 2666 qni
1685 2611 1753 2667 pro-

99 2693 156 2740 tam
169 2686 324 2741 iudaeorum
338 2701 420 2756 quam
434 2684 588 2757 gentilium.
951 2687 1073 2741 miseret.
1092 2707 1104 2734 ιι
1120 2686 1176 2740 Νιι
1192 2684 1483 2756 corasideravitcorpus
1498 2699 1575 2739 suum
1586 2692 1750 2752 emortuum,

137 2775 218 2831 Vnas.
242 2776 285 2828 tl.
299 2805 333 2815 -
351 2797 361 2821 u
380 2774 455 2829 Sicut
476 2774 606 2844 scriptum
632 2783 683 2839 est,
706 2774 769 2844 quia
788 2781 897 2843 patrem
952 2791 1013 2831 eum
1028 2774 1086 2830 lere
1100 2781 1208 2828 centum
1226 2789 1358 2829 annorum
1380 2781 1460 2840 esset,
1476 2781 1502 2828 et
1517 2781 1664 2829 emortuam
1689 2773 1753 2828 sul-

100 2863 245 2918 multarum
260 2864 381 2935 gentium
400 2863 480 2934 posui
498 2871 522 2918 te
536 2872 598 2918 ante
623 2865 718 2930 Deum,
740 2863 784 2919 cui
805 2862 898 2918 credi·
952 2881 1014 2919 ram
1028 2863 1114 2919 Sarae.
1133 2863 1220 2918 »Noa
1234 2864 1305 2917 enim
1314 2863 1373 2932 jam
1389 2879 1482 2919 semen
1498 2862 1635 2917 Abrabam
1650 2862 1750 2919 incon-

103 2953 164 3007 disti
182 2970 188 3011 ;
205 2952 251 3025 qui
270 2952 387 3008 vivificat
403 2959 534 3018 mortuos,
559 2959 586 3008 et
607 2960 687 3008 vocat
707 2970 741 3008 ea
762 2969 823 3024 qnae
843 2967 898 3007 non
952 2953 1071 3009 tinentia
1081 2951 1753 3026 agebatdissolutio‚nonsanetamejusconjugern

102 3050 174 3110 sunt,
191 3049 320 3114 tanquam
335 3058 368 3097 ea
383 3049 521 3113 quaesunt.
540 3041 658 3108 avocat,
682 3042 744 3113 quia
762 3042 821 3113 ipse
835 3040 900 3097 fecit
915 3078 940 3143 ο
953 3041 1066 3098 lascivia
1080 3039 1231 3106 muliebris,
1247 3040 1275 3094 in
1296 3040 1395 3112 quibus
1413 3041 1471 3111 jam
1486 3040 1549 3111 plus
1566 3056 1600 3096 ex
1622 3039 1756 3112 religione

102 3147 163 3204 quae
185 3130 276 3186 lutura
294 3138 365 3186 sunt.
388 3131 422 3185 Et
442 3135 566 3186 naturam
590 3139 617 3186 et
637 3130 754 3203 gratiam
776 3130 803 3183 in
821 3130 902 3185 nobis
957 3147 1039 3203 quarn
1054 3147 1088 3185 ιιι
1113 3137 1208 3184 natum
1234 3129 1345 3201 rigebat
1358 3129 1545 3185 membrorum
1568 3128 1755 3186 mortificatio.

101 3221 162 3291 ipse
175 3219 383 3290 predestinavit
400 3237 407 3283 ;
423 3227 450 3274 et
464 3219 529 3275 lacit
543 3221 626 3288 Deus,
642 3227 669 3275 et
684 3218 757 3290 quod
780 3219 903 3274 homines
955 3220 1009 3276 Sed
1018 3219 1064 3274 ubi
1074 3218 1220 3274 audierunt
1230 3223 1333 3273 tantam
1344 3219 1446 3274 sobolis
1455 3219 1656 3290 etposteritatis
1664 3235 1753 3290 spem,

102 3325 205 3377 sumus,
219 3317 246 3364 ιι
256 3308 329 3379 quod
343 3307 438 3364 fideles
453 3324 557 3375 sumus,
572 3309 716 3380 ipsamque
737 3307 801 3364 iacit
819 3308 903 3378 justi·
956 3315 985 3364 ut
999 3308 1114 3381 gloriam
1129 3309 1189 3379 ejus
1206 3309 1276 3364 coelo
1291 3315 1316 3363 et
1336 3308 1469 3363 sideribus
1491 3310 1563 3364 Deus
1590 3307 1759 3379 promitteret

103 3399 177 3467 tiam,
197 3398 219 3453 si
232 3398 298 3468 justi
313 3414 421 3455 sumus.
436 3399 471 3453 lit
485 3413 660 3470 quoscunque
684 3397 784 3453 adhoc
807 3398 900 3469 elegit,
956 3397 1166 3470 exaequandam,
1182 3397 1303 3466 nonjam
1318 3406 1486 3468 aspexerunt
1499 3399 1533 3453 ad
1546 3398 1658 3469 propria
1672 3397 1757 3465 bona,

101 3488 185 3544 habet
194 3488 265 3558 apud
281 3503 322 3555 se,
339 3503 392 3542 non
408 3487 435 3541 in
450 3495 545 3542 natura
554 3503 614 3553 sua,
628 3486 677 3541 sed
692 3488 719 3541 in
733 3487 903 3559 praescientia

104 3593 164 3632 sua.
182 3577 216 3631 Et
230 3576 280 3631 boc
295 3575 416 3648 estquod
426 3576 492 3632 dicit
505 3599 516 3624 u
527 3585 590 3631 ante
600 3576 696 3632 Deum.
715 3600 726 3624 ι
738 3579 807 3632 Ante
816 3577 904 3630 Deum

106 3667 206 3737 quippe
218 3666 274 3733 jam
296 3665 395 3720 iactum
419 3672 470 3730 ιιι,
491 3664 564 3736 quod
588 3664 614 3719 in
643 3665 703 3734 ejus
725 3663 904 3735 dispositione

106 3756 225 3809 l'nturum
240 3760 291 3807 est.
324 3753 358 3807 Et
375 3759 456 3809 vocat
484 3769 516 3807 ea
531 3768 591 3823 qum
612 3768 665 3808 non
681 3761 752 3821 sunt,
775 3761 903 3825 tanquam

106 3856 140 3898 ea
154 3857 215 3913 quae
230 3847 303 3899 sunt.
320 3863 330 3888 a
347 3842 496 3896 Nonrocat
510 3848 539 3895 ut
552 3840 606 3895 sint
617 3857 624 3902 ;
635 3840 904 3911 seduoeattauquam

107 3946 140 3987 ea
155 3946 215 4001 quae
230 3937 302 3984 sunt.
314 3929 440 3984 Nondum
456 3935 533 3984 erant
558 3929 603 4001 qui
625 3931 854 4000 promitterentur,
870 3945 904 3984 ne

107 4021 249 4090 quisquam
263 4019 299 4073 do
313 4018 419 4073 meritis
429 4016 597 4089 gloriaretur.
616 4018 652 4072 Et
667 4019 765 4091 quibus
785 4019 904 4089 promis-

107 4124 167 4163 sum
187 4114 240 4173 est,
262 4115 289 4163 et
309 4107 362 4177 ipsi
391 4107 516 4177 promissi
541 4114 613 4175 sunt,
639 4114 668 4162 ut
694 4115 780 4163 totum
808 4124 906 4180 eorpus

109 4197 211 4253 Christi
220 4195 307 4252 dicat:
322 4195 665 4270 Grotiolleisernidqeod
674 4214 736 4254 sum
746 4199 771 4267 (l
780 4197 904 4269 Corsa).

957 3494 983 3542 et
997 3485 1170 3542 continentie
1184 3486 1311 3557 gratiam,
1327 3486 1374 3540 sod
1389 3488 1483 3541 omnia
1490 3487 1614 3542 arbitrati
1630 3495 1694 3542 sunt
1707 3486 1759 3542 de-

957 3574 1094 3642 trimenta,
1122 3582 1152 3629 ut
1180 3574 1316 3629 Christum
1344 3591 1376 3630 ex
1404 3576 1508 3630 semine
1542 3592 1590 3631 suo
1617 3574 1759 3632 lucriface-

957 3671 1029 3719 rent.
1058 3661 1103 3717 Sic
1126 3662 1198 3718 enim
1223 3663 1323 3718 dictum
1358 3666 1400 3718 ιιι
1423 3664 1470 3719 ei:
1495 3686 1506 3710 «ι
1519 3663 1565 3719 Sic
1586 3664 1636 3718 erit
1661 3678 1757 3721 semen

957 3757 1044 3818 tuum,
1059 3752 1129 3808 sicut
1141 3750 1229 3806 stellae
1243 3752 1307 3807 coeli
1322 3755 1350 3806 et
1373 3751 1443 3807 sieut
1456 3767 1543 3807 arena
1559 3753 1651 3807 maris.
1669 3774 1681 3801 ι
1707 3752 1760 3810 Ubi

957 3858 1008 3912 per
1018 3840 1111 3897 stellas
1120 3839 1273 3912 spirituales
1286 3839 1332 3894 lilii
1358 3840 1475 3897 Abrahae
1490 3841 1661 3913 intelligendi
1685 3851 1757 3910 sunt,

958 3929 1020 3987 luce
1034 3931 1164 3987 virtutum
1184 3929 1345 4000 conspicui;
1375 3945 1425 4000 per
1453 3946 1564 3986 arenam
1594 3946 1660 3987 vero
1675 3932 1761 3987 maris

959 4019 1078 4075 carnalis
1096 4028 1124 4076 et
1138 4017 1313 4075 infructuosae
1334 4019 1517 4090 generationis
1538 4018 1645 4075 infinite
1668 4022 1761 4076 multi·

961 4109 1036 4165 tudo.

996 4198 1081 4252 Vsus.
1103 4198 1148 4263 be,
1168 4200 1280 4252 25.-«
1304 4198 1334 4252 ln
1361 4197 1573 4269 repromissione
1599 4199 1682 4255 etlam
1711 4197 1761 4255 Dei

109 4287 229 4342 Haecest
249 4284 348 4358 gratia,
377 4300 459 4356 quam
495 4286 565 4340 sieut
592 4288 745 4343 thesaurum
774 4300 906 4360 magnum
960 4302 1015 4343 non
1045 4286 1180 4342 haesitavit
1213 4294 1241 4341 ut
1267 4285 1410 4356 diffideret,
1449 4288 1497 4342 sed
1528 4287 1694 4345 confortatus
1719 4296 1763 4345 est

108 4377 177 4440 Noe,
196 4376 314 4445 Moyses,
340 4373 483 4446 cererique
504 4375 587 4430 saneti
610 4375 736 4432 dicuntur
757 4377 904 4443 invenisse,
962 4374 1025 4442 lide,
1050 4374 1119 4431 dans
1136 4375 1250 4448 gloriam
1268 4376 1336 4432 Deo.
1362 4377 1428 4432 ideo
1448 4384 1598 4448 reputatum
1617 4386 1658 4433 est
1682 4378 1760 4433 eiad

109 4463 217 4520 dicente
242 4463 393 4532 Scriptura.
420 4486 430 4505 a
444 4465 553 4518 invenit
573 4466 689 4536 gratiam
710 4465 737 4520 in
759 4472 906 4536 conspeetu
919 4438 946 4499 D
959 4465 1102 4535 justitiam.
1120 4466 1181 4520 Non
1200 4473 1240 4521 est
1269 4473 1358 4520 autom
1378 4467 1512 4538 scriptum
1530 4475 1633 4522 tantum
1650 4474 1762 4539 propter

110 4553 159 4608 Dei
174 4555 253 4623 (Ceu.
271 4553 320 4622 rr).
339 4576 350 4599 a
368 4551 424 4607 Sed
446 4551 536 4608 adhuc
558 4554 708 4608 notandum
730 4555 802 4624 quod
817 4553 904 4610 dicit:
960 4555 1058 4626 ipsum,
1079 4555 1309 4626 quiareputatum
1327 4562 1367 4610 est
1390 4555 1428 4609 illi
1444 4555 1479 4610 ad
1497 4556 1641 4625 justitiam,
1663 4557 1716 4612 sed
1735 4563 1761 4612 et

112 4664 123 4691 a
140 4642 205 4697 ldeo
220 4657 253 4696 ιι(
268 4640 332 4708 side,
352 4648 381 4695 ut
395 4641 546 4697 seeundum
560 4644 675 4715 gratiam
688 4642 767 4698 lirma
784 4643 818 4698 sit
838 4658 906 4715 pre·
959 4653 1070 4716 proptor
1085 4659 1144 4710 nos,
1161 4644 1258 4714 quibus
1268 4644 1446 4716 reputabitur,
1459 4645 1633 4701 credentibus
1648 4645 1677 4700 in
1687 4661 1758 4712 enm,

109 4729 242 4799 misrior»
260 4729 339 4803 qussi
355 4730 498 4786 ostendere
519 4729 612 4788 rolens
640 4731 703 4802 qnia
730 4732 751 4787 si
777 4748 814 4787 ex
843 4731 906 4806 lege

109 4817 252 4888 promissio
267 4826 348 4886 esset,
364 4817 442 4872 firma
456 4834 509 4873 non
533 4826 614 4874 esset.
639 4820 746 4892 Utique,
763 4821 826 4890 quia
846 4834 906 4892 quae

110 4906 220 4978 exlege
240 4914 311 4975 sunt,
336 4906 365 4962 in
388 4907 487 4962 tabulis
509 4907 673 4975 scribuntur,
703 4910 747 4964 vel
761 4909 905 4976 chartulis;

110 5010 169 5065 quae
183 5012 248 5051 vero
263 5004 326 5051 sunt
335 4996 432 5068 gratie
440 4995 526 5069 digito
537 4996 596 5063 Dei,
606 4997 633 5051 id
648 5006 688 5053 est
701 4997 803 5070 Spiritu
812 5006 906 5055 saneto

109 5084 245 5140 mentibus
260 5085 360 5140 nostris
375 5085 565 5140 inscribuntur.
583 5085 682 5141 Fidelis
692 5086 792 5159 quippe
816 5087 907 5143 anima

108 5172 190 5229 tidem
208 5189 224 5227 a
240 5174 296 5228 Deo
318 5173 408 5228 datam
437 5173 490 5244 ipsi
515 5174 667 5247 resignans,
701 5175 818 5232 fideliter
846 5191 907 5231 eam

960 4733 1006 4805 qni
1022 4732 1159 4788 suscitavit
1176 4732 1322 4788 Dominum
1337 4741 1459 4788 nostrum
1481 4734 1573 4788 lesum
1588 4734 1724 4789 Christum
1742 4747 1760 4789 a

960 4822 1090 4888 mortnis;
1106 4821 1155 4893 qui
1169 4820 1282 4876 traditus
1302 4830 1343 4878 est
1357 4831 1469 4893 propter
1491 4822 1590 4879 delicta
1612 4831 1716 4891 nostra,
1733 4830 1760 4879 et

961 4910 1107 4967 resurrexit
1120 4918 1234 4981 propter
1245 4910 1469 4981 justificationem
1480 4919 1613 4967 nostram.
1633 4932 1644 4962 ι
1662 4911 1760 4982 lnqui-

960 4999 1074 5057 rendum
1089 4999 1203 5055 sollicite
1219 5008 1259 5055 est
1273 5001 1335 5070 quid
1351 5001 1480 5071 estquod
1497 5001 1645 5073 Apostolus
1661 5001 1689 5055 in
1708 5004 1760 5057 hoc

960 5088 1020 5144 loco
1035 5089 1121 5143 Deum
1144 5087 1290 5143 nominans
1303 5089 1345 5144 eui
1361 5089 1499 5145 credimus
1513 5093 1540 5144 ιι
1555 5089 1597 5145 ιιι
1622 5089 1761 5144 Abraham

960 5176 1083 5242 credidit,
1101 5192 1156 5232 non
1169 5176 1245 5242 dixit,
1270 5177 1440 5232 credentibus
1460 5178 1488 5232 in
1503 5179 1590 5233 Deum
1610 5178 1761 5244 excelsum,

110 5261 189 5318 offert
208 5270 302 5317 saneto
322 5261 445 5333 Spiritui,
469 5268 598 5336 tanquam
624 5278 704 5320 ceras
726 5272 905 5338 praeparatas,
960 5265 1003 5322 vel
1013 5265 1039 5320 in
1056 5266 1142 5321 Deum
1157 5265 1201 5336 qui
1216 5264 1280 5321 iecit
1293 5266 1391 5322 eoelnm
1407 5269 1434 5323 et
1449 5274 1550 5322 terram
1564 5268 1631 5337 ,sed
1643 5274 1760 5333 tantum,

110 5366 138 5414 ut
153 5361 224 5429 quod
239 5360 264 5414 ei
279 5360 409 5430 placuerit
424 5362 570 5428 inscribat;
586 5370 614 5418 et
634 5363 706 5435 quod
729 5364 763 5419 ab
779 5364 837 5435 ipso
863 5362 908 5418 in·
960 5363 1009 5435 qui
1027 5363 1168 5421 suscitavit
1181 5363 1327 5419 Dominum
1342 5365 1432 5420 lesum
1448 5381 1463 5419 a
1481 5364 1603 5420 mortuis.
1621 5364 1758 5420 Nimirum

110 5458 239 5528 seriptum
249 5457 329 5513 luerit
343 5473 518 5528 peremerem
527 5459 653 5530 Spiritus,
671 5462 783 5518 interior
794 5459 908 5517 affectus
961 5461 1023 5532 quia
1035 5463 1151 5519 multum
1162 5462 1381 5533 magnificentius
1395 5470 1436 5520 est
1452 5463 1478 5517 in
1504 5464 1609 5519 laudem
1632 5464 1683 5518 liei
1702 5464 1762 5519 Do·

111 5554 139 5612 in
153 5562 286 5613 aeterrmm
306 5556 497 5615 inviolabiliter
511 5564 615 5617 ιιιιιι.
635 5559 674 5618 *Et
691 5561 750 5619 hoec
767 5568 807 5617 est
827 5559 907 5633 fidas,
961 5560 1065 5618 rninum
1080 5562 1174 5619 lesum
1187 5560 1325 5619 Christum
1350 5562 1483 5620 suscitare
1502 5561 1654 5619 amortuis
1680 5577 1762 5633 quam
