3728 6000
57 239 111 297 ’193

643 233 692 289 DE
708 232 957 290 SACRAMENTO.
974 265 1010 275 -
1024 232 1088 290 tta.
1104 236 1127 290 1.

1657 221 1711 282 tat

58 373 141 417 cruce
154 357 272 431 positam
285 363 344 414 est:
360 360 528 432 vocaturque
543 357 601 430 ipsa
617 357 706 413 cernis
725 355 900 418 immola-A
950 357 1095 426 Quomodo
1109 355 1183 414 enim
1199 371 1273 413 more
1298 362 1460 412 caeterorum
1480 356 1711 408 sacramentorum

60 448 109 516 tio,
124 463 186 520 quse
200 446 486 504 sacerdotismanibns
502 446 531 502 lit
546 446 644 503 Christi
657 446 761 516 passio,
777 460 859 512 mors,

59 534 214 603 crucifixio,
226 552 280 591 non
295 535 322 590 in
337 535 377 592 rei
392 534 519 604 veritate,
535 537 581 591 sed
600 532 772 607 significante
786 549 861 605 mys-

57 626 148 683 terio:
164 625 204 682 sic
219 634 417 680 sacromentum
433 622 505 691 fidei,
525 623 597 695 quod
622 622 758 695 baptisma
780 623 862 680 intel·

60 713 165 787 ligitur,
182 713 264 769 lidele
278 720 327 768 est.
346 736 357 762 a
376 713 452 770 Unde
468 713 533 769 item
547 713 643 767 beatus
653 712 822 784 Augustinus
835 712 862 765 ia

61 801 178 875 epistola
208 801 244 858 sd
273 801 441 858 Bonifatium
463 804 519 872 (98,
542 818 572 855 n.
602 805 628 868 a,
653 809 720 856 tom.
744 801 777 867 ll,
802 799 857 855 cel.

60 894 144 964 thil:
164 915 175 940 ι
190 892 288 948 Nonne
299 891 388 947 semel
402 892 557 947 immolatus
572 900 610 946 est
619 890 741 946 Christus
752 892 779 944 in
792 891 864 961 scip

59 981 115 1037 sa?
129 981 165 1037 Et
181 987 272 1036 tornea
287 979 313 1034 ia
328 987 501 1035 sacramento
516 995 570 1034 aoa
586 980 674 1034 solum
699 996 748 1049 per
768 995 863 1035 omnes

60 1070 174 1126 Paschae
181 1068 428 1135 solemnitates,sed
436 1068 511 1122 omui
519 1067 563 1122 die
573 1068 679 1139 populis
690 1068 861 1134 immolatur3

60 1173 114 1214 nec
134 1157 227 1228 utique
255 1157 382 1212 mentitur
407 1156 453 1226 qui
486 1157 681 1228 interrogatas,
712 1173 774 1211 eum
802 1173 863 1211 res-

60 1244 191 1318 ponderit
215 1245 360 1301 immolari.
388 1245 416 1301 si
435 1247 508 1301 enim
525 1253 695 1300 sacramenta
717 1246 863 1316 quanrdem

62 1332 277 1391 similitudinem
308 1350 404 1390 earum
427 1350 527 1403 rerum,
553 1349 670 1403 querum
695 1344 864 1390 sacramenta

61 1432 135 1487 sant,
152 1437 206 1479 nun
223 1422 355 1478 haberent
367 1422 478 1478 omnino
501 1430 671 1478 sacramenta
694 1439 748 1478 non
763 1432 863 1479 essent.

62 1511 107 1567 Ex
123 1513 177 1568 hec
198 1519 290 1567 autem
315 1511 491 1566 similitudine
510 1511 670 1582 plerumque
693 1512 772 1567 etiam
787 1513 864 1584 ipss-

61 1615 124 1655 rum
139 1616 229 1655 rerum
244 1600 355 1655 nomina
368 1599 517 1669 accipiunt.
538 1599 613 1655 Sicut
625 1602 699 1655 enim
713 1602 864 1658 seeundum

915 447 1059 505 visibilium
1075 447 1102 500 id
1117 446 1191 517 quod
1213 444 1300 501 videri
1320 461 1374 499 non
1403 450 1500 515 polest,
1530 440 1568 496 rei
1599 437 1713 494 visibilis

915 553 979 593 esso
994 537 1093 608 poterit
1107 537 1225 609 signum,
1242 535 1293 589 uisi
1307 550 1356 605 per
1370 531 1513 589 exterioris
1535 527 1650 598 alicujus
1671 541 1714 582 ac·

916 626 1001 682 tionis
1016 627 1089 682 circa
1104 641 1134 680 sc
1149 624 1319 696 imaginem?

1212 731 1329 788 CAPUT
1348 730 1425 785 XIX.

917 823 993 892 Quod
998 826 1211 880 sacromentum
1226 820 1332 877 duobus
1342 821 1431 876 suedis
1443 817 1595 889 significat,
1605 813 1710 869 celeno

934 929 971 968 ex
987 928 1015 967 sc
1024 911 1226 976 similitudine,
1243 911 1286 965 vel
1301 909 1425 977 alicujus
1440 905 1563 963 actionis
1577 919 1645 972 erpa
1658 916 1688 957 sc

952 1000 1024 1070 Quis
1038 1001 1128 1072 itaque
1150 999 1184 1054 de
1204 999 1283 1054 tertio
1306 1013 1424 1068 corpore
1448 994 1558 1058 Christi,
1580 990 1652 1063 quod
1671 993 1714 1044 est

915 1089 1049 1154 Ecclesia,
1079 1088 1203 1158 saperius
1227 1087 1291 1142 satis
1314 1087 1487 1149 dictumest,
1515 1082 1581 1153 quis
1601 1078 1710 1134 scilicet

915 1176 1171 1235 consacramentalis
1185 1185 1227 1231 est
1242 1175 1320 1246 capiti
1337 1190 1387 1230 sao
1402 1172 1520 1238 Christo,
1538 1173 1564 1224 et
1581 1176 1609 1223 ut
1634 1172 1715 1236 caput

917 1279 944 1325 et
956 1268 1081 1323 membra
1096 1282 1179 1321 unum
1193 1281 1294 1335 corpus
1309 1280 1369 1320 cum
1384 1264 1443 1334 ipso
1466 1268 1506 1317 est
1521 1274 1570 1329 per
1585 1255 1712 1329 gratiam,

916 1357 989 1413 aliud
999 1361 1090 1412 lamen
1105 1353 1349 1425 persubstaatiam,
1359 1359 1424 1423 quot
1440 1349 1529 1405 modis
1544 1350 1716 1402 sacramenta

917 1447 972 1502 suis
986 1447 1065 1501 rebus
1082 1444 1245 1512 similentur,
1271 1451 1298 1498 et
1318 1458 1367 1497 cas
1391 1437 1544 1513 significent
1568 1435 1597 1489 in
1616 1430 1715 1504 triplici

917 1551 1030 1605 corpore
1044 1533 1142 1590 Christi
1157 1533 1311 1587 videamus.

954 1624 1068 1679 Duobus
1089 1623 1161 1677 enirn
1183 1621 1272 1677 modis
1291 1620 1318 1674 id
1339 1620 1428 1675 locere
1451 1616 1587 1679 rideatur,
1609 1609 1714 1666 scilieet

62 1687 210 1760 qnemdm
233 1689 344 1743 mmmm
376 1696 573 1743 ⁵³⁰r³me¹¹²⁰m
603 1688 725 1758 ⁰⁰fp⁰si⁸
749 1689 1074 1769 ChristisBrelsuaet
1093 1728 1122 1765 se
1142 1710 1327 1776 similitudine,
1357 1707 1400 1764 rel
1435 1705 1550 1774 alicujus
1576 1698 1717 1757 exterioris

65 1791 167 1848 corpus
192 1776 293 1832 Christi
315 1784 365 1843 est,
380 1785 579 1832 sacramentum
601 1777 739 1850 sauguinis
756 1779 866 1847 Christi,

63 1864 179 1936 sanguis
195 1864 296 1920 Christi
316 1872 367 1930 est,
383 1864 630 1920 itssscramentom
640 1863 701 1920 fidei
713 1863 779 1919 tides
788 1870 840 1922 est.
854 1891 865 1916 s

98 1954 133 2007 Ia
150 1967 206 2021 quo
221 1952 371 2008 notandum
383 1962 425 2007 est
439 1951 654 2007 immolationem
666 1967 747 2021 quarn
758 1969 811 2008 non
826 1955 867 2010 rei

65 2039 178 2096 veritate
194 2038 263 2095 dixit
283 2038 350 2107 fieri,
376 2040 434 2095 sola
449 2040 625 2094 similitudine
641 2042 803 2096 sacramenti
818 2059 867 2098 ve-

64 2138 121 2178 ram
139 2121 358 2180 immolationem
380 2123 478 2179 Christi
502 2124 731 2195 repraesentantis,
752 2129 867 2181 mortem

64 2208 219 2282 passionem
236 2210 457 2276 crucifixionem,
474 2210 532 2281 ipsu
553 2211 679 2282 mysterio
694 2211 867 2283 significante

64 2296 167 2354 debere
182 2297 314 2371 intelligia
332 2298 424 2371 sicque
440 2298 584 2369 baptisma,
610 2299 683 2368 quod
706 2307 748 2354 est
771 2316 866 2356 sacre-

65 2395 188 2442 meatum
204 2385 278 2453 fidei,
294 2402 350 2442 non
365 2387 392 2442 in
408 2387 447 2442 rei
463 2388 588 2453 veritate,
613 2387 660 2442 scd
683 2389 744 2443 sola
767 2389 867 2444 simili·

66 2475 161 2531 tudine
174 2473 257 2532 fidem
272 2475 336 2531 dici.
353 2475 431 2546 Quod
443 2492 509 2531 vero
523 2492 615 2531 veram
641 2492 750 2533 carnem
771 2477 867 2533 Christi

66 2577 118 2619 sao
133 2564 216 2620 medo
237 2579 337 2635 corpus
360 2564 459 2620 Christi
482 2564 548 2618 dixit
570 2565 672 2628 vocari,
688 2580 749 2620 cum
770 2582 867 2622 rerers

67 2652 110 2708 sui
133 2651 220 2724 ipsius
234 2660 438 2709 sacramentum
460 2653 505 2720 sit,
522 2668 576 2708 noa
598 2654 635 2708 ita
659 2655 866 2724 intelligendum

66 2749 120 2820 est,
137 2742 217 2814 qussi
237 2757 291 2797 non
303 2757 366 2797 rere
382 2742 489 2797 dicatur
507 2757 606 2813 corpus
622 2742 731 2809 Christi,
748 2743 796 2798 sed
820 2759 868 2798 suo

68 2830 163 2900 modo,
179 2830 206 2885 id
222 2837 262 2885 est
284 2830 335 2885 sihi
360 2829 535 2903 singulariter
559 2829 686 2902 proprio;
710 2831 782 2903 quia,
804 2846 867 2886 cum

67 2934 150 2975 omne
164 2934 265 2991 corpus
278 2919 313 2974 sit
327 2919 433 2974 visibile
449 2928 530 2991 atquc
545 2919 692 2991 palpabile,
702 2921 788 2975 solum
807 2935 867 2975 cor·

66 3023 122 3080 pus
134 3006 234 3063 Christi
249 3015 310 3079 post
325 3011 552 3063 resurrectionem
573 3016 672 3064 mutata
697 3018 792 3065 ustura
811 3026 865 3065 noa

67 3096 218 3153 substantia
233 3111 286 3153 non
298 3104 337 3152 est
348 3097 501 3170 corporale,
511 3097 558 3152 sed
565 3098 703 3169 spirituale
718 3099 863 3165 invisibile,

67 3190 99 3240 ut
112 3184 217 3242 dictum
231 3194 271 3241 est
285 3188 418 3257 superias.
435 3185 514 3256 Quod
534 3203 598 3241 vero
614 3186 683 3241 dixit
697 3185 731 3242 ad
754 3186 834 3243 Bouil
851 3217 865 3228 -

66 3272 138 3331 mam
151 3274 262 3331 nsunt
284 3283 486 3330 sacramentum
503 3276 625 3345 corporis
647 3276 746 3331 Christi
771 3291 866 3330 secan-

67 3362 134 3419 dum
149 3361 295 3433 quemdam
305 3363 416 3418 modum
434 3378 531 3434 corpus
541 3364 639 3419 Christi
650 3373 700 3430 est,
716 3365 753 3419 ite
769 3379 867 3420 sacra·

68 3456 191 3507 mentum
205 3448 267 3506 fidei
282 3449 350 3507 fidos
365 3457 422 3520 est,
434 3475 445 3500 r
457 3452 714 3524 intelligendumest
731 3453 765 3508 de
779 3454 869 3508 lor-ms

69 3539 152 3613 panis
167 3548 194 3596 et
208 3538 273 3605 riui,
289 3557 350 3613 quae
364 3556 417 3596 non
431 3556 504 3607 vere,
519 3543 567 3597 sed
582 3539 695 3614 figurate
710 3546 739 3596 ol
760 3557 868 3596 naucu-

68 3627 501 3703 pstiredieiturcorpusChristi.
521 3628 589 3699 Quia
611 3630 869 3702 igiturhagustinus

70 3717 106 3775 td
130 3717 375 3790 comprobandum,
399 3718 470 3788 qaod
496 3726 694 3773 sacramentum
716 3717 779 3774 fidei
803 3716 871 3774 sides

71 3806 218 3871 diceretur,
238 3805 307 3860 duas
331 3805 521 3860 similitudines
543 3805 634 3861 dedit:
657 3821 737 3860 unam
757 3806 871 3862 actuslis

72 3895 247 3962 monumenti,
271 3893 463 3950 immolationis
486 3894 591 3951 scilicet
613 3893 784 3965 imaginarie,
801 3893 871 3949 alle-

72 3999 133 4040 ram
157 3998 222 4040 vero
251 3982 346 4050 realis,
369 3982 463 4039 formae
478 3982 581 4039 scilicet
602 3983 679 4054 panis
698 3990 725 4039 et
745 3984 810 4049 vini,
833 3992 871 4050 ut,

72 4075 144 4130 sicut
164 4071 316 4128 immolatio
336 4071 506 4145 imaginariae
527 4070 639 4143 figurate
653 4079 766 4127 vocatur
785 4086 872 4133 mors.

73 4171 100 4219 et
113 4160 254 4221 crucifixio
269 4160 376 4225 Christi,
393 4169 420 4216 et
434 4161 502 4216 sicut
516 4161 606 4216 forms
619 4158 697 4231 panis
719 4168 746 4214 et
765 4159 820 4216 vini
838 4158 873 4212 h-

74 4260 173 4327 gurate
186 4258 299 4308 vocatur
312 4265 411 4321 corpus
426 4249 535 4315 Christi,
552 4248 799 4304 sicsacrameatum
812 4247 874 4303 lidei

73 4340 177 4398 seilicet
190 4338 338 4411 baptisma,
355 4337 472 4412 tigurute
495 4346 605 4394 uocetur
626 4336 702 4392 tides.
719 4336 873 4392 Notandum

921 1802 1033 1857 actionis
1048 1801 1119 1857 circa
1133 1816 1172 1854 se.
1189 1800 1245 1854 Sus
1259 1815 1292 1852 ex
1308 1814 1336 1851 se
1356 1793 1533 1851 similitudine
1557 1803 1712 1847 sacramen·

921 1899 977 1946 tum
993 1889 1135 1961 significat,
1151 1888 1220 1944 sicat
1233 1903 1296 1943 cunr
1311 1886 1443 1956 meinus
1453 1883 1534 1938 dicit:
1559 1882 1628 1936 Caro
1652 1890 1716 1931 arca

923 1996 985 2036 verc
1000 1984 1042 2035 eat
1058 1979 1147 2046 cibus,
1162 1982 1190 2033 ct
1201 1978 1402 2046 sanguismcus
1417 1988 1479 2029 vere
1496 1975 1538 2027 est
1552 1973 1654 2042 potam
1670 1971 1715 2020 et:

920 2071 1046 2140 Eposum
1061 2070 1145 2139 panta
1155 2069 1231 2122 uiuus
1240 2066 1287 2136 qni
1301 2064 1409 2120 decreto
1423 2059 1554 2117 descendi
1568 2057 1664 2129 (dona.
1676 2069 1717 2118 vr,

920 2160 975 2229 55);
992 2157 1065 2227 quia,
1088 2156 1156 2210 sieut
1181 2154 1258 2210 cibus
1280 2161 1307 2208 et
1326 2160 1405 2222 potus
1428 2147 1604 2219 temporalem
1621 2143 1715 2210 ritem,

920 2248 959 2302 sic
969 2248 1028 2317 ipse
1048 2245 1093 2299 dat
1113 2253 1258 2299 aeternam.
1285 2242 1364 2298 Unde
1377 2240 1428 2295 sit:
1452 2239 1487 2293 Si
1511 2238 1572 2308 qula
1595 2231 1716 2288 monda-

920 2338 1027 2393 cuocrit
1041 2351 1078 2390 cs·
1093 2333 1142 2389 boc
1156 2348 1240 2405 pone,
1264 2332 1335 2387 vicet
1358 2331 1388 2384 in
1412 2331 1550 2383 (eternum
1573 2320 1664 2393 (ibid.)
1684 2319 1716 2374 Et

920 2425 1027 2480 merito.
1054 2419 1316 2478 sichimundus
1335 2426 1362 2472 et
1379 2417 1407 2470 in
1421 2416 1482 2470 cibo
1507 2412 1552 2483 qai
1572 2425 1629 2465 nou
1652 2406 1718 2463 vivit

919 2530 969 2569 aec
984 2519 1085 2582 manet,
1100 2519 1129 2564 ut
1145 2509 1279 2564 labentotn
1293 2508 1378 2562 ritum
1391 2505 1469 2572 hujus
1479 2499 1609 2570 temporis
1623 2498 1717 2552 loveat

919 2609 945 2659 et
974 2602 1088 2656 retineat
1111 2598 1231 2670 quandiu
1256 2598 1312 2652 Deo
1336 2592 1478 2667 placuerit,
1503 2595 1602 2662 quanto
1627 2583 1716 2656 magis

919 2690 1044 2746 Christus
1058 2688 1134 2744 cibus
1150 2687 1245 2743 vivens
1259 2682 1455 2745 immortaliter,
1477 2680 1559 2735 vitam
1585 2683 1716 2730 aeternsru

918 2778 1044 2835 conserte
1057 2775 1209 2832 credendus
1224 2781 1274 2840 est,
1291 2772 1391 2844 quihus
1405 2769 1456 2824 sibi
1479 2763 1640 2839 placuerit?
1659 2761 1717 2816 lia·

917 2869 960 2940 gis
969 2868 1043 2922 enim
1059 2865 1213 2921 credendus
1228 2871 1271 2918 est
1287 2862 1371 2915 vitam
1393 2857 1530 2922 conterre,
1563 2853 1609 2926 qui
1630 2850 1715 2907 vitam

919 2956 1082 3011 iusehabct
1095 2953 1189 3009 etrite
1203 2959 1254 3017 ost,
1281 2965 1362 3022 quam
1387 2948 1433 3018 qui
1458 2961 1509 3000 uon
1534 2943 1624 2998 habet.
1648 2939 1714 2995 Cum

880 3045 992 3134 Genim
1005 3045 1039 3098 sit
1054 3044 1109 3108 via,
1132 3053 1160 3098 et
1179 3041 1282 3097 veritas
1303 3047 1330 3094 et
1350 3038 1414 3104 vita,
1432 3050 1531 3105 corpas
1552 3032 1613 3102 ejus
1635 3027 1716 3084 nobis

920 3135 1056 3190 uiaticum
1070 3140 1118 3197 est,
1136 3146 1172 3186 ne
1186 3130 1338 3185 moriamur
1349 3135 1375 3181 et
1389 3123 1582 3180 deficiamusin
1597 3118 1650 3185 ris,
1667 3112 1715 3171 sed

919 3223 1101 3292 perducamur
1115 3219 1150 3274 ad
1164 3219 1265 3279 vitam;
1290 3217 1393 3272 aeritur
1409 3221 1458 3279 est,
1473 3228 1506 3266 ne
1522 3211 1580 3280 ejus
1594 3204 1715 3278 promis·

920 3311 1044 3366 sionibus
1058 3309 1200 3371 tolleman
1213 3308 1271 3362 uita
1284 3312 1335 3370 est,
1351 3311 1381 3358 ut
1394 3317 1427 3357 ea
1440 3301 1468 3354 ia
1484 3296 1660 3371 proventione
1675 3292 1717 3347 le·

920 3398 1008 3453 liciter
1021 3397 1153 3451 truamur.
1169 3397 1200 3449 ln
1220 3396 1271 3448 hae
1294 3406 1362 3464 ergo
1383 3387 1487 3444 mortali
1503 3387 1557 3442 rita
1571 3377 1718 3438 immortali

922 3487 985 3542 cibo
1001 3485 1064 3540 vitae
1078 3499 1128 3538 nos
1143 3481 1290 3552 percitae
1306 3481 1333 3533 in
1346 3485 1476 3533 aeternum
1491 3472 1653 3528 moriamur.

958 3575 1016 3628 Nec
1043 3573 1129 3627 solam
1156 3586 1205 3625 sna
1233 3586 1265 3624 ex
1295 3565 1473 3622 similitudine
1499 3561 1554 3619 eibi
1582 3568 1609 3615 et
1636 3559 1718 3627 potus

924 3662 1034 3717 nomiae
1048 3670 1075 3716 ct
1088 3660 1190 3730 specie,
1206 3655 1356 3729 significari
1372 3670 1401 3709 se
1422 3651 1506 3709 voluit
1529 3651 1614 3702 vitem
1634 3652 1717 3702 aeter-

923 3767 999 3819 neni,
1016 3749 1146 3805 sedetiam
1160 3765 1191 3803 ex
1208 3746 1285 3818 panis
1306 3752 1333 3800 et
1356 3743 1413 3798 vivi
1435 3737 1610 3796 similitudine
1628 3732 1718 3806 sigui-

924 3838 998 3894 licari
1012 3837 1099 3892 noluit
1121 3836 1195 3891 aliud
1216 3850 1316 3905 corpus
1339 3848 1427 3898 suum,
1449 3829 1477 3883 id
1493 3835 1535 3883 est
1559 3822 1719 3881 Ecclesiam.

926 3926 1003 3983 Unde
1017 3925 1165 3998 hgustinus
1184 3925 1212 3979 ia
1231 3938 1357 3978 sermone
1382 3923 1421 3976 De
1447 3915 1625 3974 sacramentis
1652 3910 1721 3967 fide-

926 4016 1001 4081 liam,
1018 4013 1087 4070 ieris
1101 4030 1120 4068 n
1139 4012 1253 4069 Pasehae
1267 4014 1299 4082 (t.
1317 4012 1348 4077 V,
1365 4007 1421 4065 col.
1437 4007 1521 4077 eret:
1541 4028 1551 4052 u
1567 4000 1638 4073 Quia
1654 4014 1719 4071 pss-

926 4121 972 4159 sus
986 4111 1028 4159 est
1042 4119 1092 4175 pro
1108 4102 1198 4167 nobis,
1214 4099 1417 4157 commendarit
1435 4096 1515 4152 nobis
1534 4094 1561 4147 io
1572 4092 1722 4147 istosacra-

928 4201 1018 4248 mente
1032 4207 1132 4264 corpus
1148 4198 1176 4246 et
1188 4188 1349 4261 sanguinem
1365 4202 1453 4252 suum,
1469 4183 1543 4254 quod
1562 4181 1644 4237 etiarn
1658 4174 1724 4232 lecit

927 4281 1072 4351 nosipsos.
1088 4281 1158 4335 Nam
1174 4287 1200 4334 et
1214 4294 1265 4333 nos
1279 4292 1377 4347 eorpus
1390 4274 1475 4346 ipsius
1491 4270 1553 4327 lacti
1577 4283 1680 4334 sumus,
1696 4271 1724 4319 et

928 4369 1113 4424 misericordia
1136 4367 1221 4439 ipsias
1244 4364 1318 4436 qued
1329 4363 1490 4433 accipimus,
1508 4358 1560 4428 ipsi
1582 4370 1687 4410 sumus.
1709 4376 1719 4400 r

75 4429 149 4503 quod
160 4428 188 4484 iu
207 4428 292 4484 altera
317 4429 413 4482 harum
437 4426 641 4482 similitudinum
666 4425 806 4482 coelestem
826 4425 912 4497 pa·D
929 4455 962 4509 E,
976 4461 1035 4524 pos,
1050 4468 1148 4523 pm:
1163 4473 1174 4499 ι
1187 4449 1332 4518 ,dmum
1350 4446 1474 4510 misus,
1490 4439 1635 4512 conspersi
1646 4437 1723 4504 estis,

74 4534 150 4584 aem,
165 4516 210 4589 qai
222 4533 286 4573 rere
301 4516 398 4571 Christi
418 4531 481 4571 caro
509 4523 559 4582 est,
572 4530 628 4569 non
651 4514 803 4582 communi,
825 4512 874 4569 sed

76 4622 138 4675 suo,
151 4615 178 4663 et
200 4605 277 4679 quasi
299 4605 410 4677 proprio
434 4604 516 4659 ualido
538 4619 639 4674 eorpus
661 4604 762 4659 Christi
784 4603 875 4660 vocari

76 4704 156 4773 dixit,
171 4705 237 4778 quia
251 4703 355 4760 scilicet
378 4718 476 4772 corpus
498 4701 566 4756 illud
585 4717 639 4756 non
663 4700 811 4771 corporale,
827 4698 876 4755 sed

77 4800 220 4875 spirituale
235 4809 262 4858 et
274 4802 395 4858 divinum
409 4816 466 4870 prae
488 4799 614 4855 omnibus
638 4800 796 4869 corporibus
815 4798 875 4853 sin-

77 4896 212 4972 gulariter
227 4896 306 4952 vidit.
327 4895 357 4951 la
372 4895 455 4950 altera
478 4903 568 4950 autem
589 4902 787 4948 sacramentum
812 4907 875 4947 cor·

77 4986 153 5058 poris
168 4986 278 5054 Christi,
292 4986 318 5041 id
330 4993 370 5041 est
379 4986 493 5040 sormam
503 4981 710 5054 penisabsolute
719 4981 875 5038 secundum

77 5084 229 5158 quemdam
239 5084 353 5141 modum
374 5098 473 5152 cerpus
497 5081 596 5136 Christi
617 5079 693 5148 dixit,
719 5079 783 5150 qaia
804 5093 877 5133 com·

78 5181 154 5238 mani
172 5181 259 5254 ligure
280 5196 335 5236 uon
358 5179 528 5235 existentium
554 5178 624 5247 quod
649 5178 783 5242 dicuntur,
809 5175 877 5230 illud

77 5280 132 5338 dici
146 5295 248 5350 corpus
262 5277 362 5335 Christi
387 5277 498 5332 notavit.
520 5274 598 5344 Quod
623 5282 715 5329 autem
737 5270 877 5327 invisibile

78 5393 176 5450 corpus
187 5376 285 5433 Christi
300 5383 499 5430 sacramentum
515 5372 629 5429 visibilis
638 5371 761 5442 corporis
774 5369 876 5425 Christi

80 5475 156 5541 distr,
173 5472 381 5547 intelligibiliter
395 5479 498 5526 tanturn
512 5486 562 5542 per
581 5469 741 5525 exteriorem
758 5467 876 5540 aliquam

81 5573 226 5640 senonem,
242 5579 270 5627 et
282 5587 337 5628 nou
351 5569 512 5626 sensualiter
525 5566 711 5640 accipiendum
726 5573 777 5622 cst.

929 4543 1008 4615 penis
1025 4541 1181 4598 Dominicus
1196 4539 1259 4594 laeti
1272 4538 1352 4594 estis.
1371 4532 1513 4604 Quomodo
1529 4545 1613 4585 unum
1628 4525 1724 4582 videtis

929 4647 991 4686 esse
1006 4629 1078 4701 quod
1094 4629 1197 4684 lactum
1212 4633 1262 4690 est,
1276 4625 1314 4680 sic
1326 4639 1408 4679 unum
1418 4629 1503 4676 estote
1513 4635 1569 4685 vos,
1583 4613 1724 4688 diligendo

930 4736 991 4776 vos.
1008 4743 1019 4766 r
1036 4719 1102 4772 ltem
1118 4717 1144 4770 in
1159 4730 1286 4770 sermone
1300 4716 1345 4776 ΞΒ,
1370 4728 1452 4782 super
1475 4709 1610 4765 loannem
1626 4709 1657 4775 (t.
1678 4704 1724 4766 lll,

930 4808 982 4864 col.
1003 4807 1083 4875 500):
1102 4829 1113 4853 x
1131 4805 1208 4859 Hunc
1231 4804 1321 4874 itaque
1345 4801 1435 4856 cibam
1458 4807 1485 4854 et
1505 4806 1609 4868 potum,
1633 4792 1724 4849 socie·

930 4903 1011 4950 tatem
1028 4893 1082 4948 vult
1095 4892 1210 4962 intelligi
1224 4891 1349 4962 corporis
1365 4898 1390 4945 et
1398 4886 1586 4943 membrorum
1603 4896 1724 4948 suorum,

930 4988 1003 5055 quod
1027 4990 1068 5039 est
1088 4983 1248 5037 Ecclesia.»
1276 4981 1309 5034 tu
1327 4987 1390 5048 post
1415 4991 1520 5048 pauca:
1547 4973 1665 5042 ellajus
1689 4970 1728 5025 rei

930 5080 1142 5138 sacramentum,
1158 5071 1185 5125 id
1200 5076 1242 5125 est
1257 5068 1365 5123 unitatis
1389 5065 1513 5136 corporis
1537 5072 1562 5118 et
1582 5059 1726 5134 sanguinis

931 5170 1042 5237 Christi,
1073 5169 1224 5223 demensa
1250 5165 1392 5220 Dominica
1412 5163 1528 5218 sumitur
1563 5160 1727 5233 quibusdam

931 5270 1065 5325 advitam
1081 5266 1242 5340 quibusdam
1258 5263 1292 5319 ad
1307 5263 1439 5325 exitium;
1467 5276 1510 5316 res
1524 5275 1588 5314 vero
1602 5260 1661 5329 ipsa
1676 5272 1729 5314 cu-

929 5369 974 5439 jus
988 5373 1184 5421 sacramentam
1201 5369 1252 5428 est,
1268 5361 1341 5417 omni
1367 5359 1469 5414 homini
1492 5358 1526 5412 ad
1547 5356 1641 5424 vitem,
1658 5354 1729 5410 nulli

931 5464 964 5519 ad
980 5463 1102 5531 exitium,
1119 5461 1274 5531 quicunque
1289 5458 1347 5527 ejus
1361 5456 1499 5530 particeps
1520 5455 1610 5509 luerit.
1629 5477 1640 5502 a
1659 5453 1728 5509 Cam

932 5563 1003 5619 enim
1024 5562 1084 5619 cibo
1107 5567 1134 5616 et
1154 5565 1219 5634 potu
1246 5556 1274 5612 id
1300 5557 1429 5631 appelant
1453 5553 1589 5623 homines,
1618 5559 1646 5609 ut
1674 5565 1727 5608 non
