3728 6000
159 268 213 322 367

154 481 280 534 rumdam
296 495 388 534 rerum
402 478 501 532 similis
517 492 578 531 esse
589 475 668 530 nobis
684 491 747 531 cum
757 476 885 547 gentibus
907 476 952 528 vi-

154 568 243 635 detur,
263 569 344 640 longe
370 575 458 622 tamen
480 565 559 620 aliter
573 565 615 618 his
635 564 715 619 rebus
730 565 841 631 utimur,
857 563 902 636 qui
917 563 951 618 ad

154 657 236 711 alium
258 656 340 711 finem
363 671 440 710 usum
463 669 555 708 earum
579 652 732 720 referimus,
753 652 831 706 aliter
853 652 886 706 de
910 652 951 706 eis

154 746 259 817 gratias
273 745 390 817 agendo,
409 744 443 798 de
454 758 507 814 quo
522 756 605 813 prava
616 748 643 797 et
655 741 722 796 falsa
737 756 789 796 non
800 741 949 807 credimus3

152 839 180 890 et
196 835 306 890 easdem
319 849 363 888 res
379 848 433 888 non
450 833 484 887 ad
501 831 626 886 eumdem
638 830 721 884 finem
732 829 885 894 referendo,
902 829 950 884 secl

151 923 186 977 ad
202 922 282 978 finem
301 921 386 976 divini
402 919 572 992 legitimique
586 919 725 989 praecepti,
742 918 899 974 charitatem
915 918 950 972 da

151 1011 234 1068 corde
258 1025 337 1082 puro,
363 1014 392 1064 et
408 1008 571 1064 conscientia
586 1008 668 1074 bona,
685 1017 711 1063 et
725 1007 779 1062 fide
807 1022 861 1062 non
877 1006 948 1062 freta.

72 1092 76 1099 '
150 1099 219 1154 Nam
236 1106 264 1154 et
278 1099 358 1154 bomo
374 1096 438 1166 fide,
455 1112 504 1167 spe
522 1105 549 1151 et
563 1096 692 1152 charitate
706 1095 848 1161 subnixus,
864 1111 949 1166 eaque

150 1187 314 1244 inconcusse
330 1185 459 1252 retinens,
473 1201 528 1240 non
541 1184 644 1257 indiget
666 1183 825 1254 Scripturis,
847 1183 899 1237 nisi
914 1182 949 1238 ad

151 1275 221 1331 alios
237 1275 307 1330 forte
322 1274 505 1329 instruendos.
523 1273 563 1327 lta
577 1271 657 1327 multi
672 1288 721 1343 per
735 1273 792 1327 bac
803 1271 854 1327 tria
868 1271 948 1326 etiam

149 1363 177 1419 in
194 1363 337 1418 solitudine
351 1362 409 1417 sine
420 1361 559 1418 codicibus
582 1361 687 1418 vivunt.
710 1360 786 1415 Unde
802 1366 826 1415 et
848 1359 875 1414 in
896 1359 949 1414 illis

655 263 843 320 GUlLLELbll
862 256 1006 318 abactis
1026 264 1057 317 S.
1082 262 1299 322 rubobotttct

67 438 73 447 .
155 407 271 447 necesse
286 397 327 447 est
337 396 366 444 ut
380 388 460 444 etiam
472 386 550 444 aliter
564 386 652 443 rivet.
666 387 738 441 Nam
755 386 805 441 etsi
816 403 881 441 usus
890 403 952 458 qua·
966 385 992 446 A
1007 393 1058 449 est,
1074 395 1202 457 quantum
1218 386 1252 441 ad
1269 386 1374 442 virtutis
1397 387 1573 442 substantiam
1600 387 1801 458 quodammodo

1742 267 1798 322 368

1005 475 1249 530 consubstantiales
1276 476 1339 532 licet
1369 477 1514 532 rideantur
1539 477 1640 532 babere
1654 477 1802 533 secuudum

1006 561 1121 617 formam
1133 561 1283 618 differentis
1296 563 1414 628 affectus,
1439 564 1517 634 quasi
1532 563 1694 621 diberentias
1720 583 1801 638 quas·

1004 650 1066 704 dam
1081 652 1251 721 personales.
1266 653 1414 708 Rationalis
1424 654 1527 724 qnippe
1542 654 1625 708 aninri
1653 655 1739 708 virtus
1753 671 1801 725 ge-

1005 741 1104 794 neralis
1118 750 1242 796 estrecta
1266 743 1342 808 ratio,
1356 741 1435 811 cujus
1450 751 1489 798 tot
1513 752 1576 798 sunt
1601 742 1709 814 species
1733 751 1799 815 quot

1004 829 1144 884 rationalis
1155 830 1272 885 bominis
1290 830 1414 886 dicuntur
1427 830 1549 887 virtutes.

1040 918 1108 972 Nam
1124 925 1151 972 et
1166 918 1246 972 trium
1262 919 1387 974 virtutum
1398 920 1509 984 harum,
1525 918 1598 987 fidei,
1623 920 1682 991 spei
1696 930 1721 976 ct
1736 921 1801 977 clte-

1003 1005 1097 1074 ritatis,
1114 1022 1167 1061 une
1180 1006 1286 1062 virtutis
1301 1007 1399 1074 forma,
1415 1008 1478 1080 quia
1489 1016 1569 1063 totae
1583 1006 1636 1064 fide
1646 1009 1798 1080 proticisci-

1004 1101 1057 1159 ιιι,
1074 1093 1101 1148 iu
1114 1095 1165 1150 bac
1194 1094 1257 1163 rita,
1272 1095 1299 1149 in
1314 1111 1368 1166 qua
1382 1097 1527 1165 credimus,
1544 1112 1694 1167 speramus.
1718 1112 1796 1152 ama-

1003 1197 1063 1236 mus
1078 1182 1150 1252 quod
1165 1183 1362 1250 considemus,
1379 1182 1446 1239 fides
1459 1189 1510 1251 est,
1535 1192 1562 1239 et
1576 1183 1643 1239 fides
1667 1185 1796 1240 nomina-

1002 1275 1046 1325 tur
1063 1287 1228 1343 :perquam
1251 1271 1295 1327 bic
1315 1272 1496 1340 ambulamus,
1513 1273 1660 1344 quandiua
1681 1274 1798 1329 Domino

1002 1360 1211 1430 peregrinamur
1228 1378 1233 1414 :
1252 1368 1304 1415 tota
1328 1361 1416 1416 lutrrra
1445 1369 1472 1416 et
1499 1361 1616 1417 dicenda
1640 1362 1755 1418 charitas
1769 1363 1797 1417 in

151 1450 271 1507 arbitror
282 1451 344 1522 jam
359 1451 499 1521 impletum
516 1465 578 1505 esse
599 1449 670 1521 quod
685 1448 786 1505 dictum
810 1456 860 1513 est,
876 1463 947 1520 quo·
1003 1446 1093 1502 futura
1108 1448 1171 1515 rita,
1188 1457 1213 1503 et
1228 1449 1318 1522 gratia
1329 1449 1445 1504 nominis
1459 1458 1485 1505 et
1495 1452 1594 1505 merito
1608 1451 1797 1522 perfectionis;

152 1541 228 1596 niam
246 1562 257 1590 ι
275 1540 332 1594 sive
361 1539 513 1611 prophetica
536 1536 948 1610 evacuabuntur;sivelinguae
1002 1536 1233 1608 cumfidectspe
1257 1539 1576 1607 uonpcreuntibus,sed
1602 1538 1631 1593 in
1661 1555 1705 1594 res
1734 1555 1798 1594 suas

151 1627 316 1691 cessabunt;
333 1629 392 1682 sire
412 1627 525 1682 scicntia
547 1626 738 1696 destruetur(f
754 1627 814 1681 Cor.
841 1627 914 1694 xiii).
935 1649 946 1672 ι
1002 1626 1215 1691 transeuntibus,
1245 1626 1379 1680 videbitur
1402 1635 1427 1681 et
1446 1627 1597 1693 habebitur,
1623 1627 1696 1699 qnod
1725 1641 1798 1684 ntrnc

151 1716 257 1787 Quibus
284 1725 375 1771 tamen
399 1717 476 1787 quasi
503 1715 636 1771 machinis
661 1723 733 1769 tante
755 1715 781 1768 in
806 1714 845 1769 eis
871 1712 941 1782 fidei,
959 1743 985 1802 Β
1002 1713 1121 1768 creditur
1136 1722 1161 1769 et
1172 1723 1303 1784 speratur.
1320 1716 1388 1769 Nam
1404 1723 1431 1770 ct
1443 1716 1470 1769 in
1487 1716 1536 1772 bac
1560 1717 1625 1785 vita,
1655 1717 1681 1770 in
1708 1732 1796 1788 quan·

150 1806 209 1876 spei
226 1814 252 1861 et
272 1806 415 1860 charitatis
438 1805 554 1859 srrrrexit
572 1804 724 1872 instructio,
746 1811 776 1857 ut
796 1803 945 1873 perfectum
1003 1801 1214 1872 tumuliquando
1229 1802 1369 1872 proficitur
1385 1803 1410 1856 in
1427 1803 1541 1874 idipsum
1556 1820 1668 1860 summae
1691 1805 1795 1859 verita·

79 1947 81 1951 .
149 1893 211 1950 sine
226 1894 279 1948 illis
293 1892 604 1966 apprehendant,qnale
619 1896 779 1963 potestesse
795 1893 945 1961 perfectum
1001 1887 1045 1954 tis,
1075 1888 1264 1960 peratiectum
1295 1890 1604 1948 sentiendidebomino
1627 1893 1795 1958 inhabitate,

148 1983 212 2037 ritae
240 1982 331 2050 hujus,
358 1982 429 2051 quod
448 1981 693 2052 perfidem,spem
723 1989 748 2036 et
777 1981 945 2048 charitatem,
1000 1974 1068 2031 fides
1088 1986 1113 2032 et
1129 1994 1193 2048 spes
1206 1995 1413 2048 nonnunquam,
1430 1997 1483 2034 nou
1513 1988 1568 2035 tam
1591 1981 1716 2037 charitati
1732 1997 1797 2036 con-

149 2071 317 2142 apprehendi
332 2078 436 2141 potest.
1000 2063 1161 2134 formantur,
1179 2083 1258 2137 quam
1274 2068 1423 2123 liniuntur:
1440 2069 1509 2123 adeo
1528 2077 1560 2123 ut
1588 2071 1674 2125 tribus
1687 2069 1753 2142 ipsis
1767 2071 1795 2124 in

184 2160 317 2214 Perfectio
332 2173 451 2230 namque
464 2159 547 2227 liuius
569 2158 633 2212 ritae
648 2173 704 2212 non
725 2156 777 2211 alia
801 2165 842 2212 est
866 2172 944 2228 quam
999 2153 1101 2209 lumine
1130 2155 1219 2209 voltus
1250 2155 1299 2211 Dei
1324 2156 1490 2227 proficiendo
1504 2158 1714 2226 ambulantibus,
1731 2159 1796 2215 licet

148 2263 198 2318 per
213 2247 305 2312 fidem,
320 2263 396 2317 spem
419 2255 445 2302 ct
468 2247 638 2312 charitatem,
659 2244 778 2316 perfecte
794 2261 853 2316 quae
875 2254 945 2300 retro
999 2258 1056 2297 suae
1078 2243 1222 2314 unicuique
1246 2252 1354 2300 ninneat
1379 2245 1485 2316 species
1512 2247 1695 2317 proprietatis,
1720 2264 1795 2318 saepe

146 2342 209 2388 sunt
224 2334 359 2402 oblivisci,
376 2342 404 2389 et
417 2334 444 2388 in
459 2350 491 2389 ea
503 2333 612 2388 extendi
627 2350 687 2403 quai
707 2341 772 2388 ante
788 2338 858 2389 sunt.
874 2333 944 2388 Nam
1000 2337 1089 2384 tomen
1100 2331 1128 2385 in
1139 2332 1221 2386 tribus
1231 2349 1285 2386 non
1302 2333 1351 2386 nisi
1365 2349 1419 2388 una
1446 2334 1481 2388 sit
1502 2351 1547 2389 seu
1562 2338 1695 2405 appareat
1711 2334 1795 2390 facies

145 2430 171 2476 et
186 2421 329 2492 Apostolus
339 2422 390 2478 hoc
401 2421 467 2477 dicit
484 2437 490 2476 τ
510 2445 521 2469 ι
538 2420 688 2492 Quotquot,
702 2445 713 2469 n
732 2421 828 2493 inquit,
847 2444 857 2468 ι
879 2437 943 2492 per·
998 2419 1147 2473 charitatis.
1168 2421 1383 2476 ascendentibus
1398 2422 1469 2477 enim
1485 2422 1519 2478 de
1534 2423 1603 2478 valle
1617 2424 1794 2495 lacrymarum

146 2510 209 2567 fecti
225 2527 333 2577 sumus,
355 2509 676 2582 hocsapiamust'l’fu'tr'p.
691 2511 741 2581 m).
760 2535 770 2559 a
785 2510 944 2582 Quicunque
998 2507 1031 2561 ad
1047 2523 1225 2578 supernarum
1242 2509 1427 2566 celsitudinem
1443 2513 1663 2582 promissionum,
1679 2514 1795 2568 ebaritas

144 2599 533 2671 ergorerequaeruntbeum
557 2599 729 2666 Trinitatem,
745 2601 827 2653 trium
855 2603 943 2654 virtu·
997 2595 1793 2663 haqseuditectto,seuamarhteauinttiofidetincho-

144 2694 199 2742 tum
215 2687 309 2741 harum
325 2685 449 2742 affectent
466 2687 491 2741 in
507 2685 765 2757 semetipsislrabere
786 2688 941 2757 trinitatem,
997 2691 1068 2752 atur,
1086 2684 1131 2738 ubi
1153 2686 1256 2741 lromini
1286 2687 1412 2756 primitus
1427 2687 1461 2742 eb
1490 2686 1656 2743 infidelitatis
1675 2690 1794 2744 tenebris

143 2785 171 2830 et
185 2776 359 2832 conformare
386 2791 415 2830 se
445 2775 570 2830 studeant
584 2775 619 2830 ad
635 2791 729 2831 earum
757 2775 940 2845 disciplinam.
997 2773 1184 2844 progredienti
1199 2775 1327 2830 contiuuo
1342 2776 1381 2830 sol
1398 2777 1447 2830 iste
1460 2777 1792 2844 justitiaecxoritur;cum

147 2864 318 2919 Conscientia
333 2879 425 2918 earum
441 2864 582 2934 paradisus
600 2863 744 2934 voluptatis
759 2869 810 2928 est,
835 2865 942 2933 pollens
996 2877 1049 2914 non
1061 2861 1149 2915 solum
1161 2862 1234 2916 credi
1250 2862 1346 2934 incipit
1357 2871 1384 2918 ot
1399 2865 1502 2935 sperari
1515 2865 1587 2936 quod
1600 2882 1654 2920 non
1669 2866 1790 2935 ridetur;

143 2952 282 3008 affluentia
301 2952 460 3025 gratiarum,
490 2960 517 3007 et
545 2955 628 3007 castis
659 2958 814 3008 sanctarum
837 2952 942 3007 deliciis
996 2949 1044 3003 sed
1060 2949 1141 3004 etiam
1158 2949 1278 3022 diligitur
1295 2952 1466 3022 inquantum
1483 2955 1790 3026 credituretsperutur,

141 3042 270 3096 virtutum
285 3056 293 3104 3
311 3041 356 3095 ubi
372 3042 454 3096 homo
467 3041 554 3095 incola
569 3041 688 3112 paradisi
702 3041 786 3112 ipsius
807 3057 868 3096 curn
884 3042 940 3097 Deo
996 3038 1120 3108 quamvis
1137 3038 1163 3091 in
1184 3040 1234 3093 bac
1253 3040 1305 3094 vita
1316 3040 1469 3095 dilectionis
1485 3042 1571 3111 ipsius
1592 3042 1731 3113 plenitudo
1745 3061 1792 3099 seu

142 3137 321 3186 conversatur
338 3145 345 3197 3
362 3137 389 3184 et
404 3146 476 3200 saepc
492 3146 553 3185 eum
569 3129 655 3198 sidet,
671 3145 779 3199 semper
807 3130 841 3184 ab
857 3145 889 3184 eo
904 3130 941 3182 vi·
957 3096 982 3158 C
996 3126 1127 3197 perfectio
1143 3126 1209 3181 nulli
1233 3144 1354 3198 prorsus,
1372 3130 1553 3201 cujuscunque
1580 3130 1715 3202 profectus
1731 3131 1790 3189 fue-

142 3218 231 3285 detur,
247 3234 321 3288 saepe
336 3235 396 3273 cum
411 3234 444 3273 eo
461 3219 589 3289 loquitur.
606 3218 671 3272 Tres
684 3225 773 3272 autem
789 3217 941 3273 cardinales
995 3214 1041 3281 rit,
1057 3214 1190 3284 speranda
1215 3216 1259 3284 sit,
1288 3233 1428 3288 quousque
1453 3217 1516 3273 illuc
1544 3221 1719 3289 perveniatur
1745 3221 1792 3277 ubi

141 3307 389 3364 istaerirtutesubi
417 3314 491 3373 sunt,
521 3306 555 3361 ad
585 3306 707 3377 aliquam
735 3305 941 3360 similitudinem
996 3303 1273 3359 videntiumfaciead
1291 3304 1388 3360 faciem
1419 3313 1473 3360 tota
1502 3307 1552 3362 erit
1580 3308 1717 3364 beatitudo
1739 3312 1790 3364 ha-

140 3395 280 3451 Triuitatis
295 3395 345 3451 Dei
362 3396 402 3450 sic
410 3395 461 3449 sibi
480 3395 596 3451 invicem
613 3411 743 3450 connexae
755 3403 816 3449 sunt
836 3402 940 3450 etcon-
995 3389 1059 3445 berc
1076 3392 1148 3462 quod
1168 3391 1305 3464 diligetur,
1325 3397 1352 3448 et
1367 3393 1456 3448 omnis
1470 3395 1554 3449 virtus
1581 3396 1696 3469 diligere
1717 3400 1790 3471 quod

139 3484 249 3555 junctae,
266 3493 297 3539 ut
312 3485 366 3538 sint
380 3483 534 3557 singularia
547 3483 686 3552 omnibus,
701 3492 832 3539 ctonmes
847 3482 939 3538 insin·
995 3479 1147 3534 habebitur.
1166 3481 1274 3535 Interim
1290 3497 1356 3536 vero
1371 3483 1566 3539 ambulantium
1586 3502 1634 3555 per
1647 3487 1728 3541 lidcm
1738 3495 1789 3557 est,

141 3573 214 3644 gulis
227 3579 269 3641 ;ut
279 3571 363 3642 qnod,
380 3578 406 3627 et
417 3581 558 3643 quantum,
572 3579 598 3626 et
609 3572 755 3641 quomodo,
766 3571 937 3643 quiscredit;
994 3582 1027 3622 co
1043 3567 1103 3634 niti,
1120 3569 1311 3639 coaspirare,
1327 3570 1372 3624 ubi
1387 3586 1402 3624 a
1420 3571 1575 3643 fatigatione
1590 3572 1650 3639 viae,
1670 3582 1696 3629 et
1711 3576 1790 3632 taedio

142 3660 302 3727 boeotiam,
318 3668 345 3715 et
360 3668 472 3728 tantum,
489 3667 514 3715 et
530 3676 563 3715 eo
587 3660 668 3714 modo
684 3668 777 3731 speret
791 3667 817 3715 et
843 3667 915 3714 amet
932 3677 938 3714 :
994 3655 1235 3725 peregrinationis,
1248 3661 1360 3728 sperant
1376 3659 1519 3728 respirare.
1543 3659 1655 3730 Species
1674 3678 1790 3734 namque

143 3749 185 3804 sic
199 3748 282 3802 etiam
297 3754 395 3816 speret,
410 3749 481 3816 quod
497 3747 582 3803 credit
592 3755 697 3801 etamat
709 3761 716 3816 3
728 3748 857 3815 sicamet,
867 3748 940 3818 quod
993 3744 1089 3797 summi
1103 3744 1167 3798 boni
1177 3744 1210 3798 ad
1222 3761 1342 3800 amorem
1368 3749 1408 3801 sui
1425 3755 1451 3801 et
1466 3749 1648 3820 cognitionem
1676 3762 1788 3809 natura·

142 3835 229 3892 credit
244 3838 382 3906 etsperat.
400 3836 560 3891 Fidesenim
585 3851 686 3890 nonren
711 3835 818 3889 virtutis
832 3844 883 3900 est,
914 3842 941 3890 ct
994 3831 1053 3885 liter
1080 3848 1191 3903 semper
1214 3835 1328 3888 suscitat
1354 3835 1472 3890 ettrahit
1497 3852 1605 3892 ornnem
1627 3840 1788 3896 rationalem

142 3923 545 3995 magnaeeteximiaevirtutis.
574 3923 629 3977 Sed
643 3921 709 3977 fides
736 3939 796 3995 quae
815 3939 889 3994 spem
915 3931 941 3977 et
993 3919 1168 3987 intellectum,
1198 3937 1252 3992 quo
1267 3923 1447 3991 mundiorem,
1476 3940 1507 3979 eo
1534 3926 1590 3995 jam
1606 3927 1660 3981 sibi
1676 3930 1788 4001 propin·

144 4012 303 4068 charitatem
318 4027 372 4065 non
389 4011 480 4077 habet,
498 4011 582 4065 virtus
602 4027 656 4064 non
672 4019 726 4065 est.
756 4011 799 4066 Sic
814 4013 885 4066 enim
913 4021 939 4067 et
992 4007 1170 4079 quierem,eo
1184 4011 1368 4065 ardentiorem
1384 4012 1417 4066 ad
1433 4012 1587 4081 ridendum,
1605 4016 1676 4084 qood
1690 4018 1787 4073 vidan-

143 4101 282 4156 daemones
298 4099 421 4166 credunt,
439 4104 466 4155 et
478 4100 612 4165 homines,
635 4098 680 4170 qui
707 4100 775 4155 sicut
803 4101 939 4155 daemones
992 4095 1054 4150 dum
1066 4097 1384 4155 beatismundicordrbus
1398 4101 1580 4172 promittitur:
1598 4103 1672 4175 quod
1683 4107 1788 4162 nonnisi

144 4189 259 4245 credunt
276 4190 345 4255 (luc.
362 4189 402 4257 tt),
418 4189 469 4242 nisi
498 4189 570 4260 quod
595 4188 705 4258 pejores
728 4205 789 4244 esse
816 4189 939 4244 sidentur
992 4185 1100 4239 mundis
1115 4186 1246 4241 cordibus
1262 4187 1370 4242 ridetur
1386 4206 1392 4252 ;
1411 4189 1445 4242 ad
1461 4189 1532 4260 qnod
1549 4189 1705 4261 videndum,
1718 4211 1788 4249 non-

143 4277 211 4349 ipsis
221 4276 393 4331 darnonibus
401 4277 526 4332 homines
535 4277 655 4348 quidam,
671 4276 697 4330 in
714 4275 831 4347 eoquod
847 4277 938 4332 horni-
992 4272 1045 4327 nisi
1060 4271 1113 4328 frde
1127 4275 1209 4329 corda
1225 4276 1399 4331 mundantur.
1415 4277 1462 4332 Cui
1486 4281 1611 4348 suspirat,
1635 4281 1789 4354 quicunque

141 4383 190 4422 nes
205 4381 256 4421 nec
269 4367 377 4431 timent,
408 4365 606 4422 uhidaemones
624 4366 936 4437 conucmiscuntdbid).
992 4359 1100 4416 affectat
1113 4362 1227 4436 diligere
1242 4364 1386 4419 Dominum
1401 4366 1486 4420 Deum
1497 4383 1572 4421 suum
1586 4384 1617 4422 ea
1633 4374 1690 4424 toto
1703 4371 1789 4427 corde

142 4456 307 4525 certamque
333 4470 395 4509 esse
418 4453 497 4509 fidem
527 4460 645 4524 oportet,
663 4461 692 4508 ut
710 4459 781 4508 certa
803 4455 838 4509 sit
864 4471 936 4526 spes,
952 4447 978 4508 D
993 4465 1056 4514 suo,
1074 4458 1145 4504 etex
1161 4458 1216 4505 tota
1231 4452 1322 4506 anima
1346 4462 1443 4522 sua,et
1458 4470 1489 4509 ex
1508 4455 1582 4509 omni
1602 4465 1693 4513 mente
1714 4474 1761 4513 sua
1780 4479 1787 4528 ;

141 4552 215 4600 certa
243 4542 373 4599 ebaritas.
390 4541 549 4599 Sicutenim
575 4547 647 4597 recte
676 4542 751 4598 credi
780 4558 832 4598 non
848 4552 938 4614 potest

140 4633 200 4688 sine
210 4648 268 4704 spe,
281 4648 330 4687 nec
346 4633 448 4702 sperari
462 4631 516 4686 nisi
540 4631 710 4702 praecedente
738 4630 800 4697 liele,
824 4631 864 4686 sic
886 4647 936 4688 nec

141 4720 252 4777 alterius
269 4720 363 4775 formae
378 4737 439 4791 spes
447 4736 507 4774 esse
518 4727 608 4790 potest
616 4735 696 4791 quam
708 4718 784 4775 fides.
798 4720 935 4775 (ineditum

141 4810 244 4881 qnippe
268 4808 371 4862 bonurn
400 4825 476 4863 snum
507 4807 563 4878 spei
589 4808 685 4863 format
706 4808 935 4879 appetitum,cum

141 4895 363 4952 creditabonitas
378 4894 478 4951 crediti
501 4894 547 4949 dat
573 4894 698 4950 fiduciam
727 4895 868 4967 sperandi.
895 4895 937 4950 ad

139 4992 346 5048 similitudinem
359 5008 544 5064 ergosummae
558 4992 770 5049 Trinitatissicut
785 4991 936 5064 fidesspem

140 5089 240 5163 gignit,
252 5088 291 5143 sic
305 5089 424 5144 ebaritas
438 5090 472 5145 ab
488 5098 612 5162 utroque,
628 5092 680 5145 hoc
690 5098 731 5146 est
752 5107 768 5146 a
783 5091 836 5147 fide
851 5100 935 5164 etspe

138 5187 269 5259 procedit,
286 5203 347 5242 cum
362 5202 415 5241 non
431 5193 519 5257 potest
541 5204 594 5242 non
605 5188 693 5242 amari
716 5188 788 5258 quod
816 5188 936 5244 creditur

137 5293 164 5339 ct
178 5293 302 5354 speratur
314 5304 321 5351 3
335 5292 362 5338 et
377 5284 475 5340 codem
493 5286 584 5356 utique
600 5285 680 5340 modo
694 5284 790 5354 amari,
804 5301 858 5357 quo
872 5302 935 5342 cre-

137 5379 253 5433 ditaret
268 5387 402 5451 speratur.
420 5380 494 5435 Sicut
510 5381 583 5435 enim
595 5380 631 5435 ibi
647 5385 701 5437 tres
723 5396 846 5451 personae
861 5398 934 5438 coae-

138 5474 224 5522 ternae
235 5467 285 5521 sibi
295 5472 358 5522 sunt
373 5474 399 5523 et
410 5469 662 5538 consubstantiales,
686 5470 723 5526 ita
738 5476 764 5526 ct
792 5470 838 5527 bic
854 5472 933 5542 fides,

137 5580 211 5641 spes,
227 5565 352 5635 claritas,
368 5581 422 5622 non
433 5569 558 5640 ternpore
570 5565 625 5624 alia
635 5567 720 5639 prior,
736 5566 788 5624 alla
798 5571 935 5644 posterior

991 4545 1018 4594 et
1032 4539 1186 4609 proximum
1202 4555 1282 4594 snum
1299 4540 1326 4594 in
1341 4549 1472 4611 quantum
1487 4548 1625 4614 praestet,
1638 4546 1748 4615 adjurat
1761 4547 1788 4603 in

990 4624 1042 4680 hoc
1057 4625 1155 4696 ipsum,
1172 4642 1255 4697 quem
1267 4627 1622 4702 diligitsicutsemetipsum.
1639 4633 1692 4688 Sed
1703 4651 1788 4703 quan·

990 4712 1036 4767 diu
1052 4730 1086 4768 ex
1100 4722 1212 4784 peccato
1225 4715 1307 4786 primi
1324 4716 1449 4783 bominis,
1467 4724 1493 4772 et
1509 4721 1704 4791 poenapeccati
1715 4722 1786 4791 ejus,

990 4801 1017 4855 in
1027 4801 1088 4856 filiis
1100 4803 1192 4858 carnia
1208 4802 1279 4873 ejus,
1292 4804 1338 4876 qui
1363 4807 1444 4859 etiam
1474 4811 1537 4860 sunt
1561 4807 1609 4861 filii
1635 4809 1740 4881 gratia,
1758 4811 1788 4868 frt

991 4891 1064 4961 quod
1075 4890 1140 4947 dicit
1154 4892 1301 4962 Apostolus
1317 4892 1350 4948 de
1365 4893 1466 4964 seipso,
1484 4915 1495 4944 ι
1513 4895 1701 4965 condelector,
1720 4922 1731 4947 n
1749 4900 1788 4954 in-

991 4990 1098 5059 quiens,
1117 5010 1128 5039 ι
1146 4989 1200 5062 legi
1225 4989 1275 5045 Dei
1291 4991 1437 5047 secundnm
1453 4993 1613 5049 interiorem
1637 4995 1786 5070 bominem,

990 5081 1174 5138 vidcoautem
1189 5083 1272 5138 aliam
1298 5084 1388 5157 legem
1405 5086 1431 5140 in
1456 5089 1585 5144 membris
1612 5090 1680 5146 meis
1705 5109 1788 5165 repu-

990 5187 1121 5253 gnantem
1137 5181 1193 5253 legi
1208 5183 1307 5237 mentis
1319 5198 1397 5250 meae,
1409 5192 1435 5239 et
1445 5185 1579 5256 captivum
1595 5188 1788 5247 meducentem

990 5278 1020 5331 in
1035 5276 1125 5350 legem
1150 5282 1264 5350 peccati,
1278 5296 1339 5352 quae
1358 5291 1400 5337 est
1415 5283 1443 5336 in
1456 5285 1588 5341 membris
1611 5287 1681 5342 meis
1695 5290 1785 5357 (born.

989 5375 1037 5445 vn)
1054 5390 1060 5444 ;
1078 5382 1178 5432 etcaro
1192 5376 1363 5448 concupiscit
1387 5379 1515 5437 adversus
1529 5383 1661 5455 spiritum,
1686 5392 1712 5441 et
1724 5387 1785 5459 spi-

988 5471 1054 5529 ritus
1068 5473 1197 5531 adversus
1211 5492 1320 5533 carnem
1333 5477 1442 5550 (Galat.
1458 5481 1485 5550 v)
1501 5496 1508 5533 :
1526 5503 1538 5529 r
1556 5480 1681 5550 Quandiu
1696 5483 1784 5543 siccat

987 5571 1083 5645 horno,
1098 5571 1188 5647 palam
1203 5575 1331 5633 omnibus
1346 5582 1396 5651 est,
1411 5591 1493 5652 quam
1508 5593 1564 5636 non
1574 5579 1669 5656 diligat
1683 5581 1782 5640 bomi-
