3728 6000
76 232 133 287 ⁶01
527 225 716 284 expositio
734 226 771 284 ΙΝ
790 226 898 285 Emer.
919 228 965 284 nb
983 227 1068 286 nont.
1089 259 1124 271 —
1142 228 1207 287 bib.
1228 230 1287 287 vlt.
1677 242 1731 300 bet

76 353 137 413 scio
149 361 178 412 et
191 351 334 428 pmumam
342 351 400 425 pati
411 352 548 426 (Philipp.
563 351 617 423 iv).
640 374 651 401 ι
668 352 729 408 Νοη
736 350 778 409 sic
785 350 824 407 illi
833 349 921 425 quiA
934 360 978 410 tur
999 352 1043 409 ei:
1061 376 1074 403 e
1088 353 1163 424 Eiioe
1187 355 1305 429 primurn
1330 354 1434 414 trabem
1462 358 1498 415 de
1511 361 1591 418 oculo
1619 368 1675 430 tuo,
1703 371 1731 422 et

76 443 272 516 concupierant
280 441 408 501 carnibus
418 440 507 512 vesci,
516 439 615 513 quibus
622 439 733 514 pluebat
740 454 840 497 manna
846 440 882 498 de
937 450 999 500 ωηο
1009 443 1116 524 valebis
1131 443 1228 514 ejicere
1242 445 1374 503 festucam
1388 446 1422 504 de
1436 450 1516 505 oculo
1544 449 1638 507 iratria
1651 452 1729 523 (tua.

75 530 516 607 eoelu(liem.11).Featidiebaut
529 530 632 603 quippe
646 529 719 600 quod
734 528 880 599 habebant,
935 532 1005 604 xvi).
1026 533 1151 591 »Neuter
1178 549 1245 609 ergo
1264 534 1405 605 judicetur
1430 537 1466 593 ab
1486 537 1584 606 altero,
1608 539 1658 596 sed
1687 540 1734 616 qui

79 631 107 679 et
121 618 581 694 quodnunbabebantimpudenter
590 618 730 691 petebant,
746 617 882 691 quaeinun
935 622 1023 678 Deum
1050 622 1132 679 metit
1154 622 1183 679 iu
1204 639 1288 696 opere
1301 640 1362 696 cuo,
1390 626 1419 681 in
1451 627 1731 698 sensusuoabundet,

73 712 174 770 melius
193 717 328 783 peterent,
349 724 418 777 nou,
432 716 463 765 ut
477 707 556 767 cibus
573 706 619 778 qui
633 707 727 765 deerat
740 706 882 765 indecenti
935 710 963 767 id
978 715 1022 768 eat
1032 710 1061 768 iu
1072 711 1141 768 Deo.

79 800 409 875 desideriopmetaretur,
424 797 528 854 seditle
535 796 582 870 qui
590 797 792 853 aderetseneto
802 796 882 854 iasti-
971 801 1062 858 Vens.
1078 804 1105 856 6.
1120 831 1156 843 -
1172 825 1183 849 ·
1200 801 1254 871 Qui
1267 803 1340 860 euim
1354 804 1425 877 sapit
1439 804 1525 870 diem
1542 829 1553 855 n
1575 804 1603 861 id
1627 807 1732 881 estqui

74 891 123 949 dio
137 896 291 947 sanaretur.
313 886 429 957 Quando
443 885 517 943 enirn
533 901 585 942 noe
603 885 740 942 delectent
759 884 840 954 mele,
854 892 882 942 et
935 891 1006 961 sapit
1016 904 1087 962 opus
1100 889 1206 947 diurnae
1220 892 1404 960 conscientie,
1422 916 1434 943 ι
1450 894 1658 968 Dominompit,
1681 895 1734 954 »td

75 997 135 1038 non
149 979 289 1037 delectent
301 976 385 1044 boun,
397 974 731 1048 ruqarepotiuedebemus
739 975 838 1042 Deum,
851 981 883 1031 ut
934 986 977 1034 est
990 978 1071 1035 dulce
1086 979 1151 1051 quid
1161 979 1188 1035 ei
1202 981 1273 1050 sepit
1292 980 1321 1036 iu
1348 982 1466 1038 Dumium
1479 997 1530 1039 aua
1556 985 1731 1053 coutinentia,
1816 998 1819 1003 ·

74 1071 211 1127 delectent
222 1067 295 1124 bona
309 1080 390 1139 quam
404 1072 433 1121 ut
446 1064 630 1122 concedantur
640 1065 723 1120 male.
738 1063 801 1121 Non
817 1062 882 1136 quia
937 1089 949 1116 ι
965 1067 1050 1139 etqui
1064 1067 1224 1136 menducet,
1241 1069 1359 1126 Domino
1369 1068 1524 1138 manducat,
1542 1094 1554 1121 η
1569 1071 1633 1128 dum
1654 1088 1733 1130 man-

74 1160 181 1216 malum
199 1152 818 1219 eetcerneveeci,cumomuiscreatura1)ei
844 1152 882 1208 sit
934 1155 1038 1212 ducens
1051 1172 1085 1213 ex
1100 1148 1153 1212 fide
1167 1165 1308 1214 auctorem
1321 1157 1453 1215 fideieun
1470 1159 1560 1216 Deum
1582 1159 1731 1232 plunimi.

74 1248 162 1305 bona.
182 1245 238 1302 Sed
253 1244 318 1317 quia
334 1258 392 1301 uon
407 1258 490 1315 parva
515 1250 576 1299 eret
592 1240 708 1298 offensio
733 1240 881 1314 repudiare
937 1267 949 1294 ι
965 1245 1043 1318 Ergo
1062 1245 1145 1318 etqui
1155 1246 1312 1314 manducat,
1328 1254 1354 1303 et
1369 1246 1480 1321 quinon
1492 1248 1646 1318 manducat,
1661 1257 1734 1308 uter·

76 1336 154 1411 quod
167 1332 408 1405 dabateepientia,
431 1338 459 1388 et
484 1339 576 1404 petere
603 1331 632 1386 in
659 1331 732 1402 quod
758 1330 881 1386 inhiabat
934 1350 988 1407 que
1015 1334 1135 1392 Domino
1154 1336 1198 1392 vel
1218 1335 1364 1393 manducat
1395 1335 1440 1393 uel
1466 1351 1522 1394 nou
1544 1338 1729 1410 manducat,-

76 1421 310 1497 coueupisccntia,
325 1419 450 1494 quumvis
473 1419 513 1475 ilii
527 1427 726 1493 necpeterent,
742 1419 800 1488 sed,
815 1419 880 1492 quia
934 1424 996 1495 quie
1029 1431 1143 1496 uterque
1174 1423 1276 1498 gratiae
1300 1425 1358 1497 agit
1383 1425 1452 1482 Deo.
1475 1425 1595 1499 Uterque
1609 1425 1733 1486 Domino

75 1516 182 1583 deerat,
211 1518 426 1568 murmurarent.
459 1509 506 1567 Set
536 1517 564 1564 ut
590 1509 723 1566 sciremus
749 1523 805 1564 nou
828 1505 879 1564 Dei
933 1512 1073 1584 agitquud
1087 1512 1154 1586 agit,
1171 1512 1236 1585 quis
1254 1512 1402 1570 inlaudem
1416 1513 1480 1586 ejus
1493 1513 1559 1588 agit.
1575 1514 1731 1573 Tuneenim

75 1612 233 1663 euenturum
248 1598 495 1672 esseculpabilem,
510 1598 560 1655 sed
574 1597 790 1654 inobedientiam
809 1611 878 1653 cou-
933 1600 988 1673 pie,
1013 1609 1076 1657 ωηο
1098 1608 1184 1673 recte,
1211 1608 1275 1658 tunc
1293 1602 1367 1672 juste
1394 1600 1426 1657 fit
1437 1618 1508 1675 opus
1530 1602 1643 1674 bonum,
1666 1618 1730 1662 cum

76 1704 215 1750 inmanem
229 1695 258 1748 et
270 1688 456 1745 inordinatum
467 1686 654 1758 cupiditatem,
684 1702 738 1742 non
766 1688 878 1758 propter
890 1709 919 1774 Β
933 1688 960 1744 in
985 1689 1047 1759 ejus
1061 1690 1168 1747 laudem
1196 1690 1235 1759 fit,
1259 1705 1275 1746 a
1302 1707 1359 1765 quo
1384 1690 1504 1749 donatur
1516 1698 1547 1749 ut
1559 1691 1617 1759 liat,
1632 1692 1661 1749 in
1675 1709 1730 1768 quo

75 1779 261 1855 pomumffied
275 1785 387 1850 propter
399 1791 511 1849 pomum
532 1784 647 1831 mortem
662 1775 767 1847 primus
794 1775 878 1830 bomo
932 1775 1032 1835 affectu
1058 1777 1174 1851 quisque
1192 1779 1337 1851 pmfieiena
1363 1779 1498 1851 quidquid
1518 1780 1592 1852 iacit,
1611 1781 1731 1841 Domino

75 1871 182 1929 invenit
195 1868 275 1941 (Gen.
291 1868 348 1938 ιη).
364 1864 691 1938 Necproptergatlinem,
704 1863 752 1920 sed
764 1870 880 1935 propter
932 1865 1017 1922 iacit:
1033 1867 1085 1924 boc
1099 1867 1182 1923 estin
1196 1867 1303 1924 laudem
1317 1868 1376 1938 eius
1393 1867 1487 1925 tacita
1502 1885 1557 1940 quo
1580 1870 1687 1943 eccepit
1699 1879 1731 1929 ut

75 1958 236 2017 lenticulam
243 1957 317 2013 &au
327 1954 512 2028 primogenita
521 1968 570 2009 sua
584 1952 876 2024 perdidittdcnmxr).
932 1954 1044 2012 iaceret.
1056 1956 1133 2013 Unde
1148 1964 1190 2012 eet
1203 1957 1352 2029 gmtterum
1366 1956 1450 2026 actio,
1465 1973 1528 2030 qum
1552 1956 1648 2016 intimo
1660 1957 1731 2019 iide-

77 2048 239 2108 carendum
253 2060 321 2119 ergo
335 2043 365 2100 in
374 2042 531 2113 huiusmodi
542 2041 719 2098 temerarium
733 2039 877 2111 judicium.
932 2043 997 2100 lium
1008 2043 1159 2102 ministerio
1168 2044 1339 2103 celebratur.

75 2137 158 2196 Unde
172 2141 201 2194 et
214 2134 359 2193 subditur:
967 2134 1401 2191 vna.u·e.-·1temoenim
1425 2134 1476 2192 sibi
1490 2134 1567 2205 sinit,
1594 2143 1622 2193 et
1647 2152 1730 2195 nemo

113 2227 205 2284 vm,
222 2225 250 2281 4,
266 2222 393 2291 -ιΤη,
422 2220 482 2294 quis
508 2236 549 2286 ee,
574 2219 621 2292 qui
636 2219 876 2289 judicaaalienum
931 2219 982 2277 sibi
998 2222 1127 2278 moritur.
1151 2222 1215 2279 Siue
1243 2223 1317 2279 enim
1344 2222 1472 2290 vivimus,
1500 2224 1559 2281 sive
1585 2224 1729 2295 morimur,

74 2315 216 2374 serrum?
231 2337 244 2365 ι
260 2313 387 2370 iudicare
400 2311 474 2367 enim
488 2309 598 2383 ponitur
611 2311 719 2381 bocpro
734 2309 877 2375 damnare,
931 2311 1041 2367 Domini
1051 2326 1155 2367 sumus.
1174 2334 1186 2360 ·
1203 2311 1268 2368 Sive
1281 2312 1355 2369 enim
1369 2312 1496 2380 vivimus,
1511 2313 1570 2369 sire
1587 2312 1729 2383 morimur,

72 2404 120 2464 vel
133 2403 207 2462 mele
216 2402 364 2461 metimere.
379 2401 442 2457 Nou
456 2398 529 2473 quod
539 2398 629 2454 omnia
635 2398 738 2467 judicia
751 2398 878 2455 fidelibus
931 2414 1013 2456 nemo
1032 2400 1085 2455 eibi
1099 2400 1195 2457 vivere
1209 2400 1292 2458 debet
1303 2401 1348 2457 ael
1361 2401 1431 2458 muri
1445 2419 1453 2469 ;
1468 2401 1517 2458 sed
1528 2402 1563 2458 ad
1591 2401 1653 2475 ejus
1665 2404 1731 2478 qlo-

70 2494 221 2568 Apostolua
234 2490 390 2557 interdicat,
405 2504 466 2545 cum
482 2503 532 2559 per
546 2486 684 2543 illoselibi
698 2487 772 2543 dicat
794 2502 877 2543 mun·
931 2488 1008 2555 rium,
1038 2488 1117 2559 cujus
1143 2506 1237 2546 sumus
1252 2509 1260 2558 ς
1276 2490 1320 2547 cui
1343 2499 1370 2547 et
1393 2489 1516 2548 virentes
1544 2491 1681 2549 servimus
1704 2501 1731 2551 et

71 2584 140 2641 dum
166 2587 194 2640 et
219 2581 302 2639 etiem
329 2576 444 2652 angelos
460 2575 635 2648 judicandos,
660 2576 752 2632 cedde
767 2573 878 2632 occultis
931 2578 1080 2634 morientes
1101 2593 1156 2634 uon
1176 2578 1290 2636 erimus.
1320 2578 1349 2635 si
1374 2579 1451 2636 enim
1478 2594 1615 2653 nunquam
1643 2581 1732 2653 ipsius

68 2673 195 2746 iudicare
222 2669 406 2743 periculosum
429 2682 490 2723 esee
522 2665 673 2721 denuntiat.
702 2666 764 2720 Duo
803 2663 876 2720 enim
931 2682 986 2723 non
1001 2667 1065 2736 eris,
1081 2667 1128 2739 qui
1142 2682 1282 2738 nunquam
1296 2682 1313 2724 a
1326 2666 1409 2724 laude
1422 2667 1733 2738 eiuscessabia,timere

69 2762 158 2819 debet
169 2775 268 2817 maere
282 2757 371 2816 omnis
386 2757 430 2827 qui
446 2756 473 2810 iu
503 2753 657 2824 hujusmodi
668 2752 784 2824 judicat,
814 2767 875 2808 eum
930 2755 1034 2826 puteris
1062 2771 1108 2820 ue,
1137 2755 1201 2811 dum
1229 2755 1275 2812 hie
1302 2756 1382 2825 vivis,
1397 2755 1648 2828 ipsiueeris2eum
1667 2772 1733 2816 reru

71 2850 213 2909 veterum
225 2848 301 2913 latet,
316 2845 360 2902 vel
388 2843 505 2900 uescitur
523 2841 616 2914 quetis
644 2841 752 2897 iuturus
765 2840 800 2896 sit
827 2841 875 2912 qui
930 2843 1014 2901 fueris
1025 2851 1157 2912 mortuus,
1172 2843 1257 2916 ipsine
1271 2860 1326 2901 non
1341 2844 1408 2902 eris.
1424 2844 1477 2900 Sed
1492 2845 1640 2916 Apostolus
1665 2846 1734 2904 dicit

69 2938 221 3012 judicatur,
232 2945 260 2994 et
273 2935 303 2991 iu
317 2932 444 3006 presenti
467 2932 583 2988 loreiteu
606 2931 681 3000 juste
695 2928 803 2986 videtur
827 2928 876 2999 ju·
931 2934 993 3005 quia
1009 2932 1091 2990 -sive
1105 2932 1232 2999 visimus,
1247 2932 1305 2990 sive
1317 2932 1462 3003 morimur,
1476 2932 1585 2991 Domini
1600 2951 1730 3007 eumue„

73 3028 221 3087 dicandus.
248 3024 308 3081 iioc
325 3029 417 3079 eutem
445 3035 498 3076 non
523 3018 665 3075 attendunt
683 3018 732 3091 qui
759 3018 875 3074 lrutrem
891 3064 916 3130 C
930 3021 994 3094 quie
1022 3021 1108 3092 pretio
1134 3022 1276 3095 sanguinis
1298 3021 1341 3078 eui
1355 3037 1406 3079 nos
1418 3021 1545 3079 redemit.
1561 3022 1595 3079 ln
1607 3032 1733 3082 mortuus

73 3133 156 3176 sunm
170 3130 226 3173 non
239 3112 382 3186 corrigam
395 3115 503 3171 emant.
520 3107 567 3164 sed
582 3123 707 3179 carpere.
725 3130 737 3157 ο
753 3105 822 3175 Suo,
837 3105 878 3162 in·
931 3109 1070 3183 quomodo
1083 3110 1174 3181 perdit
1200 3127 1308 3168 servum
1321 3119 1472 3180 mortuum,
1489 3111 1566 3181 cuiue
1593 3127 1668 3169 mora
1690 3122 1733 3171 eat

72 3208 144 3282 quit,
158 3205 272 3263 domino
286 3208 349 3268 stet,
364 3207 413 3257 aut
437 3198 521 3256 cadit.
551 3196 740 3253 Stabitautem
757 3213 763 3258 ;
779 3203 878 3269 potens
930 3200 1049 3272 pretium
1063 3204 1139 3256 tuum
1152 3201 1167 3253 ‘t
1182 3200 1248 3256 ideo
1262 3199 1733 3269 cumdixieaet,eireviuimun,sirc

72 3295 149 3354 euim
164 3295 237 3351 Dens
246 3296 289 3350 est
301 3296 420 3347 statuere
433 3286 520 3343 illum.
534 3286 598 3342 »Νη
605 3284 661 3340 sibi
671 3293 811 3358 arrogaret
818 3300 878 3354 per·
932 3288 1071 3357 morimur,
1088 3287 1200 3345 Domini
1214 3304 1319 3359 sumus,
1335 3295 1368 3344 ut
1386 3288 1544 3346 ostenderet
1563 3289 1653 3361 ipsum
1668 3307 1733 3364 pra·

71 3383 259 3443 sermantiam
286 3379 333 3453 qui
358 3383 421 3444 stat,
445 3376 508 3431 ideo
536 3373 656 3430 additum
680 3381 732 3441 eet,
750 3394 763 3425 ι
779 3381 877 3446 potens
931 3377 998 3434 bum
1014 3394 1021 3442 ;
1036 3376 1093 3433 «ed
1109 3380 1162 3433 hoe
1176 3376 1259 3445 enim,
1273 3375 1370 3448 inquit.
1405 3376 1534 3433 Christus
1554 3385 1679 3437 mortuus
1692 3388 1735 3437 eet

73 3481 119 3532 eet
129 3474 334 3531 Demetetuere
348 3466 435 3522 illum.
450 3488 461 3513 n
479 3462 531 3532 Qui
547 3478 613 3536 erqo
627 3462 674 3519 dat
696 3477 878 3533 perseveran-
931 3475 958 3522 οι
985 3465 1143 3533 resurrexit,
1174 3473 1203 3521 ut
1217 3473 1245 3520 et
1257 3465 1382 3521 vivorum
1396 3472 1423 3519 et
1441 3472 1612 3522 mortuorum
1638 3467 1733 3527 domi-

72 3564 154 3631 dum,
167 3563 448 3634 poteueeetstatuere
459 3551 565 3626 eosqui
589 3559 671 3615 stent,
687 3558 716 3606 ut
741 3566 876 3623 pemere-
931 3563 1023 3611 netur.
1041 3577 1052 3604 s
1069 3555 1130 3611 Nou
1145 3561 1381 3626 erpoleneraeum
1388 3552 1488 3625 poterit
1499 3569 1615 3627 regum
1626 3556 1730 3629 mortis,

73 3652 232 3711 rantisaime
246 3655 327 3717 stent,
344 3644 388 3704 vel
403 3644 483 3701 etiem
497 3641 640 3698 restituere
663 3655 710 3696 eos
733 3638 780 3712 qui
804 3637 878 3696 ceci·
930 3659 980 3716 pro
994 3659 1048 3716 quo
1063 3650 1184 3699 mortuus
1199 3650 1239 3698 est
1253 3641 1280 3697 in
1294 3640 1406 3697 mortuis
1420 3640 1500 3698 liber.

71 3743 185 3801 derunt.
966 3733 1051 3788 Vens.
1066 3734 1183 3786 to.-·
1212 3731 1252 3786 Tu
1276 3739 1366 3786 autem
1393 3728 1459 3802 quid
1484 3729 1594 3799 judiees
1617 3732 1730 3793 tratrem

107 3831 196 3887 Vns.
212 3831 239 3883 b.
255 3848 313 3874 -ι
329 3824 399 3880 Nam
413 3818 599 3890 eliusjudioat
614 3817 685 3873 diem
701 3815 850 3873 interdiem
868 3834 876 3884 ;
931 3829 1016 3888 tuum,
1046 3824 1095 3875 aut
1117 3834 1200 3889 quare
1227 3817 1333 3890 spernis
1356 3817 1470 3874 tratrem
1494 3820 1601 3875 tuum?
1618 3824 1686 3880 »Ae
1707 3823 1731 3880 ni

71 3916 379 3988 aliusjudicatumuem
408 3909 490 3966 diem.
509 3933 520 3957 ι
537 3908 588 3976 Τη,
618 3906 717 3978 inquit,
746 3904 807 3977 quis
834 3919 875 3973 es,
931 3909 1004 3965 dicet
1020 3928 1026 3964 :
1043 3907 1098 3978 Qui
1111 3907 1280 3976 judicantem
1292 3921 1344 3963 noe
1353 3905 1501 3962 Dominum
1514 3907 1658 3978 babemus,
1683 3927 1733 3970 cur

71 4009 120 4082 qui
131 4007 239 4079 judiees
252 4004 371 4060 alienum
385 4014 495 4057 serrum
509 3998 524 4051 t
537 3997 625 4053 Homo
637 4010 673 4051 en
690 3994 785 4050 Deus?
800 3993 876 4049 Alius
931 3997 1046 4054 invicem
1059 3994 1280 4066 iudicamusiliu
1295 3993 1367 4051 enim
1376 3993 1459 4063 iacta,
1475 4011 1537 4068 quse
1550 3996 1664 4057 dubium
1678 4008 1729 4071 est,

70 4097 147 4155 enim
159 4103 212 4163 est,
227 4093 255 4151 id
269 4099 309 4150 eet
322 4094 416 4158 homo,
427 4086 474 4161 qui
483 4083 790 4157 judicetdiempoeitum
804 4081 877 4138 iuter
929 4101 983 4160 quo
998 4085 1093 4141 animo
1107 4083 1173 4140 baut
1186 4083 1214 4139 in
1228 4083 1369 4139 meliorem
1380 4091 1487 4155 partem
1498 4082 1673 4158 interpretari
1683 4087 1731 4148 de·

71 4187 146 4243 diem
160 4181 328 4256 praeteritum
343 4184 371 4235 et
388 4177 462 4233 diem
486 4173 689 4239 iutumm;boc
704 4178 748 4227 est
761 4170 796 4226 de
810 4186 877 4242 prm·
929 4175 1025 4230 bemus
1040 4175 1125 4246 (133).
1139 4171 1219 4241 Quod
1232 4173 1305 4228 enim
1320 4172 1450 4244 scriptum
1462 4174 1732 4241 est,·1txtructibua
1777 4243 1781 4250 Ι

71 4276 145 4333 senti
158 4282 261 4329 tantum
279 4269 404 4341 judicare
432 4264 515 4321 habet
533 4263 701 4320 facultatem.
718 4260 794 4316 nlius
822 4265 873 4327 est,
929 4277 1023 4319 comm
1036 4262 1212 4335 cognoscetis
1226 4276 1276 4316 eos
1292 4260 1402 4329 (detti.
1415 4260 1476 4332 vu),
1491 4283 1503 4310 u
1520 4260 1556 4318 de
1576 4264 1732 4321 manifestis

70 4365 149 4422 Deus
161 4360 274 4429 sedicet,
290 4357 337 4431 qui
348 4356 454 4427 judicet
468 4368 577 4410 omnem
601 4352 684 4417 diem,
707 4351 753 4423 qui
776 4349 827 4405 soit
839 4349 874 4407 de
928 4352 1032 4408 dictum
1047 4359 1098 4418 eet,
1116 4365 1177 4421 quea
1190 4364 1246 4405 non
1261 4355 1381 4421 possunt
1391 4347 1464 4405 bono
1478 4349 1570 4406 enimc
1581 4348 1649 4417 lieri,
1662 4351 1732 4410 siem

69 4469 105 4514 ω
129 4450 177 4525 qni
199 4453 304 4523 peccat,
327 4452 391 4502 aute
417 4441 525 4516 peccati
546 4455 647 4497 casum
678 4437 766 4511 qualis
792 4436 874 4494 luerit
888 4431 913 4493 [l
928 4449 991 4496 eunt
1004 4448 1106 4512 stupra,
1122 4437 1312 4510 blasphemie,
1341 4437 1422 4507 furta,
1452 4436 1609 4509 ebrietates,
1634 4447 1660 4496 et
1685 4440 1732 4498 bis

69 4540 154 4600 studii
176 4547 204 4596 et
224 4535 384 4604 voluutetie,
413 4533 442 4587 in
464 4534 578 4603 peccem
606 4529 685 4598 cujus
703 4525 871 4594 intentionis,
926 4529 1037 4598 similis,
1050 4528 1085 4585 de
1100 4527 1330 4601 quibusjudicare
1344 4525 1424 4583 nobie
1437 4525 1609 4597 permittitur,
1620 4529 1730 4589 dicente

71 4638 135 4705 poet
164 4624 393 4702 peccetumcujue
415 4622 521 4678 iuturus
536 4619 571 4674 eit
598 4615 794 4675 conversionis.
824 4615 873 4673 Cui
926 4618 1059 4692 Apostolo
1075 4635 1082 4673 :
1101 4640 1112 4665 e
1130 4616 1202 4686 Quid
1217 4617 1292 4673 enim
1307 4614 1377 4671 mibi
1400 4613 1483 4672 deiis
1505 4614 1641 4688 quiteria
1667 4627 1732 4677 eunt

70 4728 163 4777 autom
177 4718 213 4773 de
229 4721 342 4788 peccato
370 4710 508 4785 peccumis
530 4709 591 4766 hmo
614 4715 655 4764 est
682 4705 804 4775 scientia,
819 4704 873 4776 ipei
923 4705 1159 4777 judicareiNam
1172 4703 1207 4762 de
1221 4703 1255 4760 iis
1271 4703 1318 4777 qui
1332 4702 1404 4759 intus
1423 4712 1487 4760 suut
1503 4721 1555 4762 nos
1571 4705 1729 4779 judicamus

70 4809 108 4865 de
134 4814 264 4881 peccante
287 4802 429 4874 iudicandi
457 4797 634 4868 relinquenda
661 4803 704 4853 est
725 4794 871 4850 sententia.
926 4794 1023 4869 (ider.
1040 4796 1081 4864 v).
1099 4794 1276 4866 »Degenere
1291 4799 1383 4849 autem
1396 4792 1532 4861 cibumm,
1544 4795 1730 4868 quiapoecunt

72 4896 220 4955 &mudum
238 4900 330 4949 tamen
354 4888 420 4965 quie
432 4888 468 4945 de
496 4888 545 4957 eis,
574 4901 635 4957 quae
661 4883 871 4956 uuiuscujusque
925 4885 999 4941 bono
1014 4883 1103 4940 animo
1118 4890 1146 4939 et
1171 4879 1289 4953 simplici
1314 4880 1396 4938 eorde
1419 4880 1479 4938 siue
1509 4882 1576 4940 uitio
1594 4885 1730 4959 concupi-

71 4985 184 5044 subdite
195 4982 298 5039 debent
307 4996 368 5037 esse
382 4976 509 5044 arbitrio,
525 4973 599 5031 etde
614 4972 653 5031 eia
666 4988 727 5044 quae
741 4973 870 5028 nesciun-
926 4973 1037 5029 scentiae
1051 4971 1205 5046 quicunque
1228 4969 1339 5026 humani
1359 4969 1413 5027 cibi
1437 4968 1627 5029 indifferenter
1646 4973 1727 5044 sumi,

71 5082 128 5142 tur,
153 5071 303 5130 timendum
327 5078 370 5126 est
396 5065 567 5140 precipitare
592 5062 745 5135 judicium:
762 5061 790 5115 in
818 5059 873 5115 illie
925 5061 1054 5135 prohibet
1067 5060 1138 5117 idem
1154 5058 1302 5131 Apostolus
1312 5057 1439 5130 judicare
1454 5075 1503 5118 eos
1526 5061 1573 5135 qui
1597 5062 1727 5121 carnibus

69 5178 140 5223 aero
152 5159 270 5227 mbbue,
299 5158 326 5212 iu
356 5156 453 5229 quibus
466 5150 698 5210 manifestaberis
718 5147 870 5217 offenditur,
925 5150 1115 5217 uescebentur,
1131 5155 1158 5205 et
1174 5148 1268 5205 vinum
1292 5147 1436 5213 bibebant.
1461 5149 1498 5205 ab
1512 5150 1613 5224 eisqui
1640 5166 1671 5208 ae
1689 5152 1726 5209 ab

68 5251 256 5327 periculosum
270 5254 314 5305 eet
323 5245 458 5319 judicium
471 5242 579 5300 differre
595 5256 603 5312 ;
632 5239 684 5294 nisi
711 5237 781 5294 forte
809 5236 872 5311 quis
924 5238 1080 5312 hujusmodi
1095 5235 1234 5294 alimentis
1247 5235 1446 5308 temperebent.
1470 5237 1511 5294 ile
1527 5238 1627 5297 telibua
1651 5239 1726 5297 enim

47 5402 50 5411 ,
69 5338 296 5407 ementaeiem,
307 5334 437 5395 fiduciern
455 5330 578 5390 amiserit
590 5327 723 5403 arguendi
738 5330 766 5383 et
793 5327 870 5382 dica·
924 5328 1004 5385 rebus
1031 5343 1092 5401 quae
1113 5332 1224 5398 possunt
1243 5324 1352 5383 etbono
1365 5325 1457 5385 auimo
1470 5332 1499 5384 et
1512 5326 1629 5403 simplici
1653 5328 1723 5400 deri,

104 5508 348 5611 (isilbedtiac.
365 5545 391 5584 vu
406 5528 494 5587 buce.

233 5652 370 5748 Parnon.
410 5676 569 5742 CLXXX.
