3728 6000
116 226 159 284 ,so
577 211 760 290 hamam
780 212 811 279 s'.
831 221 978 279 ustrina
997 218 1150 277 ronnas.
1170 210 1311 291 samiis
1728 213 1764 279 to

110 344 408 423 ,quieamdeoaripsit
421 346 700 413 etyadnotatiunculis,
711 361 776 418 ¹<quae
790 347 901 401 multum
916 344 986 401 lucis
1000 345 1066 400 milri
1077 346 1200 414 attulere,
1216 343 1374 416 adornavit3
1390 342 1424 400 iis
1438 359 1521 401 voees
1532 343 1637 419 aliquot
1651 353 1679 401 et
1692 346 1771 404 raris

123 422 187 478 loca
199 420 228 475 in
238 427 366 477 contextu
380 419 576 489 comprehensa
592 417 775 473 elucidantur.

158 495 262 548 Auctor
280 489 451 544 hermannus
474 489 561 545 semel
585 488 674 559 prodit
689 487 863 552 monachum,
880 494 941 558 post
961 486 1088 543 abbatem
1112 485 1201 543 Sancti
1215 486 1324 542 llartini
1348 486 1537 555 Tornaeensis,
1563 485 1716 569 scribitque
1741 487 1771 544 in

125 563 242 635 prologo
255 575 366 616 causam
380 575 430 615 cur
443 559 480 615 ad
495 562 546 616 hoc
560 575 629 626 opus
641 576 671 614 se
686 558 834 614 accinxerit
849 577 856 624 ;
874 566 901 613 et
919 557 1019 613 latetur
1032 559 1163 631 ingenue,
1175 573 1236 613 cum
1251 557 1339 613 diruta
1354 557 1462 613 abbatia
1476 557 1567 613 multis
1581 557 1692 614 saecuhs
1704 572 1775 628 per-

124 632 267 698 manserit,
279 646 328 686 seu
343 633 434 687 varios
447 647 526 686 casus
542 630 685 701 pertulerit
697 639 723 686 et
742 629 951 694 vicissitudines,
968 629 1127 700 saepiuscule
1141 629 1169 682 in
1187 628 1234 684 illa
1249 629 1406 685 narratione
1418 630 1560 685 exaranda
1572 645 1633 685 sese
1650 629 1773 686 tenebris

124 702 207 761 luisse
226 703 396 765 obvolutum,
422 703 522 772 quippe
536 703 581 773 qui
597 702 665 756 nihil
681 718 749 772 pene
761 701 934 773 antiquorum
950 708 1187 757 monumentorum
1211 701 1322 770 reperit,
1349 702 1572 772 quandoquidem
1588 701 1682 757 nobile
1698 700 1773 757 istud

97 834 103 839 ,
126 774 288 833 asceterium
310 771 431 829 aediliciis
444 773 586 829 destructis
600 772 681 844 plane
696 771 839 843 spoliatum
864 770 946 827 suerit
958 772 1126 827 ornamentis
1149 771 1284 853 pretiosis,
1309 771 1419 836 chartis,
1444 771 1583 837 reditibus,
1606 787 1639 828 ac
1659 771 1774 897 prolude

123 844 232 902 nonnisi
247 844 339 899 labore
353 859 459 899 summo
471 843 505 899 ad
521 844 641 899 notitiam
656 842 774 914 aliquam
789 842 933 911 pervenire
948 841 1216 898 valueritanlertoris
1231 858 1262 896 ao
1275 843 1375 897 veteris
1388 842 1452 910 aevi,
1484 849 1510 897 et
1526 842 1645 912 priorum
1682 849 1773 897 atrum

125 917 171 988 qui
186 916 338 972 caenobium
353 914 422 969 istud
437 915 591 971 incoluere:
608 926 690 985 atque
704 922 732 968 ut
748 912 872 969 historiae
885 913 963 967 iilum
980 919 1053 967 texat
1066 920 1093 967 et
1107 912 1295 981 chronologia
1309 913 1431 967 ordinem
1447 913 1590 980 observet,
1610 912 1694 969 rebus
1708 922 1772 969 mo·

100 1010 103 1015 ·
125 987 236 1043 ascicis
250 984 417 1057 pontificum,
433 1001 540 1057 regum,
550 985 703 1055 principum
718 993 744 1040 et
759 985 933 1056 dynastarum
949 983 1042 1054 adjicit
1054 991 1140 1038 actus.
1156 983 1312 1055 Sinqrdaria
1325 984 1377 1040 hac
1390 985 1418 1037 in
1432 984 1589 1039 narratione
1603 984 1772 1040 animadver-

60 1076 63 1085 ·
96 1065 164 1121 ..tot
175 1057 248 1117 baud
261 1056 344 1112 dubie
357 1056 479 1112 eruditus
493 1057 584 1123 lector,
601 1071 634 1111 ea
648 1055 816 1125 potissimum
832 1071 893 1126 quae
908 1066 1037 1125 tanquam
1052 1055 1186 1119 oculatus,
1202 1055 1360 1126 auritusque
1374 1056 1451 1111 testis
1466 1054 1581 1111 affirmat
1596 1056 1770 1113 Hermannus

100 1145 175 1199 ,suo
187 1137 313 1199 ternpore
326 1128 461 1185 evenisse.
476 1126 551 1185 Nihil
565 1127 608 1183 hic
622 1134 729 1193 attexe;
750 1141 887 1197 percurre,
904 1126 926 1181 si
942 1125 1026 1190 lubet,
1041 1125 1229 1183 adnotationes
1244 1126 1375 1197 adJectas.

160 1200 333 1263 hermannus
341 1197 382 1253 sui
396 1198 487 1268 operis
501 1197 642 1254 exordium
655 1198 737 1252 sumit
751 1212 768 1252 a
791 1198 921 1253 samsone
937 1197 1084 1253 Remorum
1103 1196 1318 1266 archiepiscopo,
1339 1204 1366 1251 et
1380 1193 1542 1265 ,innocentio
1556 1196 1581 1251 lt
1601 1195 1770 1254 catholicam

17 1330 29 1347 ‚¹
125 1268 274 1327 Ecclesiam
289 1278 413 1342 regente,
428 1267 493 1325 duru
508 1269 601 1325 Romae
614 1276 721 1342 ageret,
736 1267 965 1341 quemadmodum
981 1260 1042 1338 ipse
1057 1273 1171 1323 testatur
1185 1266 1211 1321 in
1226 1266 1386 1338 praelatione
1402 1285 1410 1322 t
1432 1267 1471 1323 Ns
1485 1271 1609 1340 perettus,
1625 1267 1694 1340 infit,
1710 1273 1771 1326 tam

21 1352 29 1367 ·
129 1343 206 1413 lonpi
221 1343 358 1414 tempores
368 1340 451 1397 toedto
465 1341 612 1407 depeream
623 1342 653 1397 tn
670 1340 859 1396 lateranensi
874 1340 992 1411 palatio,
1009 1339 1232 1395 restaurationis
1245 1338 1375 1395 lc'rclcsloe
1389 1342 1494 1394 ssoetroe
1504 1339 1633 1395 ordinem
1646 1340 1771 1397 scrihere

123 1413 279 1485 uppredior,
293 1416 349 1468 etc.
364 1413 395 1466 ln
411 1411 549 1467 hisautem
565 1411 675 1466 verbis:
692 1412 727 1466 st
742 1426 780 1466 cx
793 1410 933 1469 consortio
947 1425 1043 1467 soram
1060 1411 1162 1466 metiar
1176 1415 1260 1475 mest,
1275 1426 1359 1481 quom
1374 1410 1400 1464 si
1413 1409 1530 1466 seorsim
1545 1415 1641 1466 saecat
1651 1412 1769 1483 sepulti,

123 1482 236 1551 desiisse
250 1498 323 1538 reor.
346 1481 414 1552 Quae
428 1498 510 1550 porro
523 1492 672 1554 sequuntur
686 1496 702 1536 a
719 1497 829 1537 numero
847 1484 896 1535 103
906 1480 941 1536 ad
951 1479 1045 1538 linem.
1063 1481 1178 1536 alterius
1192 1480 1307 1536 arbitror
1320 1496 1377 1535 esse
1387 1480 1557 1545 relationem,
1580 1481 1681 1554 quippe
1696 1482 1767 1537 Her-

121 1569 250 1611 maunum
266 1569 374 1609 summa
388 1552 469 1608 animi
488 1553 656 1609 demissione
676 1552 790 1622 aliisque
804 1552 948 1607 virtutibus
962 1551 1136 1622 preclarum,
1165 1550 1192 1606 in
1207 1557 1247 1608 tot
1264 1550 1306 1607 sui
1319 1548 1417 1607 laudas
1431 1551 1587 1624 prorupisse
1601 1552 1714 1610 minime
1726 1553 1769 1609 ias

101 1628 104 1633 '
122 1630 166 1682 eat
179 1625 299 1682 credere.
315 1625 493 1681 continuator
508 1624 552 1680 ille
566 1639 644 1680 suam
658 1623 817 1680 relationem
829 1621 945 1681 absolvit
958 1638 1029 1680 anno
1045 1623 1125 1678 libb.

476 1936 806 2043 Nhhhlllo
860 1936 1412 2047 alslhbltrtltoltls

779 2256 781 2259 ,
820 2176 1074 2253 sabarim

116 2449 497 2606 '·SANCTI
587 2450 990 2604 hthllltll
1055 2450 1731 2617 lohNAtlllltlsls

589 2775 890 2884 AUCTORE
928 2778 1297 2885 annulatio.

823 3031 1047 3043 m

721 3198 725 3209 ·
758 3160 1122 3268 PROLOGUS.

153 3403 343 3463 Dilectissimis
372 3403 498 3473 dominis,
539 3403 673 3474 Patribus,
706 3403 845 3475 fratribus,
875 3414 902 3462 et
931 3404 994 3463 liliis
1021 3407 1156 3466 universis
1202 3411 1278 3468 Beati
1304 3411 1413 3469 Martini
1447 3408 1625 3469 lomacensis
1649 3409 1768 3470 coenobii

117 3494 270 3561 monachis,
297 3492 383 3550 irater
404 3493 578 3551 nauaturos
598 3493 708 3550 ultimus
732 3510 825 3551 eorum
850 3493 985 3564 servulus,
1012 3512 1095 3569 super
1116 3497 1229 3556 llumina
1255 3498 1401 3574 Rabylonis
1425 3500 1551 3576 supernas
1564 3499 1643 3556 'Sion
1660 3499 1767 3573 jugiter

115 3583 263 3640 reeordari.

154 3673 206 3727 Pro
228 3669 382 3735 dilectione,
417 3685 498 3741 quam
522 3669 589 3739 mihi
609 3669 773 3745 abinlqntia
788 3689 851 3731 mea
869 3674 1037 3753 exhibuistis,
1067 3692 1117 3751 pro
1139 3674 1247 3755 siccare
1260 3679 1427 3757 obedientia,
1457 3694 1538 3752 quam
1563 3679 1631 3736 milri
1646 3678 1767 3752 quandiu

118 3760 205 3817 abbas
220 3767 308 3815 vester
330 3774 390 3813 esse
416 3757 487 3813 volui
503 3757 554 3828 (h),
581 3758 639 3813 sine
659 3757 750 3829 aliquo
771 3763 897 3834 scrupulo
926 3780 1036 3836 semper
1057 3774 1084 3821 et
1111 3769 1238 3839 praesenti
1269 3779 1294 3826 et
1316 3771 1422 3827 absenti
1446 3769 1626 3842 impendistis,
1656 3769 1713 3825 Deo
1741 3776 1769 3825 et

116 3849 242 3908 omnibus
257 3846 448 3919 robisgmtias
460 3845 563 3913 saleru
578 3855 661 3918 utque
680 3847 759 3904 vobis
769 3849 831 3920 ipse
846 3852 979 3909 Dominus
994 3870 1102 3924 prome
1116 3857 1259 3925 retribuat,
1276 3858 1337 3929 ejus
1348 3859 1569 3927 misericordiam
1584 3880 1680 3921 exoro.
1697 3864 1769 3931 Quis

115 3952 181 3996 vcro
194 3934 315 3991 nonnulli
330 3944 449 3990 vestrum
459 3949 475 3988 a
486 3950 529 3988 me
542 3934 678 4006 petierunt
692 3936 830 3995 multoties
844 3947 871 3995 ut
885 3941 996 3997 modum
1008 3945 1227 4011 constructionis,
1239 3949 1298 4003 sive
1312 3953 1516 4010 restaurationis
1529 3954 1652 4010 ecelesia
1666 3961 1769 4009 nostrae

114 4026 211 4083 litteris
226 4025 380 4081 mandando
396 4023 559 4080 tamfuluris
573 4040 656 4096 quam
672 4028 850 4097 presentibus
864 4028 1046 4113 notificarem,
1061 4048 1125 4090 ecee
1140 4036 1264 4106 petitioni
1281 4054 1375 4094 eorum
1391 4041 1508 4098 libenter
1521 4043 1677 4099 satisfacere
1691 4041 1765 4110 volo,

115 4116 205 4171 sciens
218 4113 339 4184 priorum
354 4113 479 4167 notitiam
499 4113 660 4184 plerumque
688 4117 806 4187 posteris
828 4120 974 4189 proluisse,
990 4136 1137 4191 corumque
1160 4124 1340 4195 ignorantiam
1366 4145 1556 4201 sepenumero
1578 4147 1633 4187 nou
1654 4146 1768 4202 parvum

113 4202 305 4260 detrimentum
320 4200 558 4275 intulisse..Npstis
573 4210 663 4258 autem
679 4221 713 4259 es
723 4221 778 4279 quo
791 4206 1010 4271 adolescentulus
1024 4209 1063 4277 lui
1079 4226 1122 4266 me
1136 4210 1208 4271 idem
1223 4212 1315 4270 lacere
1331 4220 1451 4275 voluisse
1463 4227 1491 4276 et
1506 4220 1587 4276 euram
1603 4220 1703 4276 tabulis
1717 4220 1769 4275 ali·

114 4308 170 4366 qua
188 4289 370 4362 impressisse,
387 4288 436 4345 sed
450 4288 515 4345 dum
528 4291 729 4348 considerarem
739 4294 841 4364 primos
855 4295 978 4353 ecclesie
993 4304 1094 4354 nostra
1107 4298 1263 4372 inceptores
1277 4303 1366 4361 adhuc
1381 4292 1483 4375 virere,
1494 4308 1655 4367 adulationis
1670 4316 1764 4364 notam

113 4382 247 4448 timuisse,
271 4380 295 4435 si
311 4394 405 4435 corum
417 4387 494 4435 actus
509 4379 664 4437 viventibus
679 4381 748 4454 ipsis
763 4383 869 4443 viderer
882 4385 1014 4457 scribere,
1033 4386 1127 4460 sicque
1144 4404 1177 4445 ea
1191 4407 1253 4462 quae
1264 4391 1423 4465 inceperam
1438 4396 1582 4455 delevisse.
1611 4398 1689 4453 Nunc
1703 4411 1768 4453 uero

114 4471 246 4547 quiajam
259 4467 368 4525 dnobus
382 4469 476 4540 primis
490 4468 636 4537 delunclis,
661 4487 714 4543 ego
728 4472 921 4530 tertiusabbas
935 4474 1067 4543 successi,
1095 4493 1128 4534 ac
1143 4479 1177 4535 de
1191 4479 1328 4550 prioribus
1340 4484 1487 4542 monachis
1511 4491 1557 4542 sut
1573 4486 1687 4556 nullum,
1716 4494 1764 4541 aut

114 4575 217 4634 paucos
238 4557 399 4630 superstites
417 4557 507 4623 video,
536 4557 617 4613 simul
640 4558 723 4615 etiam
741 4560 800 4629 jam
824 4562 1075 4636 quinquagesimum
1090 4581 1189 4622 annum
1211 4572 1417 4629 restaurationis
1431 4582 1531 4630 nostrae
1551 4574 1681 4630 transisse
1705 4590 1762 4630 non

113 4651 221 4722 ignoro,
236 4662 302 4705 ecce
315 4644 439 4707 securior
453 4645 577 4717 petitioni
592 4654 690 4708 vestre
702 4663 818 4720 possum
831 4650 1018 4723 acquiescere.
1030 4652 1059 4709 Si
1074 4655 1145 4711 enim
1161 4657 1273 4715 ulterius
1288 4659 1425 4729 differam,
1446 4669 1570 4735 tempore
1585 4670 1767 4734 pretereunte

116 4737 201 4793 multa
216 4742 331 4806 possunt
347 4733 476 4805 paulatim
502 4733 635 4790 oblivioni
659 4735 739 4805 tradi,
756 4753 817 4811 quae
832 4753 947 4795 necesse
970 4738 1063 4796 luisset
1080 4742 1210 4799 describi.
1235 4746 1302 4816 Quia
1321 4764 1399 4821 ergo,
1420 4749 1488 4806 sicut
1510 4752 1605 4818 nostis,
1626 4753 1768 4824 preterito

83 4862 97 4871 --
114 4838 200 4896 nuper
209 4822 306 4878 Natali
316 4821 521 4887 Dominarum
530 4822 757 4881 Dominunostro
768 4825 905 4883 samsone
916 4827 1067 4886 Remorum
1080 4832 1289 4907 archiepiscopo
1299 4837 1522 4901 ltamarcolens.
1543 4839 1652 4895 litteras.
1660 4839 1767 4897 domini

112 4928 191 4986 papae
207 4911 357 4967 iunocentii
370 4912 523 4967 Tomacum
538 4909 635 4982 detuli,
652 4911 839 4985 precipientes
852 4915 1072 4973 Tornaoensibus
1086 4923 1115 4974 ut
1130 4921 1269 4992 proprium
1286 4923 1339 4979 sibi
1353 4925 1512 4997 episcopum
1527 4927 1671 5000 eligerent,
1688 4934 1714 4983 et
1729 4928 1766 4983 ab

113 4999 269 5060 obedientia
287 4999 479 5065 Noviomensis
496 4998 620 5073 episcopi
638 5000 749 5058 omnino
763 5003 883 5059 absoluti
902 5011 1009 5075 ,essent
1040 5007 1135 5080 sicque
1150 5010 1238 5069 eleeto
1252 5012 1286 5068 sd
1302 5012 1488 5086 episcopatum
1509 5012 1611 5071 domno
1626 5014 1766 5072 llbsslone

114 5092 143 5149 s.
154 5087 271 5145 struendi
289 5086 395 5152 abbate.
413 5088 503 5143 statim
516 5102 565 5158 pro
581 5103 614 5145 eo
628 5088 741 5145 Romam
757 5101 868 5165 rogatus
879 5108 940 5148 sum
955 5094 1061 5166 redire;
1094 5097 1215 5168 dumque
1230 5098 1333 5156 domini
1348 5118 1427 5173 papa
1442 5088 1605 5176 responsum
1620 5112 1763 5175 exspecto,

111 5179 168 5250 jarn
184 5177 220 5231 ab
233 5173 337 5231 octavis
351 5174 460 5240 Paschae
476 5191 569 5251 usque
584 5175 625 5242 ad
635 5184 754 5248 oqtavss,
763 5179 937 5244 Perstecostes
951 5184 1106 5249 melicurte
1117 5186 1286 5249 demoratum
1300 5205 1361 5249 esse
1372 5193 1523 5264 conspicio.
1540 5209 1573 5249 ne
1588 5193 1695 5265 penitus
1708 5200 1765 5248 tam

110 5265 187 5339 longi
201 5262 332 5336 temporis
346 5262 425 5320 tello
441 5261 576 5329 deficiam,
608 5265 652 5322 rel
675 5267 729 5324 olio
744 5267 892 5340 depeream
910 5271 941 5328 in
956 5273 1130 5334 lateranensi
1143 5277 1255 5349 palatio,
1283 5280 1489 5338 restaurationis
1506 5281 1638 5339 lteclestae
1662 5290 1765 5338 costra

95 5476 118 5499 ¹''
147 5443 187 5517 (ᾖ)
204 5440 267 5511 3⁵³⁶
289 5438 375 5524 ”⁰²⁸4
404 5439 449 5511 ’Ἢ
462 5437 939 5525 'oebbklffiul‘liihuflihthltllhlt
949 5466 1006 5523 ap.
1018 5454 1106 5527 fflss..
1124 5451 1228 5527 ‚ltlflte
1244 5455 1287 5521 tel
1300 5458 1472 5539 ipitiaseq,
1485 5474 1559 5520 cum
1572 5456 1726 5536 praefuisset
1742 5472 1762 5518 x

78 5512 311 5585 ,iterationes
326 5510 441 5585 stuba
464 5576 480 5587 ..
525 5521 577 5572 tur.
1293 5556 1297 5567 ,
1554 5556 1557 5563 ,
