3728 6000
77 260 128 315 tot

532 255 723 314 EXPOSITIO
741 256 778 313 nt
796 255 909 314 crist.
931 256 977 314 to
996 256 1080 315 nott.
1100 287 1135 300 -
1154 257 1223 315 nte.
1246 258 1269 315 l.

76 381 156 438 ιιιιι.
178 380 232 452 Qui
254 381 312 438 heac
333 380 432 437 saltem
458 379 579 437 niventia
598 380 695 437 melios
711 382 869 448 adorarent,
886 382 915 446 Α
931 381 1030 438 ιιιιιιι
1044 399 1073 438 se
1088 398 1104 439 a
1118 386 1186 439 statu
1201 382 1351 440 immobilis
1366 388 1393 439 et
1411 382 1587 440 immutabilis
1614 384 1726 441 eterni·

76 470 130 526 nisi
148 469 272 527 dicentes
292 485 323 526 ss
346 485 408 526 esse
429 470 579 541 sapientes,
596 470 708 525 nimium
723 470 796 525 stulti
812 470 876 526 facti

76 558 204 615 fuissent.
222 556 297 628 «Qui
310 559 451 615 veritatem
467 559 516 615 Dei
531 559 559 613 in
579 559 711 629 injustitie
723 559 874 616 detinent.»

75 646 185 703 Veritas
201 647 250 703 Dei
264 648 336 719 apud
348 647 481 716 homines,
494 664 560 704 vera
574 656 600 703 ct
614 649 745 703 naturalis
769 647 874 704 Divini-

75 735 137 792 tatis
149 736 270 809 cognitio
280 743 331 801 est,
347 737 450 792 scilicet
463 752 527 793 vere
543 738 629 793 Deum
645 753 715 803 esse,
732 745 758 793 ιι
778 751 875 792 curare

73 841 118 880 res
132 826 276 892 humanas,
292 840 390 899 regere
404 826 588 896 acdisponere
604 842 770 899 quecunque
793 841 876 881 cres·

74 912 123 979 vit,
138 912 229 986 ipsum
249 913 295 985 qui
310 913 424 980 creavit,
440 915 512 984 quod
541 913 612 970 nulli
630 914 734 970 bomini
762 914 875 970 dubium

74 1015 138 1058 esse
153 1009 252 1074 potest,
269 1018 354 1072 penes
367 1018 450 1077 quem
465 1003 537 1058 ratio
549 1003 666 1059 humana
676 1011 727 1069 est,
740 1003 874 1058 maxime·

74 1107 130 1163 que
142 1091 196 1147 illis
207 1091 376 1158 bominibus,
387 1108 503 1163 quorum
519 1091 653 1162 professio
668 1099 726 1147 erat
749 1093 875 1163 pbiloso-

72 1180 149 1252 phis,
165 1197 226 1250 quae
240 1195 329 1236 rerum
342 1181 521 1236 humanarum
544 1196 578 1237 ac
596 1180 748 1236 divinarum
763 1181 875 1237 scientie

72 1275 125 1324 est
143 1268 291 1324 Veritatem
316 1277 406 1325 autern
429 1271 500 1325 hanc
531 1269 653 1325 detinent
683 1270 709 1325 in
742 1269 875 1340 injustitia

72 1357 304 1430 quicunquecam
318 1358 439 1413 detinent
469 1358 497 1412 in
525 1358 691 1414 idololatria.
716 1357 875 1421 Idololatria

72 1446 176 1517 qnippe
191 1446 386 1516 injustitisest,
402 1463 463 1519 quae
474 1447 587 1519 justitie
614 1447 676 1503 fidei
692 1447 802 1503 omnino
828 1445 875 1502 di·

72 1534 224 1590 scontraria
239 1544 289 1591 est.
306 1536 437 1591 Homines
453 1551 519 1609 ergo
534 1536 608 1592 idola
627 1538 748 1593 colentes
770 1536 875 1591 verita-

930 471 1002 538 tatis,
1017 480 1145 543 quantum
1166 472 1201 527 sd
1224 472 1409 529 conditionem
1437 480 1585 543 creaturas,
1614 474 1724 530 trahere

928 559 1049 615 naturale
1063 576 1151 633 genus
1166 561 1290 634 originis.
1307 561 1358 618 Ubi
1373 576 1434 632 quae
1448 561 1601 618 conditione
1621 568 1725 617 tanturn

928 655 1032 704 nature
1048 656 1175 720 aguntur,
1191 648 1259 704 sicut
1270 648 1397 722 quaelibet
1407 648 1645 706 insensibiliasive
1657 648 1725 705 irra-

928 735 1079 805 tionabilia,
1095 736 1123 791 in
1137 737 1235 793 ordine
1258 754 1307 793 suo
1322 738 1504 810 disponuntur
1530 738 1661 809 potentia,
1677 753 1725 793 sa-

927 824 1030 896 pientia
1039 831 1066 880 ct
1073 825 1192 882 bonitate
1203 825 1368 896 Conditoris,
1380 826 1521 883 rationalis
1530 835 1620 883 autem
1643 827 1726 883 bomo

927 911 1071 969 dimittitur
1084 914 1194 970 arbitrio
1209 915 1325 987 propriae
1335 915 1481 971 uoluntatis
1497 922 1523 971 et
1540 915 1645 986 judicio
1672 929 1724 972 ac-

928 1011 1013 1075 ceptae
1033 1003 1156 1073 rationis,
1178 1011 1207 1059 ut
1230 1003 1252 1058 si
1274 1003 1458 1074 praeveniente
1481 1004 1571 1076 gratia
1598 1002 1725 1073 voluerit,

928 1106 982 1162 quo
993 1090 1105 1147 rationis
1121 1092 1220 1148 virtute
1234 1091 1401 1163 perducitur,
1417 1091 1456 1148 ibi
1470 1091 1602 1148 inhaercat
1625 1090 1727 1148 amoris

927 1178 1034 1246 affectu,
1051 1188 1077 1236 et
1090 1181 1214 1252 profectu
1225 1180 1333 1251 pictatis
1348 1181 1544 1248 conformetur,
1556 1189 1583 1237 et
1603 1179 1728 1252 pulchri-

928 1268 1021 1324 tudine
1046 1269 1167 1338 justitiae,
1196 1277 1222 1324 et
1250 1270 1423 1326 beatitudinis
1444 1269 1626 1342 perennitate,
1641 1269 1728 1340 ipsius

928 1357 1096 1428 plenitudine
1104 1357 1215 1427 justitiae
1229 1358 1261 1413 ad
1277 1357 1471 1430 plenitudinem
1487 1358 1613 1430 perennis
1636 1357 1727 1414 beati-

928 1445 1028 1501 tudinis
1052 1463 1118 1515 ιιι,
1143 1454 1235 1518 gratus
1256 1447 1377 1503 existens
1394 1447 1514 1521 gratuito
1540 1444 1726 1515 illuminatori,

928 1542 954 1590 ιι
969 1534 1087 1606 adjutori
1102 1551 1151 1592 suo
1164 1536 1233 1608 Deo,
1248 1543 1274 1591 et
1288 1534 1443 1608 glorificans
1453 1552 1515 1591 eum
1525 1536 1553 1591 in
1563 1534 1725 1608 semetipso.

72 1623 190 1679 temDei
204 1623 232 1679 in
247 1623 379 1695 injustitia
392 1624 521 1692 detinent,
555 1624 632 1698 qnasi
656 1625 832 1681 reluctantem
848 1632 875 1681 et
927 1623 962 1678 ιιι
978 1623 1031 1694 ipsi
1055 1631 1120 1678 sunt
1146 1623 1273 1696 quicum
1301 1623 1477 1697 cognoverint
1497 1625 1595 1693 Deum,
1622 1623 1727 1698 gratias

72 1711 204 1776 invitam
229 1713 290 1784 ipso
305 1712 428 1769 bumana
452 1722 548 1769 natura
567 1715 595 1769 in
617 1715 743 1770 hamane
761 1712 874 1769 rationis
887 1734 915 1795 Β
928 1720 1014 1783 egunt
1028 1711 1062 1780 ei,
1078 1719 1105 1767 et
1117 1710 1272 1784 glorificant
1287 1727 1361 1768 eum.
1377 1711 1459 1776 Quod
1475 1712 1539 1784 qnia
1567 1728 1621 1769 non
1649 1711 1730 1769 lece-
1808 1764 1815 1771 .

71 1800 239 1857 conscientia
260 1801 426 1858 reclamante
443 1818 475 1857 ac
491 1802 700 1871 contradicente,
726 1819 757 1858 ac
779 1802 874 1857 redar·
927 1807 991 1856 runt
1004 1801 1142 1871 sapientes
1155 1801 1237 1871 buius
1252 1799 1398 1868 saeculi,de
1408 1802 1556 1875 quibusait
1570 1800 1728 1871 Apostolus,

71 1889 494 1963 guentereligionisfalsitatem
506 1915 516 1938 ·
527 1890 711 1964 etenimquod
723 1899 818 1946 notum
834 1896 876 1945 est
932 1888 1001 1945 used
1016 1892 1187 1945 evanuerunt
1197 1889 1225 1944 in
1240 1889 1450 1962 cogitationibus
1460 1890 1525 1959 suis,
1536 1889 1660 1946 diceutes
1671 1905 1727 1946 se·

72 1977 134 2044 Dei,
146 1977 320 2034 manifestum
335 1987 375 2034 est
390 1979 417 2033 in
432 1979 496 2034 illis.
512 1981 586 2036 Deus
597 1980 732 2035 enimillis
743 1979 875 2035 manifes·
928 1994 945 2034 a
959 1994 989 2033 se
1004 2000 1014 2026 ·
1031 1978 1170 2049 sapientes
1184 1993 1256 2045 esse,
1274 1978 1416 2050 »agralia
1432 1979 1545 2047 deserti,
1561 1981 1588 2034 et
1614 1994 1631 2034 a
1659 1976 1729 2035 facis

72 2067 141 2122 tavit
151 2068 238 2139 (fers.
255 2068 313 2138 19).
335 2090 346 2114 ι
364 2066 442 2136 Quod
458 2073 552 2124 notum
561 2073 602 2124 est
618 2069 676 2137 Dei,
693 2068 806 2142 quodde
817 2069 875 2126 Deo
929 2065 1091 2140 cognitionis
1105 2066 1153 2124 Dei
1173 2066 1284 2138 projecti
1302 2075 1373 2133 sunt,
1396 2073 1423 2122 et
1446 2088 1457 2117 ι
1482 2066 1658 2123 obscuratum
1686 2073 1730 2122 est

73 2156 196 2211 bumana
209 2161 299 2226 potest
314 2157 383 2211 ratio
395 2156 528 2230 attingere
540 2174 591 2230 per
604 2165 740 2223 naturam,
758 2172 811 2212 non
838 2155 875 2213 ad
928 2155 1059 2227 insipiens
1071 2170 1119 2212 cor
1132 2171 1247 2212 eorurn:
1266 2177 1278 2203 ι
1299 2162 1336 2223 ιι,
1365 2154 1434 2210 sicut
1455 2155 1513 2225 jann
1536 2154 1641 2212 dictum
1669 2160 1723 2223 est,

73 2243 147 2316 qnod
170 2244 316 2316 pervenire
339 2245 467 2300 charitati
486 2246 565 2301 datur
584 2262 635 2315 per
655 2246 784 2316 gratiam,
801 2246 876 2301 Deus
929 2243 1103 2317 perdiderunt
1132 2243 1251 2314 idipsum
1278 2242 1350 2316 quod
1376 2244 1532 2300 curiositate
1556 2242 1724 2300 didicerunt.

72 2421 258 2492 tiaempacem
272 2422 402 2477 donando
417 2423 458 2480 eis
482 2439 516 2479 ex
538 2431 643 2494 natura,
667 2422 874 2495 intelligentiam
928 2423 1051 2480 dicerent
1065 2422 1094 2478 ιι
1106 2421 1188 2479 corde
1204 2436 1263 2488 suo,
1280 2421 1309 2476 in
1321 2421 1404 2478 corde
1427 2421 1503 2477 fatuo
1527 2428 1553 2478 et
1575 2420 1683 2491 penitus
1710 2435 1727 2476 a

73 2525 140 2566 vcro
154 2511 245 2582 ipsam
260 2527 293 2566 cx
307 2511 406 2583 gratia.
423 2510 531 2567 Etenim
547 2528 596 2584 per
606 2519 739 2568 creaturae
758 2510 875 2568 visibilis
927 2511 1018 2584 gratia
1031 2511 1170 2568 derelicto.
1189 2532 1200 2559 ι
1216 2510 1280 2566 Νοι
1294 2517 1334 2566 est
1343 2510 1416 2567 Deus
1426 2510 1514 2580 (Psoi.
1531 2509 1589 2582 rt);
1611 2532 1622 2558 ι
1640 2516 1677 2578 ιι,
1692 2506 1730 2564 si·

74 2598 197 2654 visibilis
210 2598 391 2655 manifestavit
403 2600 445 2655 eis
461 2600 605 2655 invisibilia
621 2615 687 2663 sua;
711 2616 761 2671 per
775 2599 875 2654 visibi·
928 2608 974 2655 cut
988 2600 1044 2669 jam
1060 2615 1140 2670 supra
1168 2598 1270 2655 dictum
1298 2606 1349 2665 est,
1377 2605 1516 2655 mutarent
1540 2597 1656 2671 gloriam
1680 2598 1726 2654 in·

71 2686 129 2743 fem
144 2696 298 2745 creaturam
313 2689 479 2745 invisibilem
495 2689 633 2745 Creatoris
647 2687 811 2762 putentium,
823 2702 876 2759 per
928 2687 1112 2760 corruptibilis
1126 2688 1176 2743 Dei
1189 2686 1216 2743 in
1231 2687 1433 2744 similitudinem
1446 2687 1576 2761 imaginis
1589 2686 1730 2759 corrupti-

72 2776 211 2834 visibiiern
239 2778 362 2834 ordinem
387 2794 478 2834 rurum
504 2778 669 2834 invisibilem
698 2775 872 2848 sapientiam,
928 2775 991 2832 bilis
1007 2776 1133 2842 hominis,
1149 2783 1177 2832 et
1190 2775 1342 2843 volucrum,
1359 2784 1385 2832 et
1395 2775 1603 2849 quadrupedum
1624 2784 1651 2832 et
1664 2792 1729 2831 ser·

72 2881 125 2936 per
139 2864 259 2922 visibilia
274 2866 408 2923 beneflcio
422 2866 518 2939 gratiae
540 2866 686 2922 bonitatem
708 2865 766 2920 sive
779 2865 873 2921 cbari-
928 2867 1060 2938 pentinm.
1081 2888 1091 2915 ι
1108 2867 1221 2936 Propter
1235 2865 1309 2937 quod
1326 2864 1437 2921 tradidit
1446 2864 1508 2922 illos
1523 2865 1595 2921 Deus
1611 2865 1639 2922 in
1653 2863 1730 2921 desi·

73 2960 160 3009 tatem
174 2954 351 3023 invisibilem,
368 2956 505 3026 sivequod
521 2955 665 3026 Apostolus
679 2954 755 3020 dicit,
771 2952 874 3026 sempi·
928 2956 1002 3011 deria
1010 2954 1100 3010 cordis
1114 2970 1219 3010 eorum.
1239 2953 1433 3026 »Augustinus
1453 2954 1481 3009 in
1494 2953 1564 3010 libro
1583 2955 1624 3010 De
1643 2953 1732 3028 gratia

74 3050 180 3099 ιιιιιιι
195 3045 321 3100 virtutem
343 3058 375 3100 ac
388 3043 569 3100 divinitatem
594 3043 766 3115 Sempitema
784 3054 873 3098 autem
928 3053 955 3104 et
968 3044 1056 3100 libero
1070 3042 1182 3099 arbitrio
1209 3043 1282 3116 (cop.
1302 3042 1359 3112 ιι).
1392 3045 1451 3097 ιιι
1475 3057 1529 3115 quo
1556 3042 1730 3099 menifestum

73 3131 125 3188 Dei
139 3131 225 3188 virtus
239 3139 266 3189 ιι
279 3133 422 3204 sapientis,
439 3133 498 3204 ipse
517 3141 568 3199 est,
592 3132 627 3188 de
649 3147 702 3202 quo
725 3131 784 3203 ipse
799 3134 874 3201 spo·
889 3091 914 3157 c
929 3141 971 3190 est
982 3132 1091 3205 operari
1105 3134 1191 3188 Deum
1206 3133 1234 3186 ιι
1248 3131 1376 3188 cordibus
1390 3131 1532 3187 bominum
1543 3131 1579 3186 ad
1593 3131 1726 3188 inclinan-

74 3218 164 3276 stolus
177 3220 245 3276 aiibi
254 3220 322 3277 dicit
334 3237 340 3277 :
354 3244 366 3270 ·
383 3219 875 3292 Nosnutemprediearnmcnristum
929 3222 977 3277 das
990 3237 1085 3278 eorum
1099 3220 1250 3278 voluntates
1269 3235 1432 3293 quocunque
1455 3220 1581 3286 voluerit,
1607 3220 1666 3276 sive
1692 3217 1730 3276 ad

73 3307 248 3376 crucifixum,
262 3309 363 3366 ludaeis
376 3308 486 3382 quidem
500 3309 670 3374 scandulum,
681 3307 809 3381 gentibus
825 3323 877 3363 au·
930 3311 1030 3366 bonurn
1045 3325 1096 3381 pro
1110 3325 1160 3366 sus
1169 3308 1365 3375 misericordis,
1382 3307 1440 3365 sive
1454 3308 1489 3364 ad
1510 3306 1583 3363 mala
1604 3322 1655 3380 pro
1668 3322 1731 3363 me·

75 3403 132 3452 tem
146 3395 876 3469 stuliticm:ipsisautemvucatisludoeisetqncGrm-
930 3400 988 3456 ritis
1003 3414 1116 3466 enmm;
1137 3396 1241 3468 judicio
1264 3413 1314 3453 suo
1337 3397 1432 3470 utique
1447 3396 1594 3468 aliquando
1619 3403 1731 3468 aperto,

74 3485 126 3555 cis,
143 3485 277 3542 Cbn'stnm
293 3486 344 3542 Dei
355 3487 481 3543 virtutem
498 3494 526 3541 et
540 3486 589 3541 Dei
603 3485 765 3557 sapientiam
780 3485 806 3557 (l
814 3486 875 3542 Cor.
929 3487 1080 3558 aliquando
1091 3486 1209 3555 occulto,
1228 3501 1337 3556 semper
1365 3493 1456 3541 autern
1478 3484 1564 3555 just),
1579 3500 1627 3541 eos
1644 3483 1729 3540 dese·

73 3574 108 3645 t).
139 3574 305 3630 »Divinitas
338 3590 405 3631 vero
433 3582 475 3630 est
494 3573 611 3645 Spiritus
635 3581 755 3640 ssnctus,
780 3573 876 3629 divini·
929 3577 1025 3633 rendo.
1042 3598 1054 3624 ι
1071 3574 1208 3646 Quaeritur
1222 3582 1322 3644 autent,
1343 3572 1369 3631 ei
1387 3572 1433 3646 qui
1456 3572 1583 3644 traditur,
1603 3572 1730 3645 quamvls

75 3670 120 3718 tas
144 3662 232 3718 Patris
255 3671 283 3720 et
301 3663 379 3730 filii3
404 3663 451 3735 qui
475 3662 549 3718 sicut
570 3662 733 3736 intelligitur
756 3659 877 3717 ebaritas
929 3681 982 3737 pro
993 3663 1178 3737 peccatissuis
1192 3661 1312 3718 tradatur
1325 3662 1354 3717 ιι
1368 3661 1612 3734 concupiscentias,
1638 3668 1731 3718 atrurn

74 3766 184 3818 comm.
211 3758 238 3808 el
262 3751 368 3808 bonius
395 3767 501 3816 eorum.
518 3752 557 3808 sic
581 3753 666 3807 etiam
687 3749 813 3806 divinitas
835 3756 878 3806 ssi
926 3755 998 3825 juste
1013 3753 1050 3808 sit
1063 3751 1249 3824 imputandum
1271 3766 1331 3807 esse
1353 3766 1416 3807 eum
1442 3750 1471 3806 ιι
1504 3748 1732 3822 concupiscentiis

73 3840 230 3898 communis
243 3842 402 3910 amborum,
414 3848 441 3897 et
455 3849 495 3897 est
509 3856 653 3897 commune
675 3855 787 3913 prorsus
815 3853 877 3894 arn·
929 3845 998 3899 sicot
1020 3843 1045 3898 ei
1067 3841 1112 3912 qui
1129 3856 1179 3914 pro
1201 3838 1360 3897 criminibus
1383 3839 1442 3895 suis
1456 3839 1562 3896 carceri
1584 3839 1757 3912 deputatur·

74 3929 184 3997 borum,
200 3929 333 4005 quidquid
347 3946 491 3987 commune
505 3935 545 3986 est
554 3945 658 3986 eorum.
670 3930 728 3985 Hoc
743 3933 783 3984 cst
803 3926 877 4000 quod
929 3941 992 4005 apte
1005 3932 1097 3987 nullus
1110 3929 1248 4003 imputare
1263 3928 1372 3998 debent,
1387 3928 1461 4001 quod
1482 3929 1544 3986 licet
1553 3929 1637 4000 juste,
1653 3928 1726 3985 invi-

75 4018 213 4091 scquibrr.
930 4030 971 4077 tus
985 4028 1076 4076 ιιιιιι
1091 4019 1125 4076 sit
1138 4021 1166 4075 in
1182 4017 1312 4075 tenebris.
1323 4017 1378 4074 Scd
1394 4017 1464 4074 sicot
1479 4018 1552 4074 idem
1566 4016 1632 4076 dicit
1652 4020 1731 4092 lpo-

112 4106 201 4164 vim.
219 4108 256 4164 ιθ
269 4108 390 4179 etth·
401 4130 410 4156 ι
423 4106 573 4163 Invisibilia
584 4106 876 4177 enimejnsacreatura
930 4110 1023 4175 stolus,
1040 4110 1121 4164 bomo
1144 4107 1266 4179 spiritus,
1282 4115 1309 4162 et
1326 4107 1429 4174 anima,
1448 4114 1475 4163 et
1489 4122 1588 4179 corpus
1610 4123 1671 4163 esse
1688 4106 1730 4164 di·

73 4203 171 4260 mnndi
183 4220 277 4275 peres
290 4221 350 4278 quae
366 4202 440 4261 facta
453 4212 519 4259 sunt
532 4204 669 4260 intellecta
696 4203 875 4275 conspiciun·
929 4200 1010 4255 citur.
1029 4198 1103 4254 inter
1122 4196 1245 4266 spiritum
1255 4210 1322 4252 vero
1337 4203 1364 4251 et
1379 4211 1490 4252 carnem
1514 4196 1655 4252 familiaris
1683 4195 1730 4253 illa

72 4301 129 4363 tur,
144 4293 310 4364 sempiterna
320 4308 429 4366 quoque
453 4293 536 4349 virtus
554 4292 614 4363 ejus
638 4308 671 4348 ac
685 4292 822 4362 divinitas,
839 4293 877 4349 ιιι
929 4288 987 4342 rixa
1002 4285 1223 4342 dimissionibus
1237 4292 1300 4341 nota
1315 4292 1364 4341 est.
1380 4284 1469 4354 Quem
1482 4298 1538 4341 non
1551 4285 1634 4341 trahit
1660 4299 1728 4356 gra·

72 4390 104 4440 ιι
119 4382 174 4438 sint
187 4382 397 4451 inexcusabiles,
409 4382 475 4455 quie
494 4396 555 4437 cum
566 4382 758 4456 cognovissent
776 4383 874 4451 Deum,
929 4377 964 4432 tia
982 4375 1058 4432 carni
1081 4374 1200 4431 sociatur
1214 4381 1241 4431 et
1269 4373 1382 4431 efficitur
1407 4389 1463 4429 una
1491 4388 1565 4441 cam,
1581 4381 1609 4428 et
1628 4372 1730 4429 dicitur

72 4486 131 4527 non
145 4470 215 4528 sicut
228 4471 313 4527 Deum
328 4470 558 4543 glorificaverunt,
575 4479 618 4525 sut
634 4470 737 4543 gratiss
749 4477 874 4543 egerunt,
890 4448 919 4512 D
932 4465 966 4520 de
978 4465 1090 4520 bomine
1104 4462 1152 4519 illo
1165 4478 1171 4518 :
1184 4485 1194 4511 ι
1212 4464 1272 4518 Νοι
1284 4463 1453 4534 permanebit
1463 4461 1663 4533 spiritusmeus
1676 4462 1729 4518 »in

71 4558 126 4616 sed
139 4566 312 4616 evanuerunt
329 4558 573 4632 incogitationibus
586 4558 654 4627 suis,
663 4567 689 4614 ct
699 4556 877 4614 obscuratum
930 4568 974 4622 eo,
992 4574 1003 4602 ι
1021 4553 1083 4624 quis
1098 4567 1163 4609 cero
1176 4550 1310 4622 est(Gcn.
1322 4550 1369 4622 vr).
1382 4574 1393 4601 ι
1404 4551 1491 4620 Qucnr
1501 4565 1564 4606 vero
1574 4549 1730 4623 trabitgra·

73 4655 118 4704 est
131 4647 321 4721 insipienscor
335 4663 443 4704 eorum.
461 4648 532 4703 »Est
547 4648 648 4720 quippe
662 4648 735 4704 Deus
748 4647 876 4702 substan·
930 4643 978 4711 ιιι,
994 4639 1114 4698 sociatur
1127 4639 1242 4712 spiritui,
1258 4647 1285 4695 et
1299 4655 1368 4696 unus
1381 4655 1442 4696 oum
1457 4652 1491 4694 eo
1505 4638 1615 4710 spiritus
1641 4636 1730 4697 edici·

72 4737 115 4793 tia
128 4735 284 4804 invisibilis,
299 4737 357 4794 sive
367 4737 487 4793 essentia
501 4736 687 4810 intelligibilis,
702 4735 749 4791 lux
763 4734 878 4792 illlumi-
931 4738 983 4800 tur,
999 4739 1026 4786 et
1039 4728 1136 4785 dicitnr
1149 4728 1174 4785 ei
1190 4744 1197 4783 ι
1215 4749 1225 4777 ι
1244 4727 1300 4783 Vos
1314 4735 1405 4784 autern
1424 4741 1478 4783 non
1493 4727 1557 4784 estis
1573 4727 1601 4781 in
1622 4741 1727 4799 carnc;

72 4840 146 4883 nans
165 4828 192 4883 et
209 4824 378 4898 perfundens
397 4840 552 4894 conversos,
583 4824 684 4881 feriens
704 4832 731 4881 et
758 4823 877 4883 confun·
931 4818 983 4875 sed
999 4818 1026 4873 in
1040 4817 1136 4891 spiritu
1150 4817 1237 4889 (ilem.
1255 4816 1328 4885 vin).
1349 4814 1631 4889 -Truniegnvetuon
1646 4814 1728 4887 trebi,

73 4915 144 4971 dens
151 4914 407 4987 aversos,splendor
414 4922 516 4986 praesto
527 4913 551 4971 ei
566 4914 651 4988 quise
661 4913 878 4987 queritcalura
932 4909 984 4964 hoc
996 4913 1038 4962 cst
1049 4904 1119 4961 tradi
1132 4904 1176 4962 vel
1189 4920 1244 4961 non
1255 4904 1337 4960 tradi.
1348 4904 1402 4963 Cur
1415 4911 1507 4960 autem
1530 4903 1643 4961 trabitur
1669 4903 1727 4975 ille,

72 5017 132 5078 quo
144 5018 226 5061 nemo
240 5019 271 5060 se
280 5003 431 5074 abscondit,
448 5002 556 5076 species
570 5017 680 5060 omnem
695 5001 814 5058 animam
829 5016 879 5058 ru·
931 4995 976 5051 ifle
989 5010 1045 5051 non
1073 4994 1195 5063 trabitur,
1217 4995 1276 5050 bec
1288 4992 1394 5051 occulta
1406 4991 1466 5050 Filii
1480 4996 1553 5060 sunt,
1573 4992 1630 5050 nuli
1656 4993 1729 5052 velle

73 5100 152 5157 ιιοιι
164 5107 288 5156 utentem
305 5099 417 5172 rapiens
439 5099 475 5157 ad
494 5098 736 5171 contemplandum
755 5114 878 5156 umorem
933 5108 1067 5165 querere,
1077 5091 1100 5148 si
1114 5105 1170 5149 non
1188 5089 1231 5147 vis
1253 5105 1353 5148 errare.
1379 5089 1408 5147 si
1429 5104 1485 5147 non
1497 5089 1621 5158 treberis,
1636 5104 1686 5148 cra
1699 5096 1731 5148 ιι

73 5195 208 5267 ιιιιιιιι,
218 5195 361 5253 socordem
372 5204 400 5253 et
415 5212 513 5254 vanum
528 5197 700 5270 redarguens
709 5196 880 5253 conscicntia
932 5190 1056 5259 traharis,
1080 5188 1144 5247 etsi
1161 5188 1219 5260 jnm
1237 5187 1353 5246 fideliter
1372 5203 1447 5258 oras,
1460 5188 1518 5260 jam
1538 5186 1656 5245 traheris
1678 5201 1731 5248 neo

73 5291 216 5352 vanitatis.
231 5292 317 5364 Cujus
330 5308 394 5350 cum
415 5293 523 5368 legibus
542 5294 649 5351 eternis
677 5304 703 5349 et
726 5292 878 5350 immobili·
933 5289 1059 5347 traderis.
1078 5289 1109 5345 ιι
1123 5287 1238 5361 illisqui
1251 5289 1401 5358 intuuntur,
1425 5302 1478 5346 nec
1503 5287 1655 5359 traduntur,
1672 5288 1733 5347 sola

73 5392 131 5450 bns
145 5398 237 5448 motos
251 5390 385 5447 instabilis
398 5408 491 5449 rerum
506 5390 681 5448 mutabilium
705 5391 879 5463 perturbatus
930 5387 1019 5462 gratia
1033 5385 1084 5444 Dei
1095 5394 1147 5456 est,
1162 5385 1244 5443 ineis
1259 5399 1326 5442 vero
1340 5383 1547 5457 quitraduntnr,
1558 5401 1610 5443 nec
1619 5387 1735 5445 tmhnn-

76 5504 143 5549 esaa
159 5504 216 5548 non
230 5487 337 5558 sinitur,
352 5488 491 5565 frenisque
510 5489 734 5548 circumcuntium
759 5486 879 5547 seculo·
931 5493 983 5554 tur,
992 5482 1239 5560 irreprehensibilis
1246 5481 1414 5554 ejusjustitia
1423 5488 1474 5540 est.
1485 5481 1591 5554 Quibus
1603 5499 1667 5542 vero
1680 5492 1736 5543 tra·

79 5605 144 5647 rum
154 5602 265 5663 semper
279 5588 315 5647 ad
328 5587 536 5649 similitudinem
550 5586 705 5646 stabilitatis
719 5594 877 5656 mvocatur,
931 5582 1004 5641 ditur
1017 5581 1063 5655 qui
1076 5581 1193 5641 traditor
1205 5579 1381 5640 tlmmnndis
1394 5579 1566 5640 damonibus
1589 5579 1735 5639 immunda
