3728 6000
128 242 184 298 265

678 241 885 299 DlSPUTATlO
905 241 986 297 nov.
1006 240 1238 297 trutannus.

1731 247 1785 303 268

128 366 193 436 ipsa
210 366 270 434 ejus
285 365 435 420 substantia
453 383 459 428 ;
476 372 584 420 sanctus
594 381 661 421 vero
676 367 790 437 Spiritus
799 383 832 421 ex
841 382 873 421 eo
887 367 931 433 sit,
947 367 974 426 Α
989 382 1035 436 pra
1054 381 1165 420 omnem
1186 365 1312 435 spiritum
1336 383 1417 436 quem
1446 369 1556 424 crearit¹
1575 370 1784 441 incomparabili

127 462 155 509 et
170 471 208 509 ex
232 455 292 524 ipsu
307 454 448 526 procedat,
464 453 514 510 sed
533 470 589 510 non
603 470 638 510 ex
658 455 718 527 ipsa
731 455 791 524 ejus
805 454 932 511 substan·

127 544 177 599 tia.
198 565 210 591 a

448 640 558 697 CAPUT
578 640 612 696 V.

164 765 243 820 Stin
269 763 312 819 bis
331 764 461 819 omnibus
476 778 492 818 a
506 763 677 819 contumeliis
705 761 822 833 Spiritus
848 761 931 817 sancti

126 867 182 908 non
200 861 243 908 εει
262 853 338 908 soror
353 853 411 922 ejus
426 867 558 922 aversus;
583 852 630 907 sed
654 851 741 906 adhuc
762 866 857 905 manus
872 849 932 919 ejus

126 949 249 996 extenta.
271 941 340 998 Dicit
356 941 428 996 euim
449 940 569 995 animum
585 956 646 995 esse
668 941 766 1006 Deum,
783 939 931 994 secundum

126 1031 275 1092 Catonem:
292 1028 420 1099 Spiritum
432 1036 553 1083 sanetum
564 1028 683 1082 animam
698 1043 758 1082 esse
767 1027 871 1095 mundi,
884 1043 931 1082 se-

127 1117 252 1173 cundum
270 1117 419 1172 Platonem.
444 1115 524 1185 Quod
540 1117 623 1171 miror
640 1131 694 1185 quo
704 1115 799 1186 spiritu
814 1115 871 1186 ipse
886 1115 929 1169 di·

127 1213 174 1260 cat
190 1205 225 1259 de
240 1205 346 1275 Spiritu
360 1213 465 1268 sancto,
482 1220 535 1274 qua
550 1205 770 1274 praesumptione,
792 1220 844 1274 qua
858 1202 929 1257 lidu-

129 1291 930 1363 cia,tantam,taminsolitumetinauditamremdelieodi·

127 1396 204 1448 cere,
220 1382 279 1437 sive
300 1382 418 1437 scribere
441 1392 605 1451 prasumat;
621 1396 708 1436 cuma
722 1381 796 1436 nullo
816 1381 867 1434 boc
878 1397 929 1451 pc·

128 1470 324 1526 nitusauctore
339 1469 448 1534 babeat,
470 1469 522 1523 nisi
537 1483 554 1523 a
572 1470 729 1539 semetipso,
752 1485 803 1523 nec
817 1468 851 1523 ab
871 1470 929 1540 ipso

129 1559 257 1622 Platone,
274 1573 353 1627 quam
368 1557 395 1611 in
411 1557 462 1612 boc
476 1557 613 1627 praecipue
628 1573 657 1611 se
673 1557 772 1612 habere
788 1565 929 1612 auctorem
1012 1601 1016 1609 .

128 1646 273 1718 gloriatur.
290 1646 373 1709 Bene,
390 1645 487 1715 inquit,
505 1661 566 1700 cum
590 1644 689 1699 animal
713 1660 774 1700 csse
798 1645 928 1700 mundum

130 1736 209 1790 Plato
224 1733 333 1801 dixerit,
362 1733 451 1804 ipsum
480 1749 588 1804 quoque
607 1732 804 1803 intelligentem
820 1735 870 1790 hoc
889 1744 929 1790 est

129 1822 265 1878 rationale
280 1821 393 1889 animal,
410 1837 472 1876 esse
488 1821 634 1892 perbibuit,
651 1820 801 1876 secundum
813 1822 865 1878 boc
875 1838 930 1878 sct-

128 1910 368 1982 licet,quodejus
396 1910 599 1979 animaquanto
628 1910 733 1965 caeteris
761 1913 932 1981 prestantior

128 1997 234 2064 existit,
248 2007 323 2054 tanto
337 1997 526 2053 rationabilius
539 1998 567 2052 iu
581 2014 614 2054 eo
629 2005 725 2053 cuncta
745 1999 846 2071 agitne
874 2000 931 2054 dis·

134 2089 218 2158 ponit
232 2106 240 2154 ;
256 2087 358 2158 quippe
368 2103 454 2158 penes
469 2101 561 2156 quam,
577 2087 647 2142 sicut
662 2103 745 2158 penes
760 2088 860 2156 Deum,
870 2096 932 2143 sunt

133 2191 229 2231 causae
254 2175 374 2230 omnium
400 2191 460 2245 quae
476 2175 647 2245 proveniunt,
677 2182 704 2230 ct
721 2174 813 2231 divina
829 2176 854 2232 ei
870 2192 931 2231 om-

130 2264 214 2319 nium
224 2271 381 2317 naturarum
401 2263 572 2334 providentia
594 2263 745 2335 assignatur
759 2263 786 2317 in
801 2280 857 2334 qua
869 2280 931 2319 om-

129 2353 177 2407 nia
194 2368 257 2424 quaa
271 2352 344 2407 lacta
359 2360 431 2416 sunt,
447 2351 582 2419 vitasunt,
599 2352 681 2406 etiam
696 2368 756 2424 quae
770 2353 843 2407 mala
858 2360 930 2423 sunt,

130 2456 193 2510 quae
209 2441 312 2511 optime
327 2457 376 2511 per
388 2441 535 2495 bonitatem
551 2440 611 2510 ejus
636 2441 824 2511 disponuntur.
850 2443 929 2497 blun-

130 2529 198 2584 dam
216 2538 304 2584 autam
321 2529 387 2584 dicit
401 2528 532 2600 quidquid
543 2529 614 2583 iutra
625 2545 654 2585 se
671 2530 839 2600 providentia
854 2529 931 2586 Con·

127 2618 230 2673 ditoris
244 2617 373 2682 includit;
391 2618 443 2673 boc
456 2622 500 2672 est
515 2633 625 2673 omnem
640 2618 752 2673 omnino
766 2626 931 2674 creaturam.

128 2708 170 2762 De
185 2709 240 2761 boc
254 2722 320 2778 ergo
334 2705 435 2760 mundo
445 2714 566 2762 astruere
586 2706 679 2760 nititur
696 2721 783 2761 novus
807 2707 931 2763 Platoni-

127 2810 181 2850 cus
211 2812 243 2849 cn
265 2795 424 2850 auctoritate
439 2793 568 2859 Platonis,
585 2793 712 2866 quoniam
742 2803 839 2864 praeter
866 2812 931 2850 sen-

128 2899 212 2938 suum
231 2883 420 2952 instrumenta,
451 2898 510 2951 quae
533 2899 596 2937 eum
616 2883 719 2937 babere
734 2897 788 2938 non
817 2898 931 2939 necasse

129 2972 177 3039 sit,
188 2987 251 3026 cum
265 2969 341 3025 nulla
356 2980 434 3025 extra
452 2977 619 3039 remaneant,
636 2970 669 3025 ad
678 2987 739 3041 quae
753 2970 804 3025 ista
813 2971 931 3026 habeant

129 3058 363 3130 opportunitatem
371 3058 499 3129 aliquam,
516 3057 703 3128 perSpiritum
714 3066 838 3114 sanctum
867 3061 971 3126 unt-c

128 3162 222 3203 versa
240 3146 282 3202 ris
297 3148 397 3201 animm
408 3148 436 3200 in
452 3161 486 3200 eo
501 3153 717 3201 consummetur.
744 3146 828 3201 Addit
842 3146 932 3202 adbuc

128 3236 228 3302 multu,
246 3248 309 3306 quae
323 3250 385 3290 cum
399 3250 432 3288 ex
448 3233 593 3304 Scripturis
620 3233 720 3288 sanctis
743 3249 797 3289 non
813 3234 932 3290 babeant

126 3323 331 3389 auctoritatem,
342 3331 368 3378 et
379 3323 405 3376 in
415 3322 516 3394 regulis
526 3320 589 3376 fidei
602 3323 703 3376 nullam
719 3322 931 3393 possinthabere

127 3413 278 3477 munnam,
294 3427 327 3466 ex
342 3412 396 3466 boc
410 3411 470 3482 ipso
485 3409 607 3466 faciliora
616 3411 697 3465 nobis
712 3420 775 3465 sunt
788 3411 822 3465 ad
831 3426 931 3481 repro·

127 3499 261 3554 bandum.
274 3498 327 3554 Sed
343 3515 451 3554 sensum
466 3497 540 3552 hunc
555 3497 588 3552 dc
603 3499 797 3552 animamundi
813 3499 930 3570 legimus

125 3590 190 3659 iam
205 3587 271 3643 olim
290 3586 402 3642 abesto
427 3586 577 3657 Augustino
587 3585 761 3657 reprobatum
778 3600 785 3656 ;
802 3587 847 3658 qui
870 3585 929 3641 tor-

126 3677 200 3732 sitan
230 3683 357 3746 expertus
386 3674 504 3745 aliquem
521 3674 584 3729 talia
599 3675 769 3742 sentientem,
786 3674 929 3740 dicit,cum

125 3764 163 3819 de
176 3763 285 3836 origine
298 3764 397 3818 animm
412 3770 548 3828 tractaret,
564 3762 591 3816 in
607 3762 674 3817 libro
690 3777 771 3831 super
799 3761 929 3818 Genesim

125 3852 165 3909 ad
184 3853 302 3908 litteram
319 3869 326 3904 :
345 3875 355 3898 ι
373 3850 462 3920 Quod,
479 3850 577 3920 inquit,
593 3851 725 3920 scriptum
741 3858 782 3906 est
797 3853 861 3922 qula
876 3849 929 3905 sui·

126 3942 206 3997 davit
216 3941 293 3995 Deus
307 3940 336 3994 in
351 3938 448 3994 taciem
459 3938 577 3994 hominis
604 3938 696 3993 flatum
711 3937 773 3994 ritae
788 3937 872 4007 (Gen.
888 3939 926 4007 ⁶2),

125 4030 162 4086 de
178 4029 303 4098 subiecta
315 4027 367 4082 sibi
383 4034 505 4083 ereatura
520 4025 617 4081 iecisse
633 4027 707 4082 Deus
716 4027 834 4081 animam
846 4026 927 4081 intel·

124 4116 254 4190 ligandus
268 4123 320 4183 est,
337 4115 364 4169 in
376 4130 408 4170 eo
423 4114 496 4184 quod
518 4112 642 4168 suillassn
656 4112 743 4169 dictus
755 4122 803 4169 ast.
822 4114 850 4168 Si
860 4129 927 4186 ergo

124 4205 281 4260 diceremus
291 4204 377 4258 Deum
396 4210 523 4273 umquam
539 4201 666 4273 ⁰⁰rp⁰rei
678 4201 759 4271 h⁰j¹¹⁵
770 4202 926 4302 mundiffni'
981 4243 1072 4298 anima
1087 4259 1180 4298 eorum
1194 4243 1222 4298 in
1237 4245 1278 4298 eis
1292 4253 1344 4298 est.
1356 4245 1424 4298 Nam
1441 4245 1492 4299 etsi
1505 4243 1532 4298 in
1547 4243 1683 4316 aliquibus
1693 4261 1775 4301 sanc.

124 4307 210 4359 mam,
227 4307 290 4347 cum
306 4290 568 4362 ipsemundusesset
581 4298 708 4361 tanquam
722 4305 822 4360 corpus
845 4305 926 4345 unrus

124 4380 286 4444 animantis,
301 4386 374 4434 reeta
403 4393 457 4433 non
469 4394 529 4433 eum
545 4377 697 4434 diceremus
725 4376 859 4434 sufflando
883 4378 964 4473 fel)

123 4469 198 4526 cisse
213 4468 331 4523 animam
347 4466 463 4521 bominis
477 4466 530 4521 nisi
552 4481 726 4537 corpoream,
743 4467 777 4522 de
791 4467 844 4521 isto
859 4482 922 4523 aere

121 4557 287 4626 subjacente
315 4554 366 4610 sibi
395 4571 430 4609 ex
454 4570 568 4625 corpore
595 4570 654 4610 suo.
676 4556 754 4610 Nunc
772 4571 839 4610 rero
863 4572 926 4625 quia

121 4661 180 4702 non
194 4644 385 4700 tantummodo
399 4643 496 4698 mundi
511 4658 612 4714 corpus
626 4644 684 4699 Deo
706 4659 765 4699 esse
788 4642 925 4699 subditum

122 4734 252 4801 dicimus,
272 4732 320 4787 sed
339 4731 416 4786 illum
429 4733 516 4787 solum
536 4747 596 4787 esse
618 4746 700 4802 supra
714 4747 822 4787 omnam
845 4747 925 4788 crea-

121 4829 222 4888 turam,
235 4821 293 4876 aive
303 4820 482 4890 corporalem,
495 4820 553 4874 sire
563 4819 733 4890 spiritualem
742 4834 748 4887 ;
757 4819 845 4875 necde
854 4819 923 4890 ipso,

120 4927 173 4967 nac
183 4910 219 4966 de
234 4909 377 4979 corporeis
387 4907 530 4962 elementis
541 4906 697 4962 credendus
706 4916 745 4961 est
755 4908 900 4962 animaml
914 4938 926 4948 ·

120 4999 191 5054 eia-e
202 4995 351 5052 audlando.
365 5019 376 5044 ι
394 4997 463 5049 ltem
480 5009 509 5049 :a
523 4995 649 5050 Fortasse
658 5010 693 5049 ax
704 5010 767 5050 aare
776 4996 924 5052 estanima.

119 5087 191 5142 ttuie
205 5087 342 5141 elemento
357 5083 436 5138 llatus
451 5083 592 5154 competit.
610 5082 664 5137 Sed
677 5091 783 5150 noster,
799 5099 853 5138 non
865 5084 923 5138 Dei.

119 5175 199 5231 Unde
214 5171 432 5245 supradiximus
446 5173 499 5226 boc
518 5172 637 5241 potuisse
665 5176 851 5242 congruenter
878 5188 926 5241 pu·

120 5264 177 5319 tari
193 5277 201 5332 ;
218 5262 244 5316 εἰ
257 5260 381 5315 animam
392 5257 486 5314 mundi
502 5266 629 5330 tauquam
645 5259 725 5313 unius
738 5259 851 5314 maximi
863 5259 925 5314 ani·

120 5350 223 5407 mantis
251 5350 341 5404 Deum
367 5346 557 5413 crederemus,
577 5350 606 5400 nt
625 5348 664 5402 ita
683 5362 741 5401 eam
761 5346 866 5404 flaverit
891 5347 925 5403 de

120 5455 185 5497 aare
213 5435 341 5509 corporis
365 5435 417 5503 sui,
437 5435 505 5489 sicut
522 5441 613 5490 nostra
632 5434 666 5489 da
685 5434 736 5489 sui.
759 5436 825 5490 Cum
858 5451 925 5492 raro

117 5528 211 5587 Deum
226 5531 334 5584 constet
348 5538 408 5580 esse
422 5537 506 5594 supra
519 5537 601 5580 omne
615 5522 713 5579 mundi
723 5538 821 5596 corpus
830 5531 857 5582 ει
873 5540 924 5580 su-

277 5620 407 5680 Panoa.
427 5618 568 5679 cum

986 453 1126 519 distantia,
1136 455 1272 523 quomodo
1284 456 1312 509 id
1325 457 1457 512 rectedici
1464 457 1595 528 posserr»
1609 461 1691 514 ltem:
1707 482 1718 507 ι
1728 461 1784 515 bla-

986 541 1096 610 nicbaei,
1112 542 1159 614 qui
1172 559 1201 598 se
1216 543 1385 599 Christianos
1400 553 1505 616 putant,
1525 547 1585 602 aiva
1614 549 1704 617 putari
1733 563 1784 604 vo·

986 629 1055 697 lunt,
1065 646 1098 685 eo
1113 640 1176 686 suut
1191 631 1361 703 philosophis
1372 635 1495 704 gentium
1510 635 1538 688 in
1545 635 1672 705 opinione
1683 636 1784 691 animas

987 717 1213 786 detestabiliores,
1231 721 1303 789 quod
1318 721 1418 777 animm
1436 727 1561 778 naturam
1585 723 1623 778 illi
1638 740 1654 778 a
1669 724 1717 781 Dei
1732 739 1785 780 na-

987 813 1044 860 tura
1060 807 1225 873 discernunt,
1243 809 1288 863 rsti
1300 817 1403 875 autem,
1419 827 1484 866 cum
1499 811 1574 866 aliud
1598 811 1664 866 nibil
1693 812 1784 869 dicant

986 910 1047 949 esse
1056 894 1174 950 animam
1189 911 1271 968 quam
1287 898 1376 968 ipsam
1389 899 1440 954 Dei
1454 899 1643 970 substantiam,
1659 907 1741 969 atque
1755 900 1785 956 id

985 983 1098 1038 ommno
1112 985 1185 1054 quod
1200 985 1273 1040 Deus
1288 994 1337 1052 est,
1350 1002 1403 1042 non
1418 989 1626 1058 trepidanteam
1655 997 1712 1043 tam
1722 997 1784 1044 tur·

984 1072 1055 1141 piter
1070 1074 1292 1129 commutabilem
1308 1075 1418 1130 dicere:
1436 1085 1465 1131 ut
1493 1077 1599 1131 nullum
1627 1077 1662 1132 sit
1680 1077 1781 1148 berbre,

985 1174 1033 1213 seu
1047 1160 1186 1215 vermiculi
1196 1178 1298 1233 genus,
1314 1164 1359 1218 ubi
1375 1180 1437 1220 eam
1450 1180 1504 1221 non
1528 1181 1591 1221 esse
1611 1166 1781 1222 commistam

984 1248 1163 1318 opinentur.»

1019 1338 1086 1391 ltem
1101 1337 1134 1391 ad
1144 1338 1278 1394 Evodium
1292 1341 1326 1396 de
1341 1340 1471 1398 Trinitate
1485 1351 1511 1398 ct
1534 1343 1673 1409 columba,
1702 1341 1777 1411 dicit,

985 1423 1091 1479 nullam
1106 1426 1216 1482 omnino
1234 1433 1383 1483 creaturam
1405 1430 1432 1483 in
1447 1430 1549 1486 unitate
1575 1447 1700 1501 personae
1722 1431 1780 1486 Deo

983 1511 1130 1583 aliquando
1139 1523 1304 1585 coaptatam,
1323 1524 1442 1587 «praeter
1452 1518 1551 1585 solum,
1567 1519 1686 1588 »inquit
1705 1520 1780 1575 ‹sbo-

982 1602 1424 1676 mrncmexvirgineassumptum,
1435 1607 1479 1676 qui
1495 1607 1556 1678 quia
1567 1615 1679 1678 propter
1686 1607 1778 1678 ipsam

944 1714 971 1774 B
986 1697 1112 1744 naturam
1127 1690 1298 1747 liberandam
1313 1693 1371 1763 ipsa
1395 1695 1489 1749 omnia
1503 1693 1594 1761 tiebat,
1611 1695 1780 1751 inunitatem

906 1824 912 1834 .
985 1791 1111 1844 personae
1126 1779 1208 1833 Verbi
1224 1780 1273 1835 Dei
1283 1781 1402 1835 mirabili
1416 1790 1443 1836 ει
1457 1782 1590 1854 singulari
1609 1785 1782 1854 susceptione

985 1872 1126 1933 coaptatus
1141 1874 1180 1920 est
1196 1884 1203 1928 ;
1219 1877 1397 1937 permanente
1413 1876 1502 1924 tamen
1522 1869 1611 1924 Verbo
1626 1870 1653 1924 in
1668 1886 1717 1925 sua
1734 1887 1781 1925 na·

986 1957 1044 2006 tura
1058 1951 1325 2022 incommutabiliter,
1343 1957 1440 2026 inqua
1464 1957 1532 2011 nihil
1547 1960 1690 2029 compositi
1719 1975 1782 2014 cum

986 2055 1038 2108 quo
1054 2042 1193 2109 subsistat,
1211 2043 1267 2098 ulla
1283 2045 1430 2113 phantasia
1442 2046 1553 2099 humani
1581 2046 1664 2101 animi
1689 2047 1781 2116 suspi-

985 2129 1101 2183 candum
1117 2138 1167 2186 est.
1186 2154 1197 2178 ι
1213 2133 1406 2198 Αιιιιιιεειιειιι,
1424 2133 1447 2186 si
1462 2134 1554 2189 anima
1566 2134 1781 2206 mundiSpiritus

985 2226 1096 2272 sanctus
1123 2227 1174 2287 cst,
1190 2230 1293 2290 partem
1313 2237 1376 2275 eum
1400 2237 1460 2276 esse
1475 2222 1570 2276 mundi
1584 2224 1783 2291 constat,sicut

986 2305 1078 2360 anima
1093 2307 1213 2362 bominis
1227 2324 1292 2379 pars
1307 2309 1426 2365 huminis
1440 2318 1490 2365 eat.
1503 2309 1559 2364 Sed
1583 2319 1610 2365 et
1623 2311 1675 2365 boc
1696 2312 1781 2367 modo

987 2393 1103 2464 Spiritus
1117 2404 1225 2451 sanctus
1238 2414 1292 2452 una
1310 2413 1373 2452 cum
1383 2397 1485 2453 arundo
1500 2396 1551 2452 isto
1579 2413 1695 2469 persona
1713 2404 1756 2455 εει
1772 2414 1781 2469 ;

986 2490 1012 2537 ει
1027 2483 1221 2553 colendusjam
1236 2501 1253 2540 a
1268 2485 1346 2540 nobis
1360 2486 1478 2540 mundus
1493 2494 1542 2553 est,
1564 2495 1590 2540 et
1616 2485 1781 2553 adorandus,

987 2572 1056 2626 sicut
1069 2571 1096 2626 in
1112 2573 1221 2628 Christo
1232 2573 1378 2629 adoramus
1388 2575 1530 2629 bominem
1546 2574 1573 2628 in
1582 2575 1782 2646 unitateperso·

986 2675 1028 2714 nae
1044 2660 1100 2716 Deo
1116 2661 1303 2730 conjunctum,
1319 2662 1352 2716 de
1368 2678 1421 2734 quo
1436 2662 1632 2735 scriptumest:
1646 2664 1783 2720 «Adoratc

985 2748 1132 2803 scabellum
1147 2750 1247 2818 pedum
1257 2749 1328 2818 ejus,
1344 2750 1473 2819 quoniam
1493 2758 1615 2805 sanctum
1635 2759 1673 2806 εει
1688 2753 1778 2822 (Paci.

985 2837 1092 2906 xxvrtr).
1111 2858 1122 2885 ι
1139 2837 1279 2891 Credimus
1298 2840 1372 2893 certe
1401 2845 1430 2892 et
1452 2838 1620 2906 confitemur,
1653 2839 1783 2911 quoniam

987 2947 998 2971 ι
1019 2924 1134 2994 Spiritus
1145 2925 1252 2980 Domini
1261 2925 1472 2995 replevitorbem
1487 2935 1616 2981 terrarum
1627 2926 1702 2999 (Sap.
1719 2928 1756 2997 1);
1770 2950 1781 2977 ι

986 3020 1012 3066 et
1040 3013 1108 3068 sicut
1135 3014 1299 3084 aprincipio
1327 3014 1475 3085 superferri
1508 3013 1596 3070 dictus
1621 3023 1663 3070 est
1704 3016 1783 3086 aquis

986 3100 1069 3172 (Gen.
1087 3102 1118 3170 r),
1133 3103 1174 3156 sic
1199 3101 1304 3174 jugiter
1317 3101 1486 3173 superfertur
1499 3102 1614 3158 fluitanti
1627 3112 1758 3161 creaturae
1774 3119 1782 3173 ;

985 3188 1029 3242 rel
1054 3188 1123 3243 sicut
1150 3189 1233 3244 babet
1256 3189 1346 3246 verior
1368 3190 1515 3259 Scriptura
1530 3190 1601 3245 illius
1631 3190 1782 3257 translatio,

984 3276 1058 3331 louet
1071 3293 1143 3347 eam,
1153 3278 1222 3333 sicut
1232 3278 1292 3332 avis
1300 3278 1373 3334 toret
1381 3278 1470 3348 pullos
1481 3294 1545 3333 suos
1556 3297 1563 3345 ;
1575 3279 1667 3333 omnia
1693 3279 1785 3334 conti-

984 3380 1052 3418 nens
1067 3373 1095 3418 ut
1109 3365 1173 3431 siut,
1190 3366 1338 3436 disponens
1352 3373 1382 3420 ut
1405 3365 1475 3420 bene
1489 3366 1554 3430 sint,
1584 3366 1694 3421 ordines
1717 3381 1782 3421 suos

984 3453 1186 3520 conservando,
1202 3452 1272 3507 dans
1288 3468 1348 3508 esse
1361 3452 1507 3523 lapidibus,
1524 3453 1616 3509 vivere
1626 3453 1782 3521 arboribus,

984 3540 1084 3595 sentire
1100 3540 1252 3611 pecoribus,
1269 3541 1423 3596 discernere
1451 3540 1616 3596 bominibus.
1643 3541 1697 3597 Sed
1711 3542 1783 3598 sicut

984 3643 1118 3697 nusquam
1134 3629 1211 3683 deest
1224 3628 1314 3684 divina
1324 3628 1478 3699 praesentia,
1499 3636 1526 3684 et
1540 3637 1633 3684 tamen
1653 3630 1731 3684 aliter
1740 3637 1783 3686 εει

983 3715 1011 3768 in
1026 3716 1186 3786 hujusmodi
1200 3718 1345 3782 creaturis,
1361 3717 1439 3771 aliter
1467 3717 1494 3771 in
1515 3717 1617 3772 sanctis
1644 3718 1701 3773 suis
1718 3733 1724 3787 ;
1741 3718 1782 3775 sic

983 3804 1064 3858 etiam
1081 3803 1194 3874 Spiritus
1208 3812 1315 3860 sanetus
1327 3803 1438 3875 spiritus
1453 3805 1514 3860 vitae
1534 3804 1614 3860 aliter
1637 3821 1685 3861 eos
1709 3806 1781 3862 vivi-

981 3888 1052 3956 ficat,
1069 3889 1103 3946 de
1119 3892 1322 3961 quibusdictum
1329 3900 1382 3946 est:
1396 3916 1406 3940 a
1419 3892 1534 3963 Spiritus
1541 3899 1582 3947 εει
1597 3893 1643 3964 qui
1659 3891 1780 3950 vivificat

982 3977 1780 4050 (toan.vr),ratirercaereravtvenrta;attrere0squtvivunt

981 4065 1015 4121 de
1034 4066 1104 4137 ipso,
1125 4075 1152 4122 at
1178 4069 1237 4138 ipse
1257 4068 1309 4122 rita
1325 4083 1421 4123 eorum
1435 4075 1476 4123 est
1492 4088 1499 4133 ;
1519 4067 1596 4123 aliter
1608 4084 1640 4124 ea
1656 4085 1717 4140 quaa
1733 4069 1776 4126 vi-

981 4164 1048 4209 ruut
1076 4155 1104 4208 in
1131 4155 1286 4226 semetipsis
1314 4163 1413 4227 agente
1436 4155 1508 4226 ipso,
1535 4164 1562 4210 et
1580 4157 1776 4229 qualiscunque

980 4332 1014 4385 tis
1041 4330 1204 4398 hominibus,
1226 4331 1339 4402 spiritus
1354 4347 1449 4387 eorum
1462 4348 1530 4386 unus
1549 4332 1700 4403 aliquando
1714 4349 1776 4388 cum

978 4421 1036 4475 Deo
1048 4418 1163 4476 efficitur
1172 4435 1207 4475 ex
1219 4420 1427 4490 participatione
1441 4419 1549 4491 gratim
1576 4421 1670 4490 procul
1686 4429 1775 4476 tamen

902 4556 907 4566 .
979 4508 1192 4564 omnisomniuo
1220 4516 1552 4564 creaturatamanaturae
1580 4508 1678 4565 divinae
1706 4524 1775 4565 con·

979 4596 1073 4664 sertio,
1089 4613 1169 4668 quam
1184 4596 1218 4650 ab
1233 4596 1333 4651 unitate
1347 4611 1472 4667 personae
1488 4611 1549 4652 cum
1565 4596 1632 4651 Deo.

1286 4707 1398 4762 utrur
1420 4707 1466 4762 Vl.

1017 4842 1027 4866 ιι
1045 4818 1179 4887 Quaeritur
1193 4818 1284 4886 etiam,
1303 4841 1314 4865 n
1332 4819 1429 4888 inquit,
1449 4825 1565 4873 «utrum
1576 4834 1672 4874 omnes
1686 4818 1774 4874 homi·

978 4924 1026 4963 nes
1041 4908 1076 4962 ita
1091 4908 1149 4961 sola
1163 4906 1352 4961 misericordia
1363 4905 1411 4960 Dei
1427 4906 1575 4973 salventur,
1591 4915 1620 4962 ut
1635 4907 1726 4962 nullus
1740 4909 1774 4963 sit

979 4997 1025 5066 qui
1041 4995 1141 5050 bonam
1156 4995 1322 5050 voluntatem
1355 4994 1459 5048 babere
1477 4995 1570 5065 possit,
1601 4996 1656 5050 nisi
1685 4996 1774 5066 gratia

978 5085 1164 5156 praeveniente
1178 5082 1237 5146 Dei,
1250 5098 1310 5150 quae
1322 5097 1370 5136 cor
1380 5083 1774 5147 moreat,etbonamvolunta-

980 5179 1032 5226 tem
1047 5171 1171 5241 inspiret,
1181 5178 1207 5225 et
1216 5170 1374 5240 inspiratam
1387 5168 1557 5239 multiplicet,
1569 5170 1773 5241 multiplicatam

979 5267 1138 5314 conservet.
1152 5258 1263 5326 Quodsi
1276 5258 1313 5312 ita
1323 5264 1373 5324 est,
1386 5256 1489 5311 scilicet
1500 5270 1528 5311 ut
1540 5257 1620 5312 bomo
1629 5258 1694 5312 nibil
1703 5274 1773 5314 ersa

979 5346 1043 5403 boni
1051 5347 1159 5417 operari
1175 5346 1273 5416 possit,
1289 5344 1416 5415 utaliquo
1431 5344 1561 5401 modoad
1575 5345 1775 5419 divinamgra·

981 5435 1046 5490 bam
1060 5432 1265 5504 suscipiendam
1280 5449 1329 5504 per
1342 5432 1459 5487 liberum
1470 5432 1610 5488 arbitrium
1622 5436 1680 5490 sine
1700 5437 1775 5492 auxi-

980 5523 1018 5581 lio
1049 5523 1156 5597 gratiae,
1173 5528 1256 5594 prout
1270 5520 1370 5603 dictum
1382 5525 1432 5594 εει,
1447 5538 1477 5580 εε
1491 5521 1597 5596 erigere
1611 5538 1665 5581 non
1679 5526 1776 5598 possit,

1556 5613 1581 5692 ἓ
