<?xml version="1.0" encoding="UTF-8"?>
<!DOCTYPE html PUBLIC "-//W3C//DTD XHTML 1.0 Transitional//EN"
    "http://www.w3.org/TR/xhtml1/DTD/xhtml1-transitional.dtd">
<html xmlns="http://www.w3.org/1999/xhtml" xml:lang="en" lang="en">
 <head>
  <title>
</title>
<meta http-equiv="Content-Type" content="text/html;charset=utf-8" />
  <meta name='ocr-system' content='tesseract 3.04.00' />
  <meta name='ocr-capabilities' content='ocr_page ocr_carea ocr_par ocr_line ocrx_word'/>
</head>
<body>
  <div class='ocr_page' id='page_1' title='image "./patrologiaecurs13unkngoog_0391.png"; bbox 0 0 3728 6000; ppageno 0'>
   <div class='ocr_carea' id='block_1_1' title="bbox 142 256 192 314">
    <p class='ocr_par' dir='ltr' id='par_1_1' title="bbox 142 256 192 314">
     <span class='ocr_line' id='line_1_1' title="bbox 142 256 192 314; baseline -0.04 0"><span class='ocrx_word' id='word_1_1' title='bbox 142 256 192 314; x_wconf 77' lang='lat' dir='ltr'>tal</span> 
     </span>
    </p>
   </div>
   <div class='ocr_carea' id='block_1_2' title="bbox 619 240 1307 309">
    <p class='ocr_par' dir='ltr' id='par_1_2' title="bbox 619 240 1307 309">
     <span class='ocr_line' id='line_1_2' title="bbox 619 240 1307 309; baseline 0.009 -8"><span class='ocrx_word' id='word_1_2' title='bbox 619 270 622 277; x_wconf 96' lang='lat'>·</span> <span class='ocrx_word' id='word_1_3' title='bbox 641 242 676 303; x_wconf 86' lang='grc' dir='ltr'>Ι).</span> <span class='ocrx_word' id='word_1_4' title='bbox 691 242 821 304; x_wconf 78' lang='lat' dir='ltr'>ALGElll</span> <span class='ocrx_word' id='word_1_5' title='bbox 840 240 1066 303; x_wconf 73' lang='lat' dir='ltr'>sanctisimi</span> <span class='ocrx_word' id='word_1_6' title='bbox 1085 244 1307 309; x_wconf 82' lang='lat' dir='ltr'>LEODIENSIS.</span> 
     </span>
    </p>
   </div>
   <div class='ocr_carea' id='block_1_3' title="bbox 1742 252 1799 313">
    <p class='ocr_par' dir='ltr' id='par_1_3' title="bbox 1742 252 1799 313">
     <span class='ocr_line' id='line_1_3' title="bbox 1742 252 1799 313; baseline 0 0"><span class='ocrx_word' id='word_1_7' title='bbox 1742 252 1799 313; x_wconf 75' lang='lat' dir='ltr'>ma</span> 
     </span>
    </p>
   </div>
   <div class='ocr_carea' id='block_1_4' title="bbox 176 367 1800 450">
    <p class='ocr_par' dir='ltr' id='par_1_4' title="bbox 176 367 1800 450">
     <span class='ocr_line' id='line_1_4' title="bbox 176 367 1800 450; baseline 0 -14"><span class='ocrx_word' id='word_1_8' title='bbox 176 384 245 436; x_wconf 88' lang='lat' dir='ltr'>itam</span> <span class='ocrx_word' id='word_1_9' title='bbox 260 376 399 434; x_wconf 81' lang='lat' dir='ltr'>Eusebius</span> <span class='ocrx_word' id='word_1_10' title='bbox 422 375 582 431; x_wconf 85' lang='lat' dir='ltr'>Emissonus</span> <span class='ocrx_word' id='word_1_11' title='bbox 604 374 694 444; x_wconf 91' lang='lat' dir='ltr'>(hom.</span> <span class='ocrx_word' id='word_1_12' title='bbox 713 375 730 426; x_wconf 85' lang='lat' dir='ltr'>tt</span> <span class='ocrx_word' id='word_1_13' title='bbox 744 373 784 428; x_wconf 93' lang='lat' dir='ltr'>De</span> <span class='ocrx_word' id='word_1_14' title='bbox 800 371 913 443; x_wconf 87' lang='lat' dir='ltr'>Pascha)</span> <span class='ocrx_word' id='word_1_15' title='bbox 930 389 936 425; x_wconf 92' lang='lat'><strong>:</strong></span> <span class='ocrx_word' id='word_1_16' title='bbox 952 367 980 433; x_wconf 75' lang='grc' dir='ltr'><strong>Α</strong></span> <span class='ocrx_word' id='word_1_17' title='bbox 994 380 1055 442; x_wconf 83' lang='lat' dir='ltr'>post</span> <span class='ocrx_word' id='word_1_18' title='bbox 1069 379 1297 434; x_wconf 72' lang='lat' dir='ltr'><strong>resurrectionem</strong></span> <span class='ocrx_word' id='word_1_19' title='bbox 1310 385 1339 435; x_wconf 88' lang='lat' dir='ltr'>at</span> <span class='ocrx_word' id='word_1_20' title='bbox 1351 377 1473 450; x_wconf 85' lang='lat' dir='ltr'>ejusdem</span> <span class='ocrx_word' id='word_1_21' title='bbox 1489 386 1604 449; x_wconf 71' lang='lat' dir='ltr'>nature,</span> <span class='ocrx_word' id='word_1_22' title='bbox 1632 386 1661 437; x_wconf 88' lang='lat' dir='ltr'>et</span> <span class='ocrx_word' id='word_1_23' title='bbox 1683 378 1800 437; x_wconf 72' lang='lat' dir='ltr'>altanus</span> 
     </span>
    </p>
   </div>
   <div class='ocr_carea' id='block_1_5' title="bbox 140 460 944 1696">
    <p class='ocr_par' dir='ltr' id='par_1_5' title="bbox 140 460 944 1327">
     <span class='ocr_line' id='line_1_5' title="bbox 144 460 938 529; baseline -0.006 -7"><span class='ocrx_word' id='word_1_24' title='bbox 144 494 156 522; x_wconf 77' lang='grc' dir='ltr'>ι</span> <span class='ocrx_word' id='word_1_25' title='bbox 174 467 323 525; x_wconf 87' lang='lat' dir='ltr'>Invisibilis</span> <span class='ocrx_word' id='word_1_26' title='bbox 345 466 484 529; x_wconf 86' lang='lat' dir='ltr'>sacerdos,</span> <span class='ocrx_word' id='word_1_27' title='bbox 513 463 637 521; x_wconf 77' lang='lat' dir='ltr'>visibiles</span> <span class='ocrx_word' id='word_1_28' title='bbox 661 469 799 518; x_wconf 84' lang='lat' dir='ltr'>creaturas</span> <span class='ocrx_word' id='word_1_29' title='bbox 825 460 856 516; x_wconf 88' lang='lat' dir='ltr'>in</span> <span class='ocrx_word' id='word_1_30' title='bbox 870 461 938 517; x_wconf 89' lang='lat' dir='ltr'>suh·</span> 
     </span>
     <span class='ocr_line' id='line_1_6' title="bbox 143 551 941 625; baseline -0.011 -11"><span class='ocrx_word' id='word_1_31' title='bbox 143 557 268 614; x_wconf 87' lang='lat' dir='ltr'>stantiam</span> <span class='ocrx_word' id='word_1_32' title='bbox 284 554 409 625; x_wconf 89' lang='lat' dir='ltr'>corporis</span> <span class='ocrx_word' id='word_1_33' title='bbox 423 560 450 608; x_wconf 91' lang='grc' dir='ltr'>ει</span> <span class='ocrx_word' id='word_1_34' title='bbox 464 551 607 625; x_wconf 76' lang='lat' dir='ltr'>sanguinis</span> <span class='ocrx_word' id='word_1_35' title='bbox 617 552 660 606; x_wconf 88' lang='lat' dir='ltr'>eui</span> <span class='ocrx_word' id='word_1_36' title='bbox 676 551 759 607; x_wconf 85' lang='lat' dir='ltr'>verbu</span> <span class='ocrx_word' id='word_1_37' title='bbox 771 565 820 605; x_wconf 90' lang='lat' dir='ltr'>suo</span> <span class='ocrx_word' id='word_1_38' title='bbox 834 559 941 606; x_wconf 88' lang='lat' dir='ltr'>secreta</span> 
     </span>
     <span class='ocr_line' id='line_1_7' title="bbox 143 639 939 720; baseline -0.009 -17"><span class='ocrx_word' id='word_1_39' title='bbox 143 654 277 720; x_wconf 87' lang='lat' dir='ltr'>potestate</span> <span class='ocrx_word' id='word_1_40' title='bbox 291 643 431 708; x_wconf 90' lang='lat' dir='ltr'>convertit,</span> <span class='ocrx_word' id='word_1_41' title='bbox 456 643 494 698; x_wconf 88' lang='lat' dir='ltr'>ita</span> <span class='ocrx_word' id='word_1_42' title='bbox 512 642 628 699; x_wconf 89' lang='lat' dir='ltr'>dicens:</span> <span class='ocrx_word' id='word_1_43' title='bbox 658 641 782 712; x_wconf 73' lang='lat' dir='ltr'>Accipite</span> <span class='ocrx_word' id='word_1_44' title='bbox 798 643 827 696; x_wconf 88' lang='lat' dir='ltr'>et</span> <span class='ocrx_word' id='word_1_45' title='bbox 842 639 939 709; x_wconf 81' lang='lat' dir='ltr'>bibite,</span> 
     </span>
     <span class='ocr_line' id='line_1_8' title="bbox 146 730 944 805; baseline -0.013 -12"><span class='ocrx_word' id='word_1_46' title='bbox 146 736 196 794; x_wconf 86' lang='lat' dir='ltr'>boc</span> <span class='ocrx_word' id='word_1_47' title='bbox 213 734 348 792; x_wconf 82' lang='lat' dir='ltr'>ert&#39;eaim</span> <span class='ocrx_word' id='word_1_48' title='bbox 363 747 464 805; x_wconf 80' lang='lat' dir='ltr'>corpas</span> <span class='ocrx_word' id='word_1_49' title='bbox 485 746 580 787; x_wconf 85' lang='lat' dir='ltr'>mecm</span> <span class='ocrx_word' id='word_1_50' title='bbox 606 730 716 797; x_wconf 87' lang='lat' dir='ltr'>(liattb.</span> <span class='ocrx_word' id='word_1_51' title='bbox 732 745 809 796; x_wconf 81' lang='lat' dir='ltr'>xxvi,</span> <span class='ocrx_word' id='word_1_52' title='bbox 825 732 891 799; x_wconf 74' lang='lat' dir='ltr'>iii);</span> <span class='ocrx_word' id='word_1_53' title='bbox 915 736 944 783; x_wconf 92' lang='lat' dir='ltr'>et</span> 
     </span>
     <span class='ocr_line' id='line_1_9' title="bbox 145 817 942 897; baseline -0.013 -16"><span class='ocrx_word' id='word_1_54' title='bbox 145 824 261 897; x_wconf 88' lang='lat' dir='ltr'>repetita</span> <span class='ocrx_word' id='word_1_55' title='bbox 276 821 488 879; x_wconf 85' lang='lat' dir='ltr'>sanctificatione</span> <span class='ocrx_word' id='word_1_56' title='bbox 504 838 511 874; x_wconf 74' lang='grc' dir='ltr'>ι</span> <span class='ocrx_word' id='word_1_57' title='bbox 528 819 652 890; x_wconf 72' lang='lat' dir='ltr'>Accipite</span> <span class='ocrx_word' id='word_1_58' title='bbox 667 823 694 874; x_wconf 86' lang='lat' dir='ltr'>et</span> <span class='ocrx_word' id='word_1_59' title='bbox 711 819 805 883; x_wconf 81' lang='lat' dir='ltr'>bibite,</span> <span class='ocrx_word' id='word_1_60' title='bbox 835 817 881 873; x_wconf 86' lang='lat' dir='ltr'>hic</span> <span class='ocrx_word' id='word_1_61' title='bbox 900 821 942 874; x_wconf 85' lang='lat' dir='ltr'>est</span> 
     </span>
     <span class='ocr_line' id='line_1_10' title="bbox 143 906 942 985; baseline -0.013 -14"><span class='ocrx_word' id='word_1_62' title='bbox 143 914 261 985; x_wconf 71' lang='lat' dir='ltr'>scaccis</span> <span class='ocrx_word' id='word_1_63' title='bbox 276 928 357 969; x_wconf 82' lang='lat' dir='ltr'>mear</span> <span class='ocrx_word' id='word_1_64' title='bbox 371 911 460 979; x_wconf 78' lang='lat' dir='ltr'>(ibid,</span> <span class='ocrx_word' id='word_1_65' title='bbox 477 910 533 979; x_wconf 75' lang='grc' dir='ltr'>ιι),</span> <span class='ocrx_word' id='word_1_66' title='bbox 546 909 629 979; x_wconf 77' lang='lat' dir='ltr'>Ergo,</span> <span class='ocrx_word' id='word_1_67' title='bbox 642 908 711 963; x_wconf 90' lang='lat' dir='ltr'>sicut</span> <span class='ocrx_word' id='word_1_68' title='bbox 721 906 755 961; x_wconf 88' lang='lat' dir='ltr'>ad</span> <span class='ocrx_word' id='word_1_69' title='bbox 764 915 856 962; x_wconf 89' lang='lat' dir='ltr'>nutum</span> <span class='ocrx_word' id='word_1_70' title='bbox 868 922 942 978; x_wconf 85' lang='lat' dir='ltr'>prae-</span> 
     </span>
     <span class='ocr_line' id='line_1_11' title="bbox 143 996 942 1074; baseline -0.013 -14"><span class='ocrx_word' id='word_1_71' title='bbox 143 1003 270 1074; x_wconf 89' lang='lat' dir='ltr'>cipientis</span> <span class='ocrx_word' id='word_1_72' title='bbox 284 1008 395 1072; x_wconf 89' lang='lat' dir='ltr'>repente</span> <span class='ocrx_word' id='word_1_73' title='bbox 411 1012 447 1055; x_wconf 86' lang='lat' dir='ltr'>ex</span> <span class='ocrx_word' id='word_1_74' title='bbox 462 999 548 1053; x_wconf 84' lang='lat' dir='ltr'>nihilo</span> <span class='ocrx_word' id='word_1_75' title='bbox 569 996 750 1052; x_wconf 87' lang='lat' dir='ltr'>substiterunt</span> <span class='ocrx_word' id='word_1_76' title='bbox 764 996 873 1052; x_wconf 84' lang='lat' dir='ltr'>excelsa</span> <span class='ocrx_word' id='word_1_77' title='bbox 883 1010 942 1051; x_wconf 83' lang='grc' dir='ltr'>ειε-</span> 
     </span>
     <span class='ocr_line' id='line_1_12' title="bbox 142 1085 942 1163; baseline -0.011 -14"><span class='ocrx_word' id='word_1_78' title='bbox 142 1093 240 1160; x_wconf 90' lang='lat' dir='ltr'>lorum,</span> <span class='ocrx_word' id='word_1_79' title='bbox 256 1089 390 1163; x_wconf 85' lang='lat' dir='ltr'>protunda</span> <span class='ocrx_word' id='word_1_80' title='bbox 401 1088 543 1154; x_wconf 86' lang='lat' dir='ltr'>tluctuum,</span> <span class='ocrx_word' id='word_1_81' title='bbox 559 1093 635 1142; x_wconf 87' lang='lat' dir='ltr'>vasta</span> <span class='ocrx_word' id='word_1_82' title='bbox 650 1095 798 1151; x_wconf 85' lang='lat' dir='ltr'>terrarum,</span> <span class='ocrx_word' id='word_1_83' title='bbox 817 1085 873 1156; x_wconf 88' lang='lat' dir='ltr'>pari</span> <span class='ocrx_word' id='word_1_84' title='bbox 889 1099 942 1154; x_wconf 91' lang='lat' dir='ltr'>po-</span> 
     </span>
     <span class='ocr_line' id='line_1_13' title="bbox 140 1173 942 1251; baseline -0.012 -14"><span class='ocrx_word' id='word_1_85' title='bbox 140 1182 227 1238; x_wconf 88' lang='lat' dir='ltr'>tentia</span> <span class='ocrx_word' id='word_1_86' title='bbox 241 1183 269 1236; x_wconf 92' lang='lat' dir='ltr'>in</span> <span class='ocrx_word' id='word_1_87' title='bbox 283 1178 464 1251; x_wconf 74' lang='lat' dir='ltr'>spiritualibus</span> <span class='ocrx_word' id='word_1_88' title='bbox 475 1175 651 1232; x_wconf 88' lang='lat' dir='ltr'>sacramentis</span> <span class='ocrx_word' id='word_1_89' title='bbox 659 1175 705 1230; x_wconf 92' lang='lat' dir='ltr'>uhi</span> <span class='ocrx_word' id='word_1_90' title='bbox 714 1174 838 1246; x_wconf 77' lang='lat' dir='ltr'>praecipit</span> <span class='ocrx_word' id='word_1_91' title='bbox 847 1173 942 1240; x_wconf 85' lang='lat' dir='ltr'>virtus,</span> 
     </span>
     <span class='ocr_line' id='line_1_14' title="bbox 143 1267 417 1327; baseline -0.026 1"><span class='ocrx_word' id='word_1_92' title='bbox 143 1271 183 1327; x_wconf 91' lang='lat' dir='ltr'>rei</span> <span class='ocrx_word' id='word_1_93' title='bbox 198 1269 281 1326; x_wconf 89' lang='lat' dir='ltr'>servit</span> <span class='ocrx_word' id='word_1_94' title='bbox 295 1267 417 1324; x_wconf 82' lang='lat' dir='ltr'>effectus.</span> 
     </span>
    </p>

    <p class='ocr_par' dir='ltr' id='par_1_6' title="bbox 143 1351 944 1696">
     <span class='ocr_line' id='line_1_15' title="bbox 178 1351 942 1431; baseline -0.013 -16"><span class='ocrx_word' id='word_1_95' title='bbox 178 1359 245 1431; x_wconf 85' lang='lat' dir='ltr'>Quis</span> <span class='ocrx_word' id='word_1_96' title='bbox 260 1373 327 1431; x_wconf 84' lang='lat' dir='ltr'>ergo</span> <span class='ocrx_word' id='word_1_97' title='bbox 341 1357 376 1412; x_wconf 89' lang='lat' dir='ltr'>de</span> <span class='ocrx_word' id='word_1_98' title='bbox 402 1356 486 1429; x_wconf 76' lang='lat' dir='ltr'>uulgo</span> <span class='ocrx_word' id='word_1_99' title='bbox 501 1356 570 1424; x_wconf 90' lang='lat' dir='ltr'>talis,</span> <span class='ocrx_word' id='word_1_100' title='bbox 601 1362 631 1410; x_wconf 87' lang='lat' dir='ltr'>ut</span> <span class='ocrx_word' id='word_1_101' title='bbox 659 1354 758 1410; x_wconf 87' lang='lat' dir='ltr'>unicus</span> <span class='ocrx_word' id='word_1_102' title='bbox 784 1353 835 1408; x_wconf 91' lang='lat' dir='ltr'>Dei</span> <span class='ocrx_word' id='word_1_103' title='bbox 848 1351 942 1418; x_wconf 81' lang='lat' dir='ltr'>Filius,</span> 
     </span>
     <span class='ocr_line' id='line_1_16' title="bbox 143 1441 942 1523; baseline -0.014 -19"><span class='ocrx_word' id='word_1_104' title='bbox 143 1449 231 1523; x_wconf 88' lang='lat' dir='ltr'>quiin</span> <span class='ocrx_word' id='word_1_105' title='bbox 247 1447 342 1503; x_wconf 87' lang='lat' dir='ltr'>eadem</span> <span class='ocrx_word' id='word_1_106' title='bbox 358 1460 442 1502; x_wconf 87' lang='lat' dir='ltr'>carne</span> <span class='ocrx_word' id='word_1_107' title='bbox 457 1460 538 1517; x_wconf 89' lang='lat' dir='ltr'>quam</span> <span class='ocrx_word' id='word_1_108' title='bbox 567 1442 682 1514; x_wconf 86' lang='lat' dir='ltr'>sumpsit</span> <span class='ocrx_word' id='word_1_109' title='bbox 710 1458 746 1497; x_wconf 86' lang='grc' dir='ltr'>ειι</span> <span class='ocrx_word' id='word_1_110' title='bbox 774 1441 881 1512; x_wconf 76' lang='lat' dir='ltr'>virgine</span> <span class='ocrx_word' id='word_1_111' title='bbox 895 1454 942 1494; x_wconf 89' lang='lat' dir='ltr'>sa·</span> 
     </span>
     <span class='ocr_line' id='line_1_17' title="bbox 143 1529 944 1606; baseline -0.014 -10"><span class='ocrx_word' id='word_1_112' title='bbox 143 1547 308 1596; x_wconf 71' lang='lat' dir='ltr'><strong>crumentum</strong></span> <span class='ocrx_word' id='word_1_113' title='bbox 330 1534 530 1606; x_wconf 74' lang='lat' dir='ltr'>propitiationis</span> <span class='ocrx_word' id='word_1_114' title='bbox 546 1532 624 1589; x_wconf 89' lang='lat' dir='ltr'>nobis</span> <span class='ocrx_word' id='word_1_115' title='bbox 645 1532 673 1586; x_wconf 90' lang='lat' dir='ltr'>ia</span> <span class='ocrx_word' id='word_1_116' title='bbox 689 1531 801 1587; x_wconf 75' lang='lat' dir='ltr'>dextera</span> <span class='ocrx_word' id='word_1_117' title='bbox 827 1529 877 1585; x_wconf 90' lang='lat' dir='ltr'>Dei</span> <span class='ocrx_word' id='word_1_118' title='bbox 900 1545 944 1585; x_wconf 88' lang='lat' dir='ltr'>se-</span> 
     </span>
     <span class='ocr_line' id='line_1_18' title="bbox 143 1619 944 1696; baseline -0.015 -11"><span class='ocrx_word' id='word_1_119' title='bbox 143 1628 211 1685; x_wconf 89' lang='lat' dir='ltr'>dens</span> <span class='ocrx_word' id='word_1_120' title='bbox 234 1625 397 1696; x_wconf 81' lang='lat' dir='ltr'>exsequitur,</span> <span class='ocrx_word' id='word_1_121' title='bbox 425 1633 450 1678; x_wconf 89' lang='lat' dir='ltr'>et</span> <span class='ocrx_word' id='word_1_122' title='bbox 487 1622 633 1678; x_wconf 90' lang='lat' dir='ltr'>invisibilis</span> <span class='ocrx_word' id='word_1_123' title='bbox 667 1620 795 1677; x_wconf 81' lang='lat' dir='ltr'>sacerdos</span> <span class='ocrx_word' id='word_1_124' title='bbox 823 1619 944 1674; x_wconf 87' lang='lat' dir='ltr'>visibiles</span> 
     </span>
    </p>
   </div>
   <div class='ocr_carea' id='block_1_6' title="bbox 994 463 1802 1702">
    <p class='ocr_par' dir='ltr' id='par_1_7' title="bbox 995 463 1129 537">
     <span class='ocr_line' id='line_1_19' title="bbox 995 463 1129 537; baseline -0.015 -19"><span class='ocrx_word' id='word_1_125' title='bbox 995 463 1129 537; x_wconf 68' lang='lat' dir='ltr'>plorimi</span> 
     </span>
    </p>

    <p class='ocr_par' dir='ltr' id='par_1_8' title="bbox 994 554 1802 1702">
     <span class='ocr_line' id='line_1_20' title="bbox 1030 554 1802 632; baseline 0.008 -23"><span class='ocrx_word' id='word_1_126' title='bbox 1030 554 1107 623; x_wconf 88' lang='lat' dir='ltr'>Quod</span> <span class='ocrx_word' id='word_1_127' title='bbox 1124 564 1214 614; x_wconf 89' lang='lat' dir='ltr'>autem</span> <span class='ocrx_word' id='word_1_128' title='bbox 1228 574 1327 632; x_wconf 87' lang='lat' dir='ltr'>corpus</span> <span class='ocrx_word' id='word_1_129' title='bbox 1341 559 1445 616; x_wconf 84' lang='lat' dir='ltr'>Christi</span> <span class='ocrx_word' id='word_1_130' title='bbox 1468 558 1608 632; x_wconf 76' lang='lat' dir='ltr'>spirituale</span> <span class='ocrx_word' id='word_1_131' title='bbox 1622 558 1668 627; x_wconf 90' lang='lat' dir='ltr'>sit,</span> <span class='ocrx_word' id='word_1_132' title='bbox 1697 567 1726 616; x_wconf 89' lang='lat' dir='ltr'>et</span> <span class='ocrx_word' id='word_1_133' title='bbox 1752 559 1802 615; x_wconf 89' lang='lat' dir='ltr'>in-</span> 
     </span>
     <span class='ocr_line' id='line_1_21' title="bbox 994 646 1802 719; baseline 0.006 -21"><span class='ocrx_word' id='word_1_134' title='bbox 994 646 1182 716; x_wconf 89' lang='lat' dir='ltr'>corruptibile,</span> <span class='ocrx_word' id='word_1_135' title='bbox 1197 656 1225 704; x_wconf 92' lang='lat' dir='ltr'>et</span> <span class='ocrx_word' id='word_1_136' title='bbox 1239 649 1385 719; x_wconf 84' lang='lat' dir='ltr'>invisibile,</span> <span class='ocrx_word' id='word_1_137' title='bbox 1400 665 1451 706; x_wconf 89' lang='lat' dir='ltr'>nac</span> <span class='ocrx_word' id='word_1_138' title='bbox 1464 653 1556 705; x_wconf 86' lang='lat' dir='ltr'>tamen</span> <span class='ocrx_word' id='word_1_139' title='bbox 1570 648 1802 705; x_wconf 83' lang='lat' dir='ltr'>minussuhstan-</span> 
     </span>
     <span class='ocr_line' id='line_1_22' title="bbox 994 733 1798 796; baseline 0.007 -9"><span class='ocrx_word' id='word_1_140' title='bbox 994 733 1060 789; x_wconf 90' lang='lat' dir='ltr'>tiale</span> <span class='ocrx_word' id='word_1_141' title='bbox 1074 735 1102 790; x_wconf 93' lang='lat' dir='ltr'>in</span> <span class='ocrx_word' id='word_1_142' title='bbox 1116 747 1287 795; x_wconf 89' lang='lat' dir='ltr'>sacramento</span> <span class='ocrx_word' id='word_1_143' title='bbox 1307 747 1440 795; x_wconf 89' lang='lat' dir='ltr'>testantur</span> <span class='ocrx_word' id='word_1_144' title='bbox 1467 738 1552 796; x_wconf 86' lang='lat' dir='ltr'>sancti</span> <span class='ocrx_word' id='word_1_145' title='bbox 1579 755 1641 795; x_wconf 91' lang='lat' dir='ltr'>cum</span> <span class='ocrx_word' id='word_1_146' title='bbox 1664 738 1798 794; x_wconf 81' lang='lat' dir='ltr'>Eusebio.</span> 
     </span>
     <span class='ocr_line' id='line_1_23' title="bbox 995 823 1800 900; baseline 0.007 -22"><span class='ocrx_word' id='word_1_147' title='bbox 995 823 1073 879; x_wconf 85' lang='lat' dir='ltr'>Unde</span> <span class='ocrx_word' id='word_1_148' title='bbox 1087 826 1246 881; x_wconf 77' lang='lat' dir='ltr'>ambrosius</span> <span class='ocrx_word' id='word_1_149' title='bbox 1259 827 1286 882; x_wconf 91' lang='lat' dir='ltr'>ia</span> <span class='ocrx_word' id='word_1_150' title='bbox 1300 827 1373 883; x_wconf 91' lang='lat' dir='ltr'>libro</span> <span class='ocrx_word' id='word_1_151' title='bbox 1383 829 1424 883; x_wconf 89' lang='lat' dir='ltr'>De</span> <span class='ocrx_word' id='word_1_152' title='bbox 1438 828 1616 883; x_wconf 86' lang='lat' dir='ltr'>sacramentis</span> <span class='ocrx_word' id='word_1_153' title='bbox 1629 827 1681 899; x_wconf 88' lang='lat' dir='ltr'>(De</span> <span class='ocrx_word' id='word_1_154' title='bbox 1696 836 1800 900; x_wconf 80' lang='lat' dir='ltr'>myste-</span> 
     </span>
     <span class='ocr_line' id='line_1_24' title="bbox 996 912 1799 986; baseline 0.007 -20"><span class='ocrx_word' id='word_1_155' title='bbox 996 912 1044 967; x_wconf 89' lang='lat' dir='ltr'>riis</span> <span class='ocrx_word' id='word_1_156' title='bbox 1066 913 1213 970; x_wconf 88' lang='lat' dir='ltr'>iaitiaudis.</span> <span class='ocrx_word' id='word_1_157' title='bbox 1229 931 1289 986; x_wconf 86' lang='lat' dir='ltr'>cap.</span> <span class='ocrx_word' id='word_1_158' title='bbox 1306 920 1333 983; x_wconf 85' lang='lat' dir='ltr'>s,</span> <span class='ocrx_word' id='word_1_159' title='bbox 1348 932 1375 971; x_wconf 89' lang='lat' dir='ltr'>n.</span> <span class='ocrx_word' id='word_1_160' title='bbox 1392 919 1436 978; x_wconf 80' lang='lat'>55,</span> <span class='ocrx_word' id='word_1_161' title='bbox 1454 923 1473 971; x_wconf 93' lang='grc' dir='ltr'>ι.</span> <span class='ocrx_word' id='word_1_162' title='bbox 1489 916 1524 982; x_wconf 85' lang='grc' dir='ltr'>ιι,</span> <span class='ocrx_word' id='word_1_163' title='bbox 1539 917 1593 973; x_wconf 86' lang='lat' dir='ltr'>col.</span> <span class='ocrx_word' id='word_1_164' title='bbox 1610 917 1676 986; x_wconf 81' lang='grc'><strong>340)</strong></span> <span class='ocrx_word' id='word_1_165' title='bbox 1692 935 1699 970; x_wconf 93' lang='lat'><strong>:</strong></span> <span class='ocrx_word' id='word_1_166' title='bbox 1718 939 1730 965; x_wconf 82' lang='grc' dir='ltr'>ι</span> <span class='ocrx_word' id='word_1_167' title='bbox 1747 917 1799 972; x_wconf 84' lang='lat' dir='ltr'>llis</span> 
     </span>
     <span class='ocr_line' id='line_1_25' title="bbox 997 1004 1800 1078; baseline 0.006 -22"><span class='ocrx_word' id='word_1_168' title='bbox 997 1004 1171 1059; x_wconf 81' lang='lat' dir='ltr'>sacramentis</span> <span class='ocrx_word' id='word_1_169' title='bbox 1186 1005 1274 1076; x_wconf 88' lang='lat' dir='ltr'>pascit</span> <span class='ocrx_word' id='word_1_170' title='bbox 1297 1005 1416 1061; x_wconf 86' lang='lat' dir='ltr'>Christus</span> <span class='ocrx_word' id='word_1_171' title='bbox 1430 1005 1582 1063; x_wconf 84' lang='lat' dir='ltr'>Ecclesiam</span> <span class='ocrx_word' id='word_1_172' title='bbox 1596 1020 1683 1073; x_wconf 83' lang='lat' dir='ltr'>suam,</span> <span class='ocrx_word' id='word_1_173' title='bbox 1699 1005 1800 1078; x_wconf 82' lang='lat' dir='ltr'>quihus</span> 
     </span>
     <span class='ocr_line' id='line_1_26' title="bbox 997 1091 1799 1165; baseline 0.007 -20"><span class='ocrx_word' id='word_1_174' title='bbox 997 1091 1224 1148; x_wconf 81' lang='lat' dir='ltr'>animaetirmatur</span> <span class='ocrx_word' id='word_1_175' title='bbox 1249 1095 1408 1151; x_wconf 87' lang='lat' dir='ltr'>substantia.</span> <span class='ocrx_word' id='word_1_176' title='bbox 1422 1093 1493 1165; x_wconf 83' lang='lat' dir='ltr'>Quid</span> <span class='ocrx_word' id='word_1_177' title='bbox 1521 1096 1634 1151; x_wconf 81' lang='grc' dir='ltr'>ειειειιε</span> <span class='ocrx_word' id='word_1_178' title='bbox 1663 1101 1691 1151; x_wconf 87' lang='grc' dir='ltr'>ει</span> <span class='ocrx_word' id='word_1_179' title='bbox 1718 1094 1799 1151; x_wconf 80' lang='lat' dir='ltr'>hibr-</span> 
     </span>
     <span class='ocr_line' id='line_1_27' title="bbox 996 1183 1797 1256; baseline 0.002 -20"><span class='ocrx_word' id='word_1_180' title='bbox 996 1196 1071 1246; x_wconf 89' lang='lat' dir='ltr'>mus,</span> <span class='ocrx_word' id='word_1_181' title='bbox 1100 1198 1149 1252; x_wconf 90' lang='lat' dir='ltr'>per</span> <span class='ocrx_word' id='word_1_182' title='bbox 1176 1183 1337 1254; x_wconf 87' lang='lat' dir='ltr'>Prophetam</span> <span class='ocrx_word' id='word_1_183' title='bbox 1372 1184 1487 1255; x_wconf 80' lang='lat' dir='ltr'>Spiritus</span> <span class='ocrx_word' id='word_1_184' title='bbox 1515 1191 1624 1240; x_wconf 89' lang='lat' dir='ltr'>sanctus</span> <span class='ocrx_word' id='word_1_185' title='bbox 1653 1185 1797 1256; x_wconf 84' lang='lat' dir='ltr'>expressit,</span> 
     </span>
     <span class='ocr_line' id='line_1_28' title="bbox 997 1271 1797 1346; baseline 0.006 -22"><span class='ocrx_word' id='word_1_186' title='bbox 997 1271 1092 1325; x_wconf 85' lang='lat' dir='ltr'>dicens</span> <span class='ocrx_word' id='word_1_187' title='bbox 1102 1289 1108 1326; x_wconf 93' lang='lat'>:</span> <span class='ocrx_word' id='word_1_188' title='bbox 1120 1272 1234 1328; x_wconf 83' lang='lat' dir='ltr'>Gustctc</span> <span class='ocrx_word' id='word_1_189' title='bbox 1250 1276 1276 1329; x_wconf 89' lang='lat' dir='ltr'>ct</span> <span class='ocrx_word' id='word_1_190' title='bbox 1285 1273 1376 1330; x_wconf 86' lang='lat' dir='ltr'>videte</span> <span class='ocrx_word' id='word_1_191' title='bbox 1386 1275 1519 1346; x_wconf 81' lang='lat' dir='ltr'>quoniam</span> <span class='ocrx_word' id='word_1_192' title='bbox 1531 1276 1628 1330; x_wconf 74' lang='lat' dir='ltr'>rueris</span> <span class='ocrx_word' id='word_1_193' title='bbox 1642 1279 1684 1331; x_wconf 79' lang='lat' dir='ltr'>est</span> <span class='ocrx_word' id='word_1_194' title='bbox 1698 1276 1797 1330; x_wconf 77' lang='lat' dir='ltr'>namt-</span> 
     </span>
     <span class='ocr_line' id='line_1_29' title="bbox 997 1360 1797 1434; baseline 0.003 -20"><span class='ocrx_word' id='word_1_195' title='bbox 997 1376 1052 1415; x_wconf 83' lang='lat' dir='ltr'>nas</span> <span class='ocrx_word' id='word_1_196' title='bbox 1068 1360 1153 1429; x_wconf 83' lang='lat' dir='ltr'>(Pset.</span> <span class='ocrx_word' id='word_1_197' title='bbox 1168 1377 1269 1429; x_wconf 76' lang='lat' dir='ltr'>xxxiii,</span> <span class='ocrx_word' id='word_1_198' title='bbox 1281 1363 1321 1431; x_wconf 88' lang='lat' dir='ltr'>a).</span> <span class='ocrx_word' id='word_1_199' title='bbox 1335 1362 1365 1417; x_wconf 92' lang='lat' dir='ltr'>ln</span> <span class='ocrx_word' id='word_1_200' title='bbox 1375 1362 1602 1419; x_wconf 84' lang='lat' dir='ltr'>illosacramento</span> <span class='ocrx_word' id='word_1_201' title='bbox 1612 1362 1734 1420; x_wconf 86' lang='lat' dir='ltr'>Christus</span> <span class='ocrx_word' id='word_1_202' title='bbox 1744 1369 1797 1434; x_wconf 90' lang='lat' dir='ltr'>est,</span> 
     </span>
     <span class='ocr_line' id='line_1_30' title="bbox 996 1448 1799 1524; baseline 0.002 -20"><span class='ocrx_word' id='word_1_203' title='bbox 996 1448 1123 1521; x_wconf 84' lang='lat' dir='ltr'>quoniam</span> <span class='ocrx_word' id='word_1_204' title='bbox 1152 1465 1252 1521; x_wconf 90' lang='lat' dir='ltr'>corpus</span> <span class='ocrx_word' id='word_1_205' title='bbox 1275 1459 1317 1506; x_wconf 89' lang='grc' dir='ltr'>εει</span> <span class='ocrx_word' id='word_1_206' title='bbox 1332 1451 1440 1507; x_wconf 84' lang='lat' dir='ltr'>Christi.</span> <span class='ocrx_word' id='word_1_207' title='bbox 1465 1453 1528 1508; x_wconf 91' lang='lat' dir='ltr'>Non</span> <span class='ocrx_word' id='word_1_208' title='bbox 1556 1467 1623 1524; x_wconf 82' lang='lat' dir='ltr'>ergo</span> <span class='ocrx_word' id='word_1_209' title='bbox 1649 1451 1799 1523; x_wconf 88' lang='lat' dir='ltr'>corporalis</span> 
     </span>
     <span class='ocr_line' id='line_1_31' title="bbox 997 1538 1799 1612; baseline 0.007 -20"><span class='ocrx_word' id='word_1_210' title='bbox 997 1553 1070 1607; x_wconf 89' lang='lat' dir='ltr'>esca,</span> <span class='ocrx_word' id='word_1_211' title='bbox 1081 1538 1127 1593; x_wconf 89' lang='lat' dir='ltr'>sed</span> <span class='ocrx_word' id='word_1_212' title='bbox 1136 1539 1285 1610; x_wconf 83' lang='lat' dir='ltr'>spiritualis</span> <span class='ocrx_word' id='word_1_213' title='bbox 1292 1549 1343 1597; x_wconf 89' lang='lat' dir='ltr'>est.</span> <span class='ocrx_word' id='word_1_214' title='bbox 1355 1542 1461 1611; x_wconf 84' lang='lat' dir='ltr'>Corpus</span> <span class='ocrx_word' id='word_1_215' title='bbox 1473 1542 1544 1597; x_wconf 91' lang='lat' dir='ltr'>enim</span> <span class='ocrx_word' id='word_1_216' title='bbox 1556 1544 1612 1612; x_wconf 80' lang='lat'><strong>(38)</strong></span> <span class='ocrx_word' id='word_1_217' title='bbox 1620 1541 1682 1607; x_wconf 85' lang='lat' dir='ltr'>Dei,</span> <span class='ocrx_word' id='word_1_218' title='bbox 1697 1557 1799 1612; x_wconf 89' lang='lat' dir='ltr'>corpus</span> 
     </span>
     <span class='ocr_line' id='line_1_32' title="bbox 998 1628 1799 1702; baseline 0.005 -21"><span class='ocrx_word' id='word_1_219' title='bbox 998 1628 1139 1696; x_wconf 85' lang='lat' dir='ltr'>spirituale</span> <span class='ocrx_word' id='word_1_220' title='bbox 1153 1637 1194 1684; x_wconf 88' lang='lat' dir='ltr'>est</span> <span class='ocrx_word' id='word_1_221' title='bbox 1209 1647 1216 1692; x_wconf 86' lang='lat'>;</span> <span class='ocrx_word' id='word_1_222' title='bbox 1231 1645 1328 1700; x_wconf 91' lang='lat' dir='ltr'>corpus</span> <span class='ocrx_word' id='word_1_223' title='bbox 1342 1630 1452 1698; x_wconf 86' lang='lat' dir='ltr'>Christi,</span> <span class='ocrx_word' id='word_1_224' title='bbox 1469 1646 1568 1702; x_wconf 90' lang='lat' dir='ltr'>corpus</span> <span class='ocrx_word' id='word_1_225' title='bbox 1582 1639 1623 1686; x_wconf 89' lang='lat' dir='ltr'>est</span> <span class='ocrx_word' id='word_1_226' title='bbox 1638 1630 1726 1687; x_wconf 81' lang='lat' dir='ltr'>divini</span> <span class='ocrx_word' id='word_1_227' title='bbox 1739 1631 1799 1702; x_wconf 90' lang='lat' dir='ltr'>Spi-</span> 
     </span>
    </p>
   </div>
   <div class='ocr_carea' id='block_1_7' title="bbox 46 1709 1800 1793">
    <p class='ocr_par' dir='ltr' id='par_1_9' title="bbox 46 1709 1800 1793">
     <span class='ocr_line' id='line_1_33' title="bbox 46 1709 1800 1793; baseline -0.007 -19"><span class='ocrx_word' id='word_1_228' title='bbox 46 1720 49 1725; x_wconf 80' lang='grc'>’</span> <span class='ocrx_word' id='word_1_229' title='bbox 142 1725 285 1774; x_wconf 83' lang='grc' dir='ltr'>εεεειειεε</span> <span class='ocrx_word' id='word_1_230' title='bbox 301 1716 327 1770; x_wconf 86' lang='grc' dir='ltr'>ιε</span> <span class='ocrx_word' id='word_1_231' title='bbox 345 1712 523 1770; x_wconf 87' lang='lat' dir='ltr'>substantiam</span> <span class='ocrx_word' id='word_1_232' title='bbox 551 1711 594 1766; x_wconf 88' lang='lat' dir='ltr'>sui</span> <span class='ocrx_word' id='word_1_233' title='bbox 609 1710 733 1782; x_wconf 91' lang='lat' dir='ltr'>eorporis</span> <span class='ocrx_word' id='word_1_234' title='bbox 748 1709 907 1765; x_wconf 82' lang='lat' dir='ltr'>convertit‘?</span> <span class='ocrx_word' id='word_1_235' title='bbox 923 1710 985 1783; x_wconf 78' lang='grc' dir='ltr'>ΑΒ</span> <span class='ocrx_word' id='word_1_236' title='bbox 1001 1718 1076 1773; x_wconf 69' lang='lat' dir='ltr'>ritus,</span> <span class='ocrx_word' id='word_1_237' title='bbox 1092 1741 1103 1766; x_wconf 62' lang='lat'>1.</span> <span class='ocrx_word' id='word_1_238' title='bbox 1120 1718 1187 1773; x_wconf 64' lang='lat' dir='ltr'>pem</span> <span class='ocrx_word' id='word_1_239' title='bbox 1203 1719 1394 1791; x_wconf 62' lang='lat' dir='ltr'>Augustinusg</span> <span class='ocrx_word' id='word_1_240' title='bbox 1414 1737 1424 1772; x_wconf 59' lang='lat'>1</span> <span class='ocrx_word' id='word_1_241' title='bbox 1441 1720 1501 1776; x_wconf 72' lang='lat'>1100</span> <span class='ocrx_word' id='word_1_242' title='bbox 1524 1726 1567 1775; x_wconf 53' lang='grc' dir='ltr'>ρει</span> <span class='ocrx_word' id='word_1_243' title='bbox 1594 1720 1668 1793; x_wconf 71' lang='lat' dir='ltr'>quod</span> <span class='ocrx_word' id='word_1_244' title='bbox 1681 1718 1800 1776; x_wconf 61' lang='lat' dir='ltr'>dapium,</span> 
     </span>
    </p>
   </div>
   <div class='ocr_carea' id='block_1_8' title="bbox 76 1801 1802 2058">
    <p class='ocr_par' dir='ltr' id='par_1_10' title="bbox 76 1801 1802 2058">
     <span class='ocr_line' id='line_1_34' title="bbox 76 1801 1802 1879; baseline 0.006 -22"><span class='ocrx_word' id='word_1_245' title='bbox 76 1814 79 1819; x_wconf 84' lang='lat'>&#39;</span> <span class='ocrx_word' id='word_1_246' title='bbox 143 1804 426 1879; x_wconf 81' lang='lat' dir='ltr'>quapraesumptione</span> <span class='ocrx_word' id='word_1_247' title='bbox 454 1801 587 1858; x_wconf 83' lang='lat' dir='ltr'>Eusebius</span> <span class='ocrx_word' id='word_1_248' title='bbox 613 1816 727 1872; x_wconf 80' lang='lat' dir='ltr'>prorsus</span> <span class='ocrx_word' id='word_1_249' title='bbox 753 1814 802 1854; x_wconf 81' lang='lat' dir='ltr'>nos</span> <span class='ocrx_word' id='word_1_250' title='bbox 830 1812 945 1867; x_wconf 72' lang='lat' dir='ltr'>compe·</span> <span class='ocrx_word' id='word_1_251' title='bbox 999 1806 1160 1863; x_wconf 83' lang='lat' dir='ltr'>sacrificium</span> <span class='ocrx_word' id='word_1_252' title='bbox 1183 1807 1320 1863; x_wconf 78' lang='lat' dir='ltr'>Ecclesiae</span> <span class='ocrx_word' id='word_1_253' title='bbox 1334 1808 1443 1864; x_wconf 88' lang='lat' dir='ltr'>duobus</span> <span class='ocrx_word' id='word_1_254' title='bbox 1466 1817 1604 1879; x_wconf 78' lang='lat' dir='ltr'>constare,</span> <span class='ocrx_word' id='word_1_255' title='bbox 1629 1810 1733 1865; x_wconf 85' lang='lat' dir='ltr'>visibili</span> <span class='ocrx_word' id='word_1_256' title='bbox 1749 1810 1802 1867; x_wconf 90' lang='grc' dir='ltr'>ειε-</span> 
     </span>
     <span class='ocr_line' id='line_1_35' title="bbox 143 1886 1802 1967; baseline 0.005 -20"><span class='ocrx_word' id='word_1_257' title='bbox 143 1894 308 1965; x_wconf 83' lang='lat' dir='ltr'>scens,ait:</span> <span class='ocrx_word' id='word_1_258' title='bbox 328 1915 338 1940; x_wconf 80' lang='grc' dir='ltr'>ι</span> <span class='ocrx_word' id='word_1_259' title='bbox 356 1894 422 1948; x_wconf 84' lang='lat' dir='ltr'>Cum</span> <span class='ocrx_word' id='word_1_260' title='bbox 447 1890 480 1947; x_wconf 89' lang='lat' dir='ltr'>ad</span> <span class='ocrx_word' id='word_1_261' title='bbox 495 1890 678 1946; x_wconf 84' lang='lat' dir='ltr'>reverendum</span> <span class='ocrx_word' id='word_1_262' title='bbox 707 1889 790 1943; x_wconf 78' lang='lat' dir='ltr'>tlttre</span> <span class='ocrx_word' id='word_1_263' title='bbox 819 1886 886 1942; x_wconf 72' lang='lat' dir='ltr'>cibis</span> <span class='ocrx_word' id='word_1_264' title='bbox 901 1901 945 1940; x_wconf 72' lang='lat' dir='ltr'>st·</span> <span class='ocrx_word' id='word_1_265' title='bbox 1000 1903 1152 1951; x_wconf 88' lang='lat' dir='ltr'>mentomm</span> <span class='ocrx_word' id='word_1_266' title='bbox 1176 1897 1278 1967; x_wconf 89' lang='lat' dir='ltr'>specie,</span> <span class='ocrx_word' id='word_1_267' title='bbox 1302 1904 1328 1951; x_wconf 92' lang='lat' dir='ltr'>et</span> <span class='ocrx_word' id='word_1_268' title='bbox 1350 1896 1481 1952; x_wconf 89' lang='lat' dir='ltr'>invisibili</span> <span class='ocrx_word' id='word_1_269' title='bbox 1506 1897 1613 1953; x_wconf 88' lang='lat' dir='ltr'>Domini</span> <span class='ocrx_word' id='word_1_270' title='bbox 1628 1899 1715 1954; x_wconf 90' lang='lat' dir='ltr'>nostri</span> <span class='ocrx_word' id='word_1_271' title='bbox 1738 1899 1802 1956; x_wconf 77' lang='lat' dir='ltr'>iesu</span> 
     </span>
     <span class='ocr_line' id='line_1_36' title="bbox 146 1974 1802 2058; baseline -0.006 -18"><span class='ocrx_word' id='word_1_272' title='bbox 146 1984 253 2041; x_wconf 77' lang='lat' dir='ltr'>litandus</span> <span class='ocrx_word' id='word_1_273' title='bbox 272 1982 390 2048; x_wconf 70' lang='lat' dir='ltr'>accedis,</span> <span class='ocrx_word' id='word_1_274' title='bbox 407 1996 514 2037; x_wconf 79' lang='lat' dir='ltr'>sactum</span> <span class='ocrx_word' id='word_1_275' title='bbox 530 1980 582 2035; x_wconf 79' lang='lat' dir='ltr'>Dei</span> <span class='ocrx_word' id='word_1_276' title='bbox 596 1979 634 2034; x_wconf 90' lang='lat' dir='ltr'>tui</span> <span class='ocrx_word' id='word_1_277' title='bbox 662 1993 762 2048; x_wconf 83' lang='lat' dir='ltr'>corpus</span> <span class='ocrx_word' id='word_1_278' title='bbox 790 1985 817 2032; x_wconf 77' lang='grc' dir='ltr'>θῑ</span> <span class='ocrx_word' id='word_1_279' title='bbox 839 1974 949 2047; x_wconf 68' lang='lat' dir='ltr'>stingui·</span> <span class='ocrx_word' id='word_1_280' title='bbox 1001 1985 1102 2040; x_wconf 70' lang='lat' dir='ltr'>Chpisti</span> <span class='ocrx_word' id='word_1_281' title='bbox 1118 2000 1199 2041; x_wconf 68' lang='lat' dir='ltr'>came</span> <span class='ocrx_word' id='word_1_282' title='bbox 1214 1985 1395 2058; x_wconf 46' lang='lat' dir='ltr'>mauguin&amp;</span> <span class='ocrx_word' id='word_1_283' title='bbox 1414 2008 1425 2035; x_wconf 74' lang='lat' dir='ltr'>p</span> <span class='ocrx_word' id='word_1_284' title='bbox 1448 1987 1515 2043; x_wconf 69' lang='lat' dir='ltr'>{tem</span> <span class='ocrx_word' id='word_1_285' title='bbox 1529 1986 1624 2043; x_wconf 65' lang='lat' dir='ltr'>idem:</span> <span class='ocrx_word' id='word_1_286' title='bbox 1648 1987 1735 2044; x_wconf 58' lang='lat' dir='ltr'>&#39;Nos</span> <span class='ocrx_word' id='word_1_287' title='bbox 1749 2004 1802 2044; x_wconf 58' lang='lat' dir='ltr'>gu.</span> 
     </span>
    </p>
   </div>
   <div class='ocr_carea' id='block_1_9' title="bbox 143 2066 949 2676">
    <p class='ocr_par' dir='ltr' id='par_1_11' title="bbox 143 2066 949 2676">
     <span class='ocr_line' id='line_1_37' title="bbox 143 2066 946 2142; baseline -0.014 -12"><span class='ocrx_word' id='word_1_288' title='bbox 143 2090 206 2130; x_wconf 90' lang='lat' dir='ltr'>nem</span> <span class='ocrx_word' id='word_1_289' title='bbox 222 2071 275 2128; x_wconf 88' lang='lat' dir='ltr'>fide</span> <span class='ocrx_word' id='word_1_290' title='bbox 289 2071 407 2142; x_wconf 86' lang='lat' dir='ltr'>respice,</span> <span class='ocrx_word' id='word_1_291' title='bbox 422 2077 514 2126; x_wconf 87' lang='lat' dir='ltr'>mente</span> <span class='ocrx_word' id='word_1_292' title='bbox 539 2069 677 2140; x_wconf 76' lang='lat' dir='ltr'>continge,</span> <span class='ocrx_word' id='word_1_293' title='bbox 702 2068 822 2135; x_wconf 91' lang='lat' dir='ltr'>honora,</span> <span class='ocrx_word' id='word_1_294' title='bbox 838 2066 946 2130; x_wconf 87' lang='lat' dir='ltr'>mirare,</span> 
     </span>
     <span class='ocr_line' id='line_1_38' title="bbox 145 2152 948 2229; baseline -0.016 -10"><span class='ocrx_word' id='word_1_295' title='bbox 145 2162 235 2220; x_wconf 89' lang='lat' dir='ltr'>cordis</span> <span class='ocrx_word' id='word_1_296' title='bbox 263 2176 346 2217; x_wconf 90' lang='lat' dir='ltr'>manu</span> <span class='ocrx_word' id='word_1_297' title='bbox 361 2160 482 2229; x_wconf 92' lang='lat' dir='ltr'>suspice,</span> <span class='ocrx_word' id='word_1_298' title='bbox 510 2165 536 2214; x_wconf 90' lang='grc' dir='ltr'>ει</span> <span class='ocrx_word' id='word_1_299' title='bbox 561 2172 678 2211; x_wconf 78' lang='lat' dir='ltr'>maxime</span> <span class='ocrx_word' id='word_1_300' title='bbox 705 2158 801 2210; x_wconf 88' lang='lat' dir='ltr'>haustu</span> <span class='ocrx_word' id='word_1_301' title='bbox 828 2152 948 2208; x_wconf 86' lang='lat' dir='ltr'>interiori</span> 
     </span>
     <span class='ocr_line' id='line_1_39' title="bbox 144 2242 949 2320; baseline -0.015 -12"><span class='ocrx_word' id='word_1_302' title='bbox 144 2266 261 2308; x_wconf 88' lang='lat' dir='ltr'>assume.</span> <span class='ocrx_word' id='word_1_303' title='bbox 280 2272 292 2299; x_wconf 71' lang='grc' dir='ltr'>ι</span> <span class='ocrx_word' id='word_1_304' title='bbox 309 2250 343 2305; x_wconf 87' lang='lat' dir='ltr'>Et</span> <span class='ocrx_word' id='word_1_305' title='bbox 365 2253 428 2320; x_wconf 86' lang='lat' dir='ltr'>post</span> <span class='ocrx_word' id='word_1_306' title='bbox 456 2261 566 2317; x_wconf 87' lang='lat' dir='ltr'>pauca:</span> <span class='ocrx_word' id='word_1_307' title='bbox 595 2246 666 2300; x_wconf 73' lang='lat' dir='ltr'>abd</span> <span class='ocrx_word' id='word_1_308' title='bbox 689 2242 892 2315; x_wconf 80' lang='lat' dir='ltr'>agnoscendum</span> <span class='ocrx_word' id='word_1_309' title='bbox 922 2248 949 2297; x_wconf 90' lang='lat' dir='ltr'>et</span> 
     </span>
     <span class='ocr_line' id='line_1_40' title="bbox 146 2331 948 2412; baseline -0.012 -17"><span class='ocrx_word' id='word_1_310' title='bbox 146 2338 352 2412; x_wconf 90' lang='lat' dir='ltr'>percipiendum</span> <span class='ocrx_word' id='word_1_311' title='bbox 376 2335 539 2392; x_wconf 83' lang='lat' dir='ltr'>sacrificium</span> <span class='ocrx_word' id='word_1_312' title='bbox 568 2333 624 2388; x_wconf 92' lang='lat' dir='ltr'>veri</span> <span class='ocrx_word' id='word_1_313' title='bbox 647 2333 776 2403; x_wconf 91' lang='lat' dir='ltr'>corporis,</span> <span class='ocrx_word' id='word_1_314' title='bbox 795 2331 852 2403; x_wconf 90' lang='lat' dir='ltr'>ipsa</span> <span class='ocrx_word' id='word_1_315' title='bbox 866 2339 891 2386; x_wconf 92' lang='grc' dir='ltr'>ιε</span> <span class='ocrx_word' id='word_1_316' title='bbox 906 2345 948 2385; x_wconf 93' lang='lat' dir='ltr'>ro-</span> 
     </span>
     <span class='ocr_line' id='line_1_41' title="bbox 145 2418 947 2498; baseline -0.011 -15"><span class='ocrx_word' id='word_1_317' title='bbox 145 2426 359 2498; x_wconf 84' lang='lat' dir='ltr'>boretpoteatia</span> <span class='ocrx_word' id='word_1_318' title='bbox 375 2423 571 2481; x_wconf 87' lang='lat' dir='ltr'>consec-rantis.</span> <span class='ocrx_word' id='word_1_319' title='bbox 588 2422 643 2491; x_wconf 88' lang='lat' dir='ltr'>Qui</span> <span class='ocrx_word' id='word_1_320' title='bbox 670 2430 735 2478; x_wconf 90' lang='lat' dir='ltr'>tuac</span> <span class='ocrx_word' id='word_1_321' title='bbox 756 2421 833 2476; x_wconf 88' lang='lat' dir='ltr'>latuit</span> <span class='ocrx_word' id='word_1_322' title='bbox 860 2418 947 2492; x_wconf 80' lang='lat' dir='ltr'>praeh-</span> 
     </span>
     <span class='ocr_line' id='line_1_42' title="bbox 145 2509 946 2588; baseline -0.01 -17"><span class='ocrx_word' id='word_1_323' title='bbox 145 2528 256 2588; x_wconf 73' lang='lat' dir='ltr'>paratus</span> <span class='ocrx_word' id='word_1_324' title='bbox 271 2515 298 2569; x_wconf 88' lang='lat' dir='ltr'>iu</span> <span class='ocrx_word' id='word_1_325' title='bbox 311 2529 422 2581; x_wconf 88' lang='lat' dir='ltr'>manna,</span> <span class='ocrx_word' id='word_1_326' title='bbox 439 2521 481 2568; x_wconf 89' lang='lat' dir='ltr'>est</span> <span class='ocrx_word' id='word_1_327' title='bbox 504 2511 554 2567; x_wconf 88' lang='lat' dir='ltr'>tibi</span> <span class='ocrx_word' id='word_1_328' title='bbox 580 2511 768 2566; x_wconf 76' lang='lat' dir='ltr'>manifestatus</span> <span class='ocrx_word' id='word_1_329' title='bbox 797 2510 824 2565; x_wconf 92' lang='lat' dir='ltr'>in</span> <span class='ocrx_word' id='word_1_330' title='bbox 844 2509 946 2582; x_wconf 86' lang='lat' dir='ltr'>gratia.</span> 
     </span>
     <span class='ocr_line' id='line_1_43' title="bbox 146 2598 947 2676; baseline -0.011 -15"><span class='ocrx_word' id='word_1_331' title='bbox 146 2606 339 2676; x_wconf 88' lang='lat' dir='ltr'>ipsumautem</span> <span class='ocrx_word' id='word_1_332' title='bbox 353 2605 380 2658; x_wconf 91' lang='lat' dir='ltr'>in</span> <span class='ocrx_word' id='word_1_333' title='bbox 396 2617 502 2657; x_wconf 87' lang='lat' dir='ltr'>mannae</span> <span class='ocrx_word' id='word_1_334' title='bbox 531 2600 603 2657; x_wconf 91' lang='lat' dir='ltr'>illius</span> <span class='ocrx_word' id='word_1_335' title='bbox 632 2601 724 2672; x_wconf 88' lang='lat' dir='ltr'>specie</span> <span class='ocrx_word' id='word_1_336' title='bbox 751 2598 947 2671; x_wconf 72' lang='lat' dir='ltr'>presignatum</span> 
     </span>
    </p>
   </div>
   <div class='ocr_carea' id='block_1_10' title="bbox 1001 2074 1803 2683">
    <p class='ocr_par' dir='ltr' id='par_1_12' title="bbox 1001 2074 1803 2683">
     <span class='ocr_line' id='line_1_44' title="bbox 1002 2074 1802 2149; baseline 0.006 -20"><span class='ocrx_word' id='word_1_337' title='bbox 1002 2083 1056 2129; x_wconf 88' lang='lat' dir='ltr'>tem</span> <span class='ocrx_word' id='word_1_338' title='bbox 1071 2074 1099 2128; x_wconf 92' lang='lat' dir='ltr'>in</span> <span class='ocrx_word' id='word_1_339' title='bbox 1114 2075 1204 2145; x_wconf 89' lang='lat' dir='ltr'>specie</span> <span class='ocrx_word' id='word_1_340' title='bbox 1219 2075 1299 2148; x_wconf 88' lang='lat' dir='ltr'>panis</span> <span class='ocrx_word' id='word_1_341' title='bbox 1311 2082 1338 2130; x_wconf 91' lang='lat' dir='ltr'>et</span> <span class='ocrx_word' id='word_1_342' title='bbox 1358 2075 1413 2129; x_wconf 91' lang='lat' dir='ltr'>vini</span> <span class='ocrx_word' id='word_1_343' title='bbox 1428 2092 1508 2149; x_wconf 85' lang='lat' dir='ltr'>quam</span> <span class='ocrx_word' id='word_1_344' title='bbox 1528 2076 1654 2132; x_wconf 81' lang='lat' dir='ltr'>videmus</span> <span class='ocrx_word' id='word_1_345' title='bbox 1666 2093 1711 2133; x_wconf 88' lang='lat' dir='ltr'>res</span> <span class='ocrx_word' id='word_1_346' title='bbox 1735 2077 1802 2135; x_wconf 83' lang='lat' dir='ltr'>iavi-</span> 
     </span>
     <span class='ocr_line' id='line_1_45' title="bbox 1001 2163 1802 2238; baseline 0.004 -18"><span class='ocrx_word' id='word_1_347' title='bbox 1001 2164 1105 2233; x_wconf 90' lang='lat' dir='ltr'>sibiles,</span> <span class='ocrx_word' id='word_1_348' title='bbox 1121 2163 1147 2218; x_wconf 94' lang='lat' dir='ltr'>id</span> <span class='ocrx_word' id='word_1_349' title='bbox 1163 2171 1204 2219; x_wconf 86' lang='lat' dir='ltr'>est</span> <span class='ocrx_word' id='word_1_350' title='bbox 1230 2180 1336 2219; x_wconf 86' lang='lat' dir='ltr'>caruem</span> <span class='ocrx_word' id='word_1_351' title='bbox 1362 2163 1461 2221; x_wconf 83' lang='lat' dir='ltr'>Christi</span> <span class='ocrx_word' id='word_1_352' title='bbox 1490 2174 1517 2221; x_wconf 91' lang='lat' dir='ltr'>et</span> <span class='ocrx_word' id='word_1_353' title='bbox 1543 2166 1704 2238; x_wconf 84' lang='lat' dir='ltr'>sanguinem</span> <span class='ocrx_word' id='word_1_354' title='bbox 1719 2167 1802 2224; x_wconf 90' lang='lat' dir='ltr'>hono·</span> 
     </span>
     <span class='ocr_line' id='line_1_46' title="bbox 1002 2253 1800 2327; baseline 0.001 -17"><span class='ocrx_word' id='word_1_355' title='bbox 1002 2270 1103 2310; x_wconf 88' lang='lat' dir='ltr'>ramus.</span> <span class='ocrx_word' id='word_1_356' title='bbox 1118 2253 1173 2310; x_wconf 84' lang='lat' dir='ltr'>Sud</span> <span class='ocrx_word' id='word_1_357' title='bbox 1189 2253 1277 2308; x_wconf 88' lang='lat' dir='ltr'>iaista</span> <span class='ocrx_word' id='word_1_358' title='bbox 1291 2269 1372 2309; x_wconf 90' lang='lat' dir='ltr'>carne</span> <span class='ocrx_word' id='word_1_359' title='bbox 1390 2262 1417 2309; x_wconf 91' lang='lat' dir='ltr'>et</span> <span class='ocrx_word' id='word_1_360' title='bbox 1431 2254 1567 2327; x_wconf 77' lang='lat' dir='ltr'>sangnine</span> <span class='ocrx_word' id='word_1_361' title='bbox 1595 2255 1633 2310; x_wconf 91' lang='lat' dir='ltr'>nil</span> <span class='ocrx_word' id='word_1_362' title='bbox 1646 2264 1800 2322; x_wconf 89' lang='lat' dir='ltr'>cruentum,</span> 
     </span>
     <span class='ocr_line' id='line_1_47' title="bbox 1002 2343 1802 2414; baseline -0.001 -14"><span class='ocrx_word' id='word_1_363' title='bbox 1002 2345 1041 2400; x_wconf 91' lang='lat' dir='ltr'>nil</span> <span class='ocrx_word' id='word_1_364' title='bbox 1056 2343 1235 2413; x_wconf 90' lang='lat' dir='ltr'>corruptibile</span> <span class='ocrx_word' id='word_1_365' title='bbox 1246 2357 1323 2398; x_wconf 84' lang='lat' dir='ltr'>mens</span> <span class='ocrx_word' id='word_1_366' title='bbox 1336 2344 1458 2398; x_wconf 90' lang='lat' dir='ltr'>humana</span> <span class='ocrx_word' id='word_1_367' title='bbox 1478 2344 1622 2414; x_wconf 89' lang='lat' dir='ltr'>concipiat,</span> <span class='ocrx_word' id='word_1_368' title='bbox 1638 2343 1688 2399; x_wconf 90' lang='lat' dir='ltr'>sed</span> <span class='ocrx_word' id='word_1_369' title='bbox 1717 2343 1802 2400; x_wconf 82' lang='lat' dir='ltr'>riviri-</span> 
     </span>
     <span class='ocr_line' id='line_1_48' title="bbox 1003 2431 1803 2506; baseline -0.003 -16"><span class='ocrx_word' id='word_1_370' title='bbox 1003 2433 1129 2490; x_wconf 90' lang='lat' dir='ltr'>catriccm</span> <span class='ocrx_word' id='word_1_371' title='bbox 1150 2431 1328 2486; x_wconf 87' lang='lat' dir='ltr'>substantiam</span> <span class='ocrx_word' id='word_1_372' title='bbox 1353 2441 1433 2504; x_wconf 88' lang='lat' dir='ltr'>atquc</span> <span class='ocrx_word' id='word_1_373' title='bbox 1460 2432 1632 2488; x_wconf 88' lang='lat' dir='ltr'>salvatricem</span> <span class='ocrx_word' id='word_1_374' title='bbox 1661 2439 1688 2488; x_wconf 90' lang='lat' dir='ltr'>at</span> <span class='ocrx_word' id='word_1_375' title='bbox 1715 2434 1803 2506; x_wconf 89' lang='lat' dir='ltr'>ipsius</span> 
     </span>
     <span class='ocr_line' id='line_1_49' title="bbox 1002 2520 1803 2594; baseline -0.001 -16"><span class='ocrx_word' id='word_1_376' title='bbox 1002 2522 1085 2579; x_wconf 85' lang='lat' dir='ltr'>Verbi</span> <span class='ocrx_word' id='word_1_377' title='bbox 1099 2521 1240 2593; x_wconf 90' lang='lat' dir='ltr'>propriam</span> <span class='ocrx_word' id='word_1_378' title='bbox 1257 2520 1365 2586; x_wconf 87' lang='lat' dir='ltr'>iactam,</span> <span class='ocrx_word' id='word_1_379' title='bbox 1381 2521 1407 2575; x_wconf 91' lang='lat' dir='ltr'>in</span> <span class='ocrx_word' id='word_1_380' title='bbox 1423 2536 1493 2591; x_wconf 87' lang='lat' dir='ltr'>pana</span> <span class='ocrx_word' id='word_1_381' title='bbox 1505 2525 1533 2576; x_wconf 86' lang='lat' dir='ltr'>et</span> <span class='ocrx_word' id='word_1_382' title='bbox 1552 2521 1625 2589; x_wconf 89' lang='lat' dir='ltr'>vino,</span> <span class='ocrx_word' id='word_1_383' title='bbox 1640 2537 1691 2593; x_wconf 90' lang='lat' dir='ltr'>per</span> <span class='ocrx_word' id='word_1_384' title='bbox 1704 2538 1768 2594; x_wconf 79' lang='lat' dir='ltr'>quar</span> <span class='ocrx_word' id='word_1_385' title='bbox 1780 2524 1803 2577; x_wconf 90' lang='lat' dir='ltr'>si</span> 
     </span>
     <span class='ocr_line' id='line_1_50' title="bbox 1003 2610 1803 2683; baseline 0.003 -17"><span class='ocrx_word' id='word_1_386' title='bbox 1003 2611 1086 2683; x_wconf 82' lang='lat' dir='ltr'>digua</span> <span class='ocrx_word' id='word_1_387' title='bbox 1114 2618 1265 2676; x_wconf 84' lang='lat' dir='ltr'>seruantur,</span> <span class='ocrx_word' id='word_1_388' title='bbox 1289 2610 1368 2665; x_wconf 90' lang='lat' dir='ltr'>nohis</span> <span class='ocrx_word' id='word_1_389' title='bbox 1402 2620 1443 2665; x_wconf 87' lang='lat' dir='ltr'>est</span> <span class='ocrx_word' id='word_1_390' title='bbox 1474 2619 1647 2682; x_wconf 86' lang='lat' dir='ltr'>pcccatorum</span> <span class='ocrx_word' id='word_1_391' title='bbox 1676 2610 1803 2668; x_wconf 85' lang='lat' dir='ltr'>remissio</span> 
     </span>
    </p>
   </div>
   <div class='ocr_carea' id='block_1_11' title="bbox 145 2689 950 3017">
    <p class='ocr_par' dir='ltr' id='par_1_13' title="bbox 145 2689 950 3017">
     <span class='ocr_line' id='line_1_51' title="bbox 148 2689 947 2764; baseline -0.011 -15"><span class='ocrx_word' id='word_1_392' title='bbox 148 2694 229 2750; x_wconf 92' lang='lat' dir='ltr'>etiam</span> <span class='ocrx_word' id='word_1_393' title='bbox 245 2693 378 2764; x_wconf 84' lang='lat' dir='ltr'>Propheta</span> <span class='ocrx_word' id='word_1_394' title='bbox 390 2691 519 2761; x_wconf 84' lang='lat' dir='ltr'>ostendit,</span> <span class='ocrx_word' id='word_1_395' title='bbox 534 2689 643 2746; x_wconf 81' lang='lat' dir='ltr'>dicens:</span> <span class='ocrx_word' id='word_1_396' title='bbox 663 2692 767 2744; x_wconf 81' lang='lat' dir='ltr'>Panem</span> <span class='ocrx_word' id='word_1_397' title='bbox 781 2689 947 2759; x_wconf 76' lang='lat' dir='ltr'>acceleratae</span> 
     </span>
     <span class='ocr_line' id='line_1_52' title="bbox 145 2778 950 2851; baseline -0.01 -12"><span class='ocrx_word' id='word_1_398' title='bbox 145 2783 332 2839; x_wconf 80' lang='lat' dir='ltr'>manducavit</span> <span class='ocrx_word' id='word_1_399' title='bbox 349 2779 428 2837; x_wconf 83' lang='lat' dir='ltr'>home</span> <span class='ocrx_word' id='word_1_400' title='bbox 457 2780 548 2851; x_wconf 82' lang='grc' dir='ltr'>(Ρεει.</span> <span class='ocrx_word' id='word_1_401' title='bbox 562 2794 663 2845; x_wconf 79' lang='lat' dir='ltr'>annun,</span> <span class='ocrx_word' id='word_1_402' title='bbox 679 2780 735 2847; x_wconf 71' lang='lat'><strong>25).</strong></span> <span class='ocrx_word' id='word_1_403' title='bbox 765 2779 800 2833; x_wconf 86' lang='lat' dir='ltr'>Et</span> <span class='ocrx_word' id='word_1_404' title='bbox 824 2778 884 2847; x_wconf 86' lang='lat' dir='ltr'>quis</span> <span class='ocrx_word' id='word_1_405' title='bbox 907 2784 950 2832; x_wconf 89' lang='lat' dir='ltr'>est</span> 
     </span>
     <span class='ocr_line' id='line_1_53' title="bbox 146 2866 949 2943; baseline -0.006 -17"><span class='ocrx_word' id='word_1_406' title='bbox 146 2870 410 2943; x_wconf 74' lang='lat' dir='ltr'>panisangelorum,</span> <span class='ocrx_word' id='word_1_407' title='bbox 429 2869 482 2923; x_wconf 91' lang='lat' dir='ltr'>nisi</span> <span class='ocrx_word' id='word_1_408' title='bbox 511 2868 635 2923; x_wconf 81' lang='lat' dir='ltr'>Christus</span> <span class='ocrx_word' id='word_1_409' title='bbox 662 2869 709 2940; x_wconf 90' lang='lat' dir='ltr'>qui</span> <span class='ocrx_word' id='word_1_410' title='bbox 738 2866 863 2923; x_wconf 88' lang='lat' dir='ltr'>eoscibo</span> <span class='ocrx_word' id='word_1_411' title='bbox 892 2881 949 2921; x_wconf 84' lang='lat' dir='ltr'>suae</span> 
     </span>
     <span class='ocr_line' id='line_1_54' title="bbox 147 2956 839 3017; baseline -0.013 0"><span class='ocrx_word' id='word_1_412' title='bbox 147 2959 286 3017; x_wconf 86' lang='lat' dir='ltr'>charitatis</span> <span class='ocrx_word' id='word_1_413' title='bbox 300 2962 329 3014; x_wconf 91' lang='grc' dir='ltr'>ει</span> <span class='ocrx_word' id='word_1_414' title='bbox 341 2959 444 3014; x_wconf 86' lang='grc' dir='ltr'>ιιιιιιιεε</span> <span class='ocrx_word' id='word_1_415' title='bbox 457 2973 513 3014; x_wconf 84' lang='lat' dir='ltr'>suae</span> <span class='ocrx_word' id='word_1_416' title='bbox 528 2957 655 3014; x_wconf 85' lang='lat' dir='ltr'>claritatis</span> <span class='ocrx_word' id='word_1_417' title='bbox 670 2956 810 3013; x_wconf 77' lang='lat' dir='ltr'>exsatiati</span> <span class='ocrx_word' id='word_1_418' title='bbox 828 2976 839 3008; x_wconf 83' lang='grc' dir='ltr'>ι</span> 
     </span>
    </p>
   </div>
   <div class='ocr_carea' id='block_1_12' title="bbox 80 2698 1805 5457">
    <p class='ocr_par' dir='ltr' id='par_1_14' title="bbox 206 2698 1804 3396">
     <span class='ocr_line' id='line_1_55' title="bbox 1003 2698 1804 2772; baseline 0 -16"><span class='ocrx_word' id='word_1_419' title='bbox 1003 2699 1100 2757; x_wconf 84' lang='grc' dir='ltr'>εειιειε</span> <span class='ocrx_word' id='word_1_420' title='bbox 1115 2700 1181 2771; x_wconf 83' lang='lat' dir='ltr'>(st).</span> <span class='ocrx_word' id='word_1_421' title='bbox 1196 2722 1206 2748; x_wconf 80' lang='grc' dir='ltr'>ι</span> <span class='ocrx_word' id='word_1_422' title='bbox 1221 2700 1286 2754; x_wconf 87' lang='grc' dir='ltr'>ιιειιι</span> <span class='ocrx_word' id='word_1_423' title='bbox 1302 2699 1470 2772; x_wconf 78' lang='lat' dir='ltr'>Augustinus</span> <span class='ocrx_word' id='word_1_424' title='bbox 1484 2698 1518 2754; x_wconf 90' lang='lat' dir='ltr'>ad</span> <span class='ocrx_word' id='word_1_425' title='bbox 1537 2700 1669 2756; x_wconf 83' lang='lat' dir='ltr'>lrenaeum</span> <span class='ocrx_word' id='word_1_426' title='bbox 1687 2715 1695 2755; x_wconf 80' lang='lat' dir='ltr'>t</span> <span class='ocrx_word' id='word_1_427' title='bbox 1714 2724 1726 2748; x_wconf 73' lang='grc' dir='ltr'><strong><em>κ</em></strong></span> <span class='ocrx_word' id='word_1_428' title='bbox 1742 2701 1804 2756; x_wconf 90' lang='lat' dir='ltr'>Non</span> 
     </span>
     <span class='ocr_line' id='line_1_56' title="bbox 1002 2788 1804 2861; baseline -0.002 -15"><span class='ocrx_word' id='word_1_429' title='bbox 1002 2789 1057 2846; x_wconf 91' lang='lat' dir='ltr'>hoc</span> <span class='ocrx_word' id='word_1_430' title='bbox 1071 2805 1170 2861; x_wconf 87' lang='lat' dir='ltr'>eorpus</span> <span class='ocrx_word' id='word_1_431' title='bbox 1186 2789 1258 2861; x_wconf 89' lang='lat' dir='ltr'>quod</span> <span class='ocrx_word' id='word_1_432' title='bbox 1275 2789 1372 2844; x_wconf 86' lang='lat' dir='ltr'>videtis</span> <span class='ocrx_word' id='word_1_433' title='bbox 1396 2788 1583 2844; x_wconf 81' lang='lat' dir='ltr'>nranducaturi</span> <span class='ocrx_word' id='word_1_434' title='bbox 1607 2789 1681 2844; x_wconf 89' lang='lat' dir='ltr'>estis.</span> <span class='ocrx_word' id='word_1_435' title='bbox 1710 2791 1804 2861; x_wconf 89' lang='lat' dir='ltr'>ipsum</span> 
     </span>
     <span class='ocr_line' id='line_1_57' title="bbox 1004 2876 1804 2950; baseline 0 -16"><span class='ocrx_word' id='word_1_436' title='bbox 1004 2878 1113 2949; x_wconf 89' lang='lat' dir='ltr'>quidem</span> <span class='ocrx_word' id='word_1_437' title='bbox 1129 2878 1336 2950; x_wconf 88' lang='lat' dir='ltr'>otnouipsum.</span> <span class='ocrx_word' id='word_1_438' title='bbox 1362 2879 1456 2949; x_wconf 91' lang='lat' dir='ltr'>ipsum</span> <span class='ocrx_word' id='word_1_439' title='bbox 1483 2876 1663 2944; x_wconf 78' lang='lat' dir='ltr'>invisibiliter,</span> <span class='ocrx_word' id='word_1_440' title='bbox 1693 2886 1721 2934; x_wconf 89' lang='lat' dir='ltr'>et</span> <span class='ocrx_word' id='word_1_441' title='bbox 1750 2893 1804 2934; x_wconf 91' lang='lat' dir='ltr'>nou</span> 
     </span>
     <span class='ocr_line' id='line_1_58' title="bbox 1003 2964 1803 3039; baseline -0.003 -16"><span class='ocrx_word' id='word_1_442' title='bbox 1003 2969 1093 3039; x_wconf 91' lang='lat' dir='ltr'>ipsum</span> <span class='ocrx_word' id='word_1_443' title='bbox 1109 2967 1259 3025; x_wconf 89' lang='lat' dir='ltr'>visibiliter.</span> <span class='ocrx_word' id='word_1_444' title='bbox 1278 2990 1289 3015; x_wconf 79' lang='lat' dir='ltr'>n</span> <span class='ocrx_word' id='word_1_445' title='bbox 1304 2965 1381 3023; x_wconf 90' lang='lat' dir='ltr'>Unde</span> <span class='ocrx_word' id='word_1_446' title='bbox 1397 2974 1424 3021; x_wconf 91' lang='grc' dir='ltr'>ει</span> <span class='ocrx_word' id='word_1_447' title='bbox 1448 2964 1571 3020; x_wconf 90' lang='lat' dir='ltr'>subditur</span> <span class='ocrx_word' id='word_1_448' title='bbox 1587 2983 1593 3020; x_wconf 93' lang='lat'><strong>:</strong></span> <span class='ocrx_word' id='word_1_449' title='bbox 1614 2989 1625 3016; x_wconf 78' lang='lat' dir='ltr'>a</span> <span class='ocrx_word' id='word_1_450' title='bbox 1645 2965 1674 3022; x_wconf 87' lang='lat' dir='ltr'>Si</span> <span class='ocrx_word' id='word_1_451' title='bbox 1688 2982 1803 3023; x_wconf 88' lang='lat' dir='ltr'>necessa</span> 
     </span>
     <span class='ocr_line' id='line_1_59' title="bbox 463 3053 1804 3166; baseline -0.004 -50"><span class='ocrx_word' id='word_1_452' title='bbox 463 3109 573 3166; x_wconf 60' lang='lat' dir='ltr'>CAPUT</span> <span class='ocrx_word' id='word_1_453' title='bbox 587 3109 625 3163; x_wconf 59' lang='grc' dir='ltr'>ῃ</span> <span class='ocrx_word' id='word_1_454' title='bbox 963 3078 989 3142; x_wconf 75' lang='lat' dir='ltr'>C</span> <span class='ocrx_word' id='word_1_455' title='bbox 1004 3066 1048 3114; x_wconf 90' lang='lat' dir='ltr'>est</span> <span class='ocrx_word' id='word_1_456' title='bbox 1066 3058 1208 3113; x_wconf 87' lang='lat' dir='ltr'>visibiliter</span> <span class='ocrx_word' id='word_1_457' title='bbox 1222 3056 1287 3112; x_wconf 91' lang='lat' dir='ltr'>illud</span> <span class='ocrx_word' id='word_1_458' title='bbox 1297 3055 1439 3123; x_wconf 88' lang='lat' dir='ltr'>celebrari,</span> <span class='ocrx_word' id='word_1_459' title='bbox 1452 3070 1567 3112; x_wconf 89' lang='lat' dir='ltr'>necesse</span> <span class='ocrx_word' id='word_1_460' title='bbox 1581 3068 1623 3111; x_wconf 89' lang='lat' dir='ltr'>est</span> <span class='ocrx_word' id='word_1_461' title='bbox 1632 3053 1804 3112; x_wconf 88' lang='lat' dir='ltr'>invisibiliter</span> 
     </span>
     <span class='ocr_line' id='line_1_60' title="bbox 588 3144 1159 3204; baseline -0.018 1"><span class='ocrx_word' id='word_1_462' title='bbox 588 3144 598 3163; x_wconf 80' lang='lat'><strong>⁴</strong></span> <span class='ocrx_word' id='word_1_463' title='bbox 630 3150 636 3163; x_wconf 87' lang='grc'>’</span> <span class='ocrx_word' id='word_1_464' title='bbox 1004 3147 1087 3204; x_wconf 89' lang='lat' dir='ltr'>intelli</span> <span class='ocrx_word' id='word_1_465' title='bbox 1110 3146 1128 3203; x_wconf 88' lang='lat' dir='ltr'>i.</span> <span class='ocrx_word' id='word_1_466' title='bbox 1147 3171 1159 3195; x_wconf 71' lang='grc' dir='ltr'>ι</span> 
     </span>
     <span class='ocr_line' id='line_1_61' title="bbox 206 3165 1804 3310; baseline -0.006 -24"><span class='ocrx_word' id='word_1_467' title='bbox 206 3226 282 3297; x_wconf 62' lang='lat' dir='ltr'>Quod</span> <span class='ocrx_word' id='word_1_468' title='bbox 296 3227 327 3284; x_wconf 66' lang='lat' dir='ltr'>iil</span> <span class='ocrx_word' id='word_1_469' title='bbox 335 3229 514 3283; x_wconf 62' lang='lat' dir='ltr'>mmmmm</span> <span class='ocrx_word' id='word_1_470' title='bbox 525 3225 627 3281; x_wconf 72' lang='lat' dir='ltr'>visibili</span> <span class='ocrx_word' id='word_1_471' title='bbox 639 3226 678 3280; x_wconf 65' lang='lat' dir='ltr'>Sil</span> <span class='ocrx_word' id='word_1_472' title='bbox 688 3224 838 3292; x_wconf 69' lang='lat' dir='ltr'>spirituale</span> <span class='ocrx_word' id='word_1_473' title='bbox 855 3227 885 3280; x_wconf 63' lang='grc' dir='ltr'><em>θῖ</em></span> <span class='ocrx_word' id='word_1_474' title='bbox 1040 3165 1109 3307; x_wconf 60' lang='lat' dir='ltr'>Qui}</span> <span class='ocrx_word' id='word_1_475' title='bbox 1122 3252 1188 3310; x_wconf 65' lang='lat' dir='ltr'>ergo</span> <span class='ocrx_word' id='word_1_476' title='bbox 1203 3251 1303 3309; x_wconf 71' lang='lat' dir='ltr'>corpus</span> <span class='ocrx_word' id='word_1_477' title='bbox 1331 3236 1439 3292; x_wconf 74' lang='lat' dir='ltr'>Domini</span> <span class='ocrx_word' id='word_1_478' title='bbox 1454 3236 1603 3308; x_wconf 59' lang='lat' dir='ltr'>spirituale,</span> <span class='ocrx_word' id='word_1_479' title='bbox 1618 3251 1673 3292; x_wconf 73' lang='lat' dir='ltr'>110ss</span> <span class='ocrx_word' id='word_1_480' title='bbox 1688 3242 1730 3293; x_wconf 68' lang='lat' dir='ltr'>est</span> <span class='ocrx_word' id='word_1_481' title='bbox 1744 3251 1804 3293; x_wconf 65' lang='lat'><strong>00?-</strong></span> 
     </span>
     <span class='ocr_line' id='line_1_62' title="bbox 353 3313 1804 3396; baseline -0.006 -7"><span class='ocrx_word' id='word_1_482' title='bbox 353 3316 497 3372; x_wconf 62' lang='lat' dir='ltr'>intiiiiiit</span> <span class='ocrx_word' id='word_1_483' title='bbox 515 3330 616 3388; x_wconf 71' lang='lat' dir='ltr'>0⁰⁷P²⁸⁸</span> <span class='ocrx_word' id='word_1_484' title='bbox 633 3313 749 3371; x_wconf 60' lang='lat' dir='ltr'>Cititil&#39;·</span> <span class='ocrx_word' id='word_1_485' title='bbox 1003 3326 1105 3396; x_wconf 89' lang='lat' dir='ltr'>paratis</span> <span class='ocrx_word' id='word_1_486' title='bbox 1120 3341 1190 3393; x_wconf 90' lang='lat' dir='ltr'>esea,</span> <span class='ocrx_word' id='word_1_487' title='bbox 1207 3324 1255 3381; x_wconf 91' lang='lat' dir='ltr'>sed</span> <span class='ocrx_word' id='word_1_488' title='bbox 1270 3326 1429 3395; x_wconf 90' lang='lat' dir='ltr'>spiritualis,</span> <span class='ocrx_word' id='word_1_489' title='bbox 1452 3333 1478 3383; x_wconf 91' lang='lat' dir='ltr'>et</span> <span class='ocrx_word' id='word_1_490' title='bbox 1493 3342 1605 3383; x_wconf 88' lang='lat' dir='ltr'>necesse</span> <span class='ocrx_word' id='word_1_491' title='bbox 1619 3333 1661 3382; x_wconf 88' lang='lat' dir='ltr'>est</span> <span class='ocrx_word' id='word_1_492' title='bbox 1675 3325 1804 3381; x_wconf 82' lang='lat' dir='ltr'>invisibi-</span> 
     </span>
    </p>

    <p class='ocr_par' dir='ltr' id='par_1_15' title="bbox 80 3414 1805 5457">
     <span class='ocr_line' id='line_1_63' title="bbox 184 3414 1801 3494; baseline -0.009 -10"><span class='ocrx_word' id='word_1_493' title='bbox 184 3425 239 3485; x_wconf 87' lang='lat' dir='ltr'>Sed</span> <span class='ocrx_word' id='word_1_494' title='bbox 254 3440 317 3482; x_wconf 86' lang='lat' dir='ltr'>ecca</span> <span class='ocrx_word' id='word_1_495' title='bbox 336 3440 372 3480; x_wconf 88' lang='lat' dir='ltr'>ex</span> <span class='ocrx_word' id='word_1_496' title='bbox 385 3423 477 3480; x_wconf 86' lang='lat' dir='ltr'>verbis</span> <span class='ocrx_word' id='word_1_497' title='bbox 500 3421 621 3488; x_wconf 88' lang='lat' dir='ltr'>Eusebii,</span> <span class='ocrx_word' id='word_1_498' title='bbox 636 3423 735 3494; x_wconf 89' lang='lat' dir='ltr'>quibus</span> <span class='ocrx_word' id='word_1_499' title='bbox 764 3419 949 3476; x_wconf 89' lang='lat' dir='ltr'>astmitinvi-</span> <span class='ocrx_word' id='word_1_500' title='bbox 1004 3414 1067 3470; x_wconf 88' lang='lat' dir='ltr'>liter</span> <span class='ocrx_word' id='word_1_501' title='bbox 1081 3414 1145 3469; x_wconf 92' lang='lat' dir='ltr'>illud</span> <span class='ocrx_word' id='word_1_502' title='bbox 1160 3414 1284 3487; x_wconf 82' lang='lat' dir='ltr'>intelligi,</span> <span class='ocrx_word' id='word_1_503' title='bbox 1299 3416 1361 3470; x_wconf 89' lang='lat' dir='ltr'>ideo</span> <span class='ocrx_word' id='word_1_504' title='bbox 1375 3415 1546 3488; x_wconf 78' lang='lat' dir='ltr'>Augustinus</span> <span class='ocrx_word' id='word_1_505' title='bbox 1561 3416 1589 3470; x_wconf 91' lang='lat' dir='ltr'>in</span> <span class='ocrx_word' id='word_1_506' title='bbox 1616 3415 1687 3471; x_wconf 93' lang='lat' dir='ltr'>libro</span> <span class='ocrx_word' id='word_1_507' title='bbox 1715 3415 1801 3470; x_wconf 90' lang='lat' dir='ltr'>nrDe</span> 
     </span>
     <span class='ocr_line' id='line_1_64' title="bbox 148 3503 1801 3579; baseline -0.008 -7"><span class='ocrx_word' id='word_1_508' title='bbox 148 3516 256 3572; x_wconf 88' lang='lat' dir='ltr'>sibilem</span> <span class='ocrx_word' id='word_1_509' title='bbox 274 3514 455 3579; x_wconf 87' lang='lat' dir='ltr'>sacerdotem,</span> <span class='ocrx_word' id='word_1_510' title='bbox 470 3512 519 3566; x_wconf 84' lang='lat' dir='ltr'>visi</span> <span class='ocrx_word' id='word_1_511' title='bbox 527 3512 597 3566; x_wconf 90' lang='lat' dir='ltr'>biles</span> <span class='ocrx_word' id='word_1_512' title='bbox 619 3520 754 3566; x_wconf 86' lang='lat' dir='ltr'>creaturas</span> <span class='ocrx_word' id='word_1_513' title='bbox 781 3510 809 3565; x_wconf 92' lang='lat' dir='ltr'>in</span> <span class='ocrx_word' id='word_1_514' title='bbox 824 3510 950 3565; x_wconf 87' lang='lat' dir='ltr'>substan·</span> <span class='ocrx_word' id='word_1_515' title='bbox 1004 3504 1127 3559; x_wconf 86' lang='lat' dir='ltr'>doctrina</span> <span class='ocrx_word' id='word_1_516' title='bbox 1150 3503 1300 3559; x_wconf 87' lang='lat' dir='ltr'>Christiana</span> <span class='ocrx_word' id='word_1_517' title='bbox 1328 3506 1399 3577; x_wconf 89' lang='lat' dir='ltr'>(cap.</span> <span class='ocrx_word' id='word_1_518' title='bbox 1416 3507 1461 3574; x_wconf 79' lang='lat' dir='ltr'>lo,</span> <span class='ocrx_word' id='word_1_519' title='bbox 1476 3521 1503 3560; x_wconf 91' lang='lat' dir='ltr'>n.</span> <span class='ocrx_word' id='word_1_520' title='bbox 1521 3506 1566 3572; x_wconf 75' lang='grc' dir='ltr'>ιι,</span> <span class='ocrx_word' id='word_1_521' title='bbox 1583 3512 1603 3561; x_wconf 93' lang='lat' dir='ltr'>t.</span> <span class='ocrx_word' id='word_1_522' title='bbox 1620 3505 1668 3570; x_wconf 84' lang='grc' dir='ltr'>ιιι,</span> <span class='ocrx_word' id='word_1_523' title='bbox 1685 3504 1739 3561; x_wconf 89' lang='grc' dir='ltr'>εει.</span> <span class='ocrx_word' id='word_1_524' title='bbox 1756 3504 1801 3572; x_wconf 72' lang='lat'>52)</span> 
     </span>
     <span class='ocr_line' id='line_1_65' title="bbox 147 3592 1805 3674; baseline -0.007 -14"><span class='ocrx_word' id='word_1_525' title='bbox 147 3606 213 3662; x_wconf 89' lang='lat' dir='ltr'>tiam</span> <span class='ocrx_word' id='word_1_526' title='bbox 229 3604 270 3659; x_wconf 88' lang='lat' dir='ltr'>sui</span> <span class='ocrx_word' id='word_1_527' title='bbox 283 3602 406 3674; x_wconf 90' lang='lat' dir='ltr'>corporis</span> <span class='ocrx_word' id='word_1_528' title='bbox 421 3609 592 3669; x_wconf 87' lang='lat' dir='ltr'>convertere,</span> <span class='ocrx_word' id='word_1_529' title='bbox 622 3616 727 3672; x_wconf 90' lang='lat' dir='ltr'>uosque</span> <span class='ocrx_word' id='word_1_530' title='bbox 754 3606 844 3655; x_wconf 89' lang='lat' dir='ltr'>monet</span> <span class='ocrx_word' id='word_1_531' title='bbox 859 3599 949 3669; x_wconf 89' lang='lat' dir='ltr'>ipsum</span> <span class='ocrx_word' id='word_1_532' title='bbox 1003 3595 1043 3649; x_wconf 91' lang='lat' dir='ltr'>ait</span> <span class='ocrx_word' id='word_1_533' title='bbox 1059 3611 1065 3648; x_wconf 94' lang='lat'>:</span> <span class='ocrx_word' id='word_1_534' title='bbox 1084 3617 1095 3641; x_wconf 72' lang='grc' dir='ltr'><strong><em>υ</em></strong></span> <span class='ocrx_word' id='word_1_535' title='bbox 1112 3593 1262 3660; x_wconf 86' lang='lat' dir='ltr'>Locutio,si</span> <span class='ocrx_word' id='word_1_536' title='bbox 1278 3593 1411 3665; x_wconf 81' lang='lat' dir='ltr'>flagitium</span> <span class='ocrx_word' id='word_1_537' title='bbox 1424 3602 1471 3649; x_wconf 89' lang='lat' dir='ltr'>aut</span> <span class='ocrx_word' id='word_1_538' title='bbox 1486 3593 1598 3650; x_wconf 83' lang='lat' dir='ltr'>lacinus</span> <span class='ocrx_word' id='word_1_539' title='bbox 1613 3592 1805 3665; x_wconf 82' lang='lat' dir='ltr'>videturJ&#39;nhe·</span> 
     </span>
     <span class='ocr_line' id='line_1_66' title="bbox 147 3680 1805 3762; baseline -0.006 -14"><span class='ocrx_word' id='word_1_540' title='bbox 147 3694 198 3748; x_wconf 92' lang='lat' dir='ltr'>Dei</span> <span class='ocrx_word' id='word_1_541' title='bbox 213 3708 313 3762; x_wconf 91' lang='lat' dir='ltr'>corpus</span> <span class='ocrx_word' id='word_1_542' title='bbox 324 3699 352 3746; x_wconf 89' lang='lat' dir='ltr'>et</span> <span class='ocrx_word' id='word_1_543' title='bbox 367 3689 542 3759; x_wconf 77' lang='lat' dir='ltr'>sanguinem,</span> <span class='ocrx_word' id='word_1_544' title='bbox 554 3687 617 3754; x_wconf 87' lang='lat' dir='ltr'>hde,</span> <span class='ocrx_word' id='word_1_545' title='bbox 630 3697 730 3754; x_wconf 90' lang='lat' dir='ltr'>mente,</span> <span class='ocrx_word' id='word_1_546' title='bbox 749 3688 841 3743; x_wconf 90' lang='lat' dir='ltr'>cordis</span> <span class='ocrx_word' id='word_1_547' title='bbox 857 3703 948 3755; x_wconf 89' lang='lat' dir='ltr'>manu,</span> <span class='ocrx_word' id='word_1_548' title='bbox 1003 3699 1042 3749; x_wconf 90' lang='lat' dir='ltr'>rc,</span> <span class='ocrx_word' id='word_1_549' title='bbox 1059 3690 1105 3737; x_wconf 87' lang='lat' dir='ltr'>aut</span> <span class='ocrx_word' id='word_1_550' title='bbox 1119 3682 1259 3737; x_wconf 78' lang='lat' dir='ltr'>utilitatem</span> <span class='ocrx_word' id='word_1_551' title='bbox 1276 3691 1301 3737; x_wconf 92' lang='grc' dir='ltr'>ει</span> <span class='ocrx_word' id='word_1_552' title='bbox 1326 3681 1532 3738; x_wconf 82' lang='grc' dir='ltr'>ιειιειιεεειιειιι</span> <span class='ocrx_word' id='word_1_553' title='bbox 1557 3689 1660 3747; x_wconf 85' lang='lat' dir='ltr'>vetare,</span> <span class='ocrx_word' id='word_1_554' title='bbox 1690 3680 1805 3755; x_wconf 76' lang='lat' dir='ltr'>figurata</span> 
     </span>
     <span class='ocr_line' id='line_1_67' title="bbox 148 3771 1804 3847; baseline -0.007 -9"><span class='ocrx_word' id='word_1_555' title='bbox 148 3781 271 3838; x_wconf 85' lang='lat' dir='ltr'>interiori</span> <span class='ocrx_word' id='word_1_556' title='bbox 288 3782 393 3847; x_wconf 89' lang='lat' dir='ltr'>haustu,</span> <span class='ocrx_word' id='word_1_557' title='bbox 407 3778 583 3846; x_wconf 86' lang='lat' dir='ltr'>spiritualiter</span> <span class='ocrx_word' id='word_1_558' title='bbox 612 3794 730 3833; x_wconf 83' lang='lat' dir='ltr'>sumere.</span> <span class='ocrx_word' id='word_1_559' title='bbox 751 3776 863 3831; x_wconf 74' lang='lat' dir='ltr'>Videtur</span> <span class='ocrx_word' id='word_1_560' title='bbox 878 3792 949 3847; x_wconf 88' lang='lat' dir='ltr'>quae·</span> <span class='ocrx_word' id='word_1_561' title='bbox 1004 3778 1054 3828; x_wconf 79' lang='lat' dir='ltr'>cst.</span> <span class='ocrx_word' id='word_1_562' title='bbox 1070 3772 1130 3827; x_wconf 82' lang='lat' dir='ltr'>Nisi</span> <span class='ocrx_word' id='word_1_563' title='bbox 1144 3772 1396 3839; x_wconf 82' lang='lat' dir='ltr'>manducaveritis,</span> <span class='ocrx_word' id='word_1_564' title='bbox 1421 3771 1518 3842; x_wconf 83' lang='lat' dir='ltr'>inquit.</span> <span class='ocrx_word' id='word_1_565' title='bbox 1534 3788 1651 3829; x_wconf 86' lang='lat' dir='ltr'>caraem</span> <span class='ocrx_word' id='word_1_566' title='bbox 1668 3771 1736 3826; x_wconf 79' lang='lat' dir='ltr'>Filii</span> <span class='ocrx_word' id='word_1_567' title='bbox 1753 3771 1804 3827; x_wconf 86' lang='lat' dir='ltr'>ho-</span> 
     </span>
     <span class='ocr_line' id='line_1_68' title="bbox 152 3861 1804 3937; baseline -0.005 -12"><span class='ocrx_word' id='word_1_568' title='bbox 152 3869 279 3933; x_wconf 87' lang='lat' dir='ltr'>randum,</span> <span class='ocrx_word' id='word_1_569' title='bbox 296 3867 319 3921; x_wconf 91' lang='lat' dir='ltr'>si</span> <span class='ocrx_word' id='word_1_570' title='bbox 334 3868 462 3921; x_wconf 86' lang='lat' dir='ltr'>sacerdos</span> <span class='ocrx_word' id='word_1_571' title='bbox 488 3874 530 3922; x_wconf 90' lang='lat' dir='ltr'>est</span> <span class='ocrx_word' id='word_1_572' title='bbox 556 3865 708 3933; x_wconf 89' lang='lat' dir='ltr'>invisibilis,</span> <span class='ocrx_word' id='word_1_573' title='bbox 738 3865 874 3937; x_wconf 85' lang='lat' dir='ltr'>quomodo</span> <span class='ocrx_word' id='word_1_574' title='bbox 900 3880 950 3920; x_wconf 88' lang='lat' dir='ltr'>sua</span> <span class='ocrx_word' id='word_1_575' title='bbox 1002 3861 1101 3929; x_wconf 81' lang='lat' dir='ltr'>minis,</span> <span class='ocrx_word' id='word_1_576' title='bbox 1117 3864 1145 3917; x_wconf 84' lang='lat' dir='ltr'>et</span> <span class='ocrx_word' id='word_1_577' title='bbox 1166 3861 1291 3917; x_wconf 82' lang='lat' dir='ltr'>biberitis</span> <span class='ocrx_word' id='word_1_578' title='bbox 1314 3861 1375 3931; x_wconf 78' lang='lat' dir='ltr'>ejas</span> <span class='ocrx_word' id='word_1_579' title='bbox 1394 3863 1572 3933; x_wconf 73' lang='lat' dir='ltr'>seapuivrem,</span> <span class='ocrx_word' id='word_1_580' title='bbox 1587 3878 1646 3917; x_wconf 85' lang='lat' dir='ltr'>aon</span> <span class='ocrx_word' id='word_1_581' title='bbox 1668 3861 1804 3917; x_wconf 85' lang='lat' dir='ltr'>babebitis</span> 
     </span>
     <span class='ocr_line' id='line_1_69' title="bbox 150 3948 1802 4026; baseline -0.006 -12"><span class='ocrx_word' id='word_1_582' title='bbox 150 3957 301 4014; x_wconf 88' lang='lat' dir='ltr'>substantia</span> <span class='ocrx_word' id='word_1_583' title='bbox 316 3962 390 4021; x_wconf 86' lang='lat' dir='ltr'>suat,</span> <span class='ocrx_word' id='word_1_584' title='bbox 407 3970 468 4010; x_wconf 89' lang='lat' dir='ltr'>cum</span> <span class='ocrx_word' id='word_1_585' title='bbox 484 3955 539 4009; x_wconf 91' lang='lat' dir='ltr'>siat</span> <span class='ocrx_word' id='word_1_586' title='bbox 553 3954 673 4011; x_wconf 87' lang='lat' dir='ltr'>visibilia</span> <span class='ocrx_word' id='word_1_587' title='bbox 702 3971 801 4026; x_wconf 89' lang='lat' dir='ltr'>corpus</span> <span class='ocrx_word' id='word_1_588' title='bbox 829 3962 856 4010; x_wconf 92' lang='lat' dir='ltr'>et</span> <span class='ocrx_word' id='word_1_589' title='bbox 884 3971 949 4009; x_wconf 91' lang='lat' dir='ltr'>san·</span> <span class='ocrx_word' id='word_1_590' title='bbox 1004 3952 1093 4006; x_wconf 88' lang='lat' dir='ltr'>vitam</span> <span class='ocrx_word' id='word_1_591' title='bbox 1108 3952 1139 4005; x_wconf 86' lang='lat' dir='ltr'>tn</span> <span class='ocrx_word' id='word_1_592' title='bbox 1151 3952 1235 4015; x_wconf 85' lang='lat' dir='ltr'>vebis,</span> <span class='ocrx_word' id='word_1_593' title='bbox 1250 3949 1353 4005; x_wconf 83' lang='lat' dir='ltr'>facinus</span> <span class='ocrx_word' id='word_1_594' title='bbox 1374 3950 1416 4005; x_wconf 86' lang='lat' dir='ltr'>vel</span> <span class='ocrx_word' id='word_1_595' title='bbox 1430 3949 1563 4021; x_wconf 77' lang='lat' dir='ltr'>flagitium</span> <span class='ocrx_word' id='word_1_596' title='bbox 1579 3950 1687 4005; x_wconf 90' lang='lat' dir='ltr'>videtur</span> <span class='ocrx_word' id='word_1_597' title='bbox 1697 3948 1802 4018; x_wconf 88' lang='lat' dir='ltr'>jubere.</span> 
     </span>
     <span class='ocr_line' id='line_1_70' title="bbox 80 4038 1804 4119; baseline -0.005 -19"><span class='ocrx_word' id='word_1_598' title='bbox 80 4097 82 4100; x_wconf 86' lang='grc'><em>,</em></span> <span class='ocrx_word' id='word_1_599' title='bbox 150 4046 236 4119; x_wconf 78' lang='lat' dir='ltr'>guis‘?</span> <span class='ocrx_word' id='word_1_600' title='bbox 252 4045 309 4100; x_wconf 90' lang='lat' dir='ltr'>Sed</span> <span class='ocrx_word' id='word_1_601' title='bbox 324 4043 466 4100; x_wconf 89' lang='lat' dir='ltr'>sciendum</span> <span class='ocrx_word' id='word_1_602' title='bbox 484 4043 547 4114; x_wconf 82' lang='lat' dir='ltr'>quia</span> <span class='ocrx_word' id='word_1_603' title='bbox 563 4052 625 4114; x_wconf 91' lang='lat' dir='ltr'>post</span> <span class='ocrx_word' id='word_1_604' title='bbox 640 4044 867 4099; x_wconf 88' lang='lat' dir='ltr'>resurrectionem</span> <span class='ocrx_word' id='word_1_605' title='bbox 883 4060 950 4099; x_wconf 90' lang='lat' dir='ltr'>cor·</span> <span class='ocrx_word' id='word_1_606' title='bbox 1004 4041 1104 4112; x_wconf 77' lang='lat' dir='ltr'>Figura</span> <span class='ocrx_word' id='word_1_607' title='bbox 1114 4054 1181 4112; x_wconf 77' lang='lat' dir='ltr'>ergo</span> <span class='ocrx_word' id='word_1_608' title='bbox 1192 4048 1231 4095; x_wconf 89' lang='lat' dir='ltr'>est</span> <span class='ocrx_word' id='word_1_609' title='bbox 1242 4038 1401 4111; x_wconf 74' lang='lat' dir='ltr'>praecipiens</span> <span class='ocrx_word' id='word_1_610' title='bbox 1412 4039 1530 4110; x_wconf 88' lang='lat' dir='ltr'>passioni</span> <span class='ocrx_word' id='word_1_611' title='bbox 1543 4038 1649 4094; x_wconf 86' lang='lat' dir='ltr'>Domini</span> <span class='ocrx_word' id='word_1_612' title='bbox 1660 4054 1721 4095; x_wconf 89' lang='lat' dir='ltr'>essa</span> <span class='ocrx_word' id='word_1_613' title='bbox 1733 4053 1804 4094; x_wconf 81' lang='lat' dir='ltr'>com·</span> 
     </span>
     <span class='ocr_line' id='line_1_71' title="bbox 149 4126 1801 4208; baseline -0.005 -18"><span class='ocrx_word' id='word_1_614' title='bbox 149 4151 202 4208; x_wconf 88' lang='lat' dir='ltr'>pus</span> <span class='ocrx_word' id='word_1_615' title='bbox 223 4133 334 4198; x_wconf 89' lang='lat' dir='ltr'>Christi,</span> <span class='ocrx_word' id='word_1_616' title='bbox 365 4131 436 4186; x_wconf 91' lang='lat' dir='ltr'>sicut</span> <span class='ocrx_word' id='word_1_617' title='bbox 460 4131 675 4202; x_wconf 86' lang='lat' dir='ltr'>incorruptibile,</span> <span class='ocrx_word' id='word_1_618' title='bbox 702 4131 739 4187; x_wconf 85' lang='lat' dir='ltr'>ita</span> <span class='ocrx_word' id='word_1_619' title='bbox 764 4140 790 4187; x_wconf 90' lang='grc' dir='ltr'>ει</span> <span class='ocrx_word' id='word_1_620' title='bbox 816 4132 951 4188; x_wconf 87' lang='lat' dir='ltr'>invisibile</span> <span class='ocrx_word' id='word_1_621' title='bbox 1004 4129 1211 4196; x_wconf 88' lang='lat' dir='ltr'>muaicandum,</span> <span class='ocrx_word' id='word_1_622' title='bbox 1228 4138 1254 4183; x_wconf 94' lang='lat' dir='ltr'>et</span> <span class='ocrx_word' id='word_1_623' title='bbox 1268 4129 1367 4184; x_wconf 90' lang='lat' dir='ltr'>utiliter</span> <span class='ocrx_word' id='word_1_624' title='bbox 1381 4127 1581 4185; x_wconf 90' lang='lat' dir='ltr'>recondendum</span> <span class='ocrx_word' id='word_1_625' title='bbox 1611 4126 1639 4181; x_wconf 93' lang='lat' dir='ltr'>iu</span> <span class='ocrx_word' id='word_1_626' title='bbox 1659 4126 1801 4194; x_wconf 83' lang='lat' dir='ltr'>memoria,</span> 
     </span>
     <span class='ocr_line' id='line_1_72' title="bbox 149 4215 1801 4294; baseline -0.006 -15"><span class='ocrx_word' id='word_1_627' title='bbox 149 4223 199 4279; x_wconf 86' lang='lat' dir='ltr'>fuit</span> <span class='ocrx_word' id='word_1_628' title='bbox 215 4237 222 4291; x_wconf 89' lang='lat'>;</span> <span class='ocrx_word' id='word_1_629' title='bbox 239 4221 313 4294; x_wconf 90' lang='lat' dir='ltr'>quia,</span> <span class='ocrx_word' id='word_1_630' title='bbox 330 4228 359 4275; x_wconf 92' lang='lat' dir='ltr'>ut</span> <span class='ocrx_word' id='word_1_631' title='bbox 374 4220 413 4274; x_wconf 91' lang='lat' dir='ltr'>ait</span> <span class='ocrx_word' id='word_1_632' title='bbox 434 4221 591 4291; x_wconf 81' lang='lat' dir='ltr'>Apostolus,</span> <span class='ocrx_word' id='word_1_633' title='bbox 607 4236 660 4276; x_wconf 92' lang='lat' dir='ltr'>non</span> <span class='ocrx_word' id='word_1_634' title='bbox 676 4221 803 4287; x_wconf 88' lang='lat' dir='ltr'>animale,</span> <span class='ocrx_word' id='word_1_635' title='bbox 829 4220 877 4276; x_wconf 87' lang='lat' dir='ltr'>sed</span> <span class='ocrx_word' id='word_1_636' title='bbox 893 4221 951 4292; x_wconf 91' lang='lat' dir='ltr'>spi·</span> <span class='ocrx_word' id='word_1_637' title='bbox 1005 4219 1077 4287; x_wconf 91' lang='lat' dir='ltr'>quod</span> <span class='ocrx_word' id='word_1_638' title='bbox 1092 4233 1156 4273; x_wconf 93' lang='lat' dir='ltr'>caro</span> <span class='ocrx_word' id='word_1_639' title='bbox 1176 4217 1238 4287; x_wconf 81' lang='lat' dir='ltr'>ejus</span> <span class='ocrx_word' id='word_1_640' title='bbox 1253 4234 1301 4288; x_wconf 92' lang='lat' dir='ltr'>pro</span> <span class='ocrx_word' id='word_1_641' title='bbox 1316 4218 1394 4273; x_wconf 91' lang='lat' dir='ltr'>nobis</span> <span class='ocrx_word' id='word_1_642' title='bbox 1410 4216 1538 4274; x_wconf 83' lang='lat' dir='ltr'>crucifixa</span> <span class='ocrx_word' id='word_1_643' title='bbox 1560 4222 1587 4272; x_wconf 91' lang='lat' dir='ltr'>et</span> <span class='ocrx_word' id='word_1_644' title='bbox 1601 4215 1742 4271; x_wconf 86' lang='lat' dir='ltr'>vulnerata</span> <span class='ocrx_word' id='word_1_645' title='bbox 1758 4215 1801 4270; x_wconf 90' lang='lat' dir='ltr'>sit.</span> 
     </span>
     <span class='ocr_line' id='line_1_73' title="bbox 149 4305 1803 4382; baseline -0.005 -14"><span class='ocrx_word' id='word_1_646' title='bbox 149 4311 246 4368; x_wconf 89' lang='lat' dir='ltr'>rituale</span> <span class='ocrx_word' id='word_1_647' title='bbox 261 4310 379 4366; x_wconf 87' lang='lat' dir='ltr'>surrexit</span> <span class='ocrx_word' id='word_1_648' title='bbox 401 4310 426 4377; x_wconf 90' lang='grc' dir='ltr'>(ι</span> <span class='ocrx_word' id='word_1_649' title='bbox 441 4311 502 4366; x_wconf 86' lang='lat' dir='ltr'>Cor.</span> <span class='ocrx_word' id='word_1_650' title='bbox 518 4327 564 4376; x_wconf 85' lang='lat' dir='ltr'>xv,</span> <span class='ocrx_word' id='word_1_651' title='bbox 580 4310 644 4382; x_wconf 75' lang='lat' dir='ltr'>ii);</span> <span class='ocrx_word' id='word_1_652' title='bbox 668 4319 695 4366; x_wconf 93' lang='lat' dir='ltr'>et</span> <span class='ocrx_word' id='word_1_653' title='bbox 710 4311 788 4381; x_wconf 88' lang='lat' dir='ltr'>quala</span> <span class='ocrx_word' id='word_1_654' title='bbox 803 4311 901 4381; x_wconf 91' lang='lat' dir='ltr'>prodiit</span> <span class='ocrx_word' id='word_1_655' title='bbox 916 4312 951 4367; x_wconf 91' lang='lat' dir='ltr'>do</span> <span class='ocrx_word' id='word_1_656' title='bbox 1005 4305 1083 4377; x_wconf 88' lang='lat' dir='ltr'>Quod</span> <span class='ocrx_word' id='word_1_657' title='bbox 1098 4315 1124 4362; x_wconf 89' lang='grc' dir='ltr'>ει</span> <span class='ocrx_word' id='word_1_658' title='bbox 1139 4306 1198 4377; x_wconf 88' lang='lat' dir='ltr'>ipse</span> <span class='ocrx_word' id='word_1_659' title='bbox 1213 4306 1344 4361; x_wconf 88' lang='lat' dir='ltr'>Dominus</span> <span class='ocrx_word' id='word_1_660' title='bbox 1354 4307 1491 4377; x_wconf 80' lang='lat' dir='ltr'>praecipit:</span> <span class='ocrx_word' id='word_1_661' title='bbox 1509 4307 1567 4363; x_wconf 89' lang='lat' dir='ltr'>Hoc</span> <span class='ocrx_word' id='word_1_662' title='bbox 1577 4306 1803 4377; x_wconf 77' lang='lat' dir='ltr'>sucitciamecm</span> 
     </span>
     <span class='ocr_line' id='line_1_74' title="bbox 148 4395 1804 4473; baseline -0.006 -15"><span class='ocrx_word' id='word_1_663' title='bbox 148 4401 282 4473; x_wconf 85' lang='lat' dir='ltr'>sepulcro,</span> <span class='ocrx_word' id='word_1_664' title='bbox 298 4400 351 4456; x_wconf 90' lang='lat' dir='ltr'>tale</span> <span class='ocrx_word' id='word_1_665' title='bbox 366 4405 407 4454; x_wconf 91' lang='lat' dir='ltr'>est</span> <span class='ocrx_word' id='word_1_666' title='bbox 420 4399 449 4452; x_wconf 89' lang='lat' dir='ltr'>iu</span> <span class='ocrx_word' id='word_1_667' title='bbox 467 4401 545 4469; x_wconf 90' lang='lat' dir='ltr'>panis</span> <span class='ocrx_word' id='word_1_668' title='bbox 561 4400 652 4455; x_wconf 86' lang='lat' dir='ltr'>etvini</span> <span class='ocrx_word' id='word_1_669' title='bbox 668 4404 850 4456; x_wconf 87' lang='lat' dir='ltr'>sacramento.</span> <span class='ocrx_word' id='word_1_670' title='bbox 869 4398 948 4469; x_wconf 89' lang='lat' dir='ltr'>Quod</span> <span class='ocrx_word' id='word_1_671' title='bbox 1004 4396 1297 4453; x_wconf 82' lang='lat' dir='ltr'>aetumemoratioacm</span> <span class='ocrx_word' id='word_1_672' title='bbox 1308 4397 1383 4464; x_wconf 80' lang='lat' dir='ltr'>(hcc.</span> <span class='ocrx_word' id='word_1_673' title='bbox 1400 4410 1468 4461; x_wconf 83' lang='lat' dir='ltr'>xxvi,</span> <span class='ocrx_word' id='word_1_674' title='bbox 1490 4396 1546 4461; x_wconf 77' lang='lat' dir='ltr'>ist.</span> <span class='ocrx_word' id='word_1_675' title='bbox 1564 4396 1654 4450; x_wconf 75' lang='lat' dir='ltr'>»item</span> <span class='ocrx_word' id='word_1_676' title='bbox 1671 4395 1804 4465; x_wconf 81' lang='lat' dir='ltr'>llieronp·</span> 
     </span>
     <span class='ocr_line' id='line_1_75' title="bbox 147 4482 1805 4561; baseline -0.005 -14"><span class='ocrx_word' id='word_1_677' title='bbox 147 4488 331 4561; x_wconf 80' lang='lat' dir='ltr'>animlegitur</span> <span class='ocrx_word' id='word_1_678' title='bbox 356 4496 417 4559; x_wconf 90' lang='lat' dir='ltr'>post</span> <span class='ocrx_word' id='word_1_679' title='bbox 445 4489 671 4544; x_wconf 89' lang='lat' dir='ltr'>resurrectionem</span> <span class='ocrx_word' id='word_1_680' title='bbox 699 4488 838 4561; x_wconf 90' lang='lat' dir='ltr'>discipulis</span> <span class='ocrx_word' id='word_1_681' title='bbox 858 4498 948 4545; x_wconf 89' lang='lat' dir='ltr'>osten·</span> <span class='ocrx_word' id='word_1_682' title='bbox 1002 4487 1099 4541; x_wconf 84' lang='lat' dir='ltr'>masin</span> <span class='ocrx_word' id='word_1_683' title='bbox 1116 4485 1226 4542; x_wconf 87' lang='lat' dir='ltr'>bomilia</span> <span class='ocrx_word' id='word_1_684' title='bbox 1241 4501 1323 4556; x_wconf 90' lang='lat' dir='ltr'>super</span> <span class='ocrx_word' id='word_1_685' title='bbox 1336 4484 1598 4540; x_wconf 73' lang='lat' dir='ltr'>LeviticumteNou</span> <span class='ocrx_word' id='word_1_686' title='bbox 1614 4484 1741 4539; x_wconf 88' lang='lat' dir='ltr'>salumin</span> <span class='ocrx_word' id='word_1_687' title='bbox 1754 4482 1805 4539; x_wconf 79' lang='lat' dir='ltr'>l&#39;e·</span> 
     </span>
     <span class='ocr_line' id='line_1_76' title="bbox 147 4573 1802 4652; baseline -0.006 -16"><span class='ocrx_word' id='word_1_688' title='bbox 147 4579 222 4636; x_wconf 85' lang='lat' dir='ltr'>disse</span> <span class='ocrx_word' id='word_1_689' title='bbox 237 4594 336 4633; x_wconf 88' lang='lat' dir='ltr'>manus</span> <span class='ocrx_word' id='word_1_690' title='bbox 351 4586 375 4631; x_wconf 90' lang='lat' dir='ltr'>et</span> <span class='ocrx_word' id='word_1_691' title='bbox 390 4576 461 4631; x_wconf 89' lang='lat' dir='ltr'>latus</span> <span class='ocrx_word' id='word_1_692' title='bbox 486 4579 575 4647; x_wconf 80' lang='lat' dir='ltr'>(loun.</span> <span class='ocrx_word' id='word_1_693' title='bbox 588 4596 637 4645; x_wconf 81' lang='lat' dir='ltr'>xx,</span> <span class='ocrx_word' id='word_1_694' title='bbox 653 4579 709 4649; x_wconf 70' lang='grc' dir='ltr'>ιιι),</span> <span class='ocrx_word' id='word_1_695' title='bbox 725 4579 820 4635; x_wconf 89' lang='lat' dir='ltr'>heatus</span> <span class='ocrx_word' id='word_1_696' title='bbox 839 4577 949 4652; x_wconf 76' lang='lat' dir='ltr'>Grepo·</span> <span class='ocrx_word' id='word_1_697' title='bbox 1003 4576 1052 4633; x_wconf 91' lang='lat' dir='ltr'>teri</span> <span class='ocrx_word' id='word_1_698' title='bbox 1067 4576 1240 4632; x_wconf 85' lang='lat' dir='ltr'>Testamenta</span> <span class='ocrx_word' id='word_1_699' title='bbox 1255 4575 1342 4630; x_wconf 88' lang='lat' dir='ltr'>littera</span> <span class='ocrx_word' id='word_1_700' title='bbox 1360 4574 1489 4630; x_wconf 90' lang='lat' dir='ltr'>occidens</span> <span class='ocrx_word' id='word_1_701' title='bbox 1511 4573 1722 4644; x_wconf 86' lang='lat' dir='ltr'>deprehenditur</span> <span class='ocrx_word' id='word_1_702' title='bbox 1737 4588 1744 4641; x_wconf 86' lang='lat'><strong>;</strong></span> <span class='ocrx_word' id='word_1_703' title='bbox 1762 4578 1802 4628; x_wconf 87' lang='lat' dir='ltr'>est</span> 
     </span>
     <span class='ocr_line' id='line_1_77' title="bbox 148 4662 1803 4744; baseline -0.006 -19"><span class='ocrx_word' id='word_1_704' title='bbox 148 4669 205 4725; x_wconf 91' lang='lat' dir='ltr'>rius</span> <span class='ocrx_word' id='word_1_705' title='bbox 220 4668 257 4722; x_wconf 88' lang='lat' dir='ltr'>ita</span> <span class='ocrx_word' id='word_1_706' title='bbox 272 4665 413 4739; x_wconf 81' lang='lat' dir='ltr'>distinguit</span> <span class='ocrx_word' id='word_1_707' title='bbox 435 4666 464 4719; x_wconf 90' lang='lat' dir='ltr'>iu</span> <span class='ocrx_word' id='word_1_708' title='bbox 492 4666 603 4722; x_wconf 89' lang='lat' dir='ltr'>homilia</span> <span class='ocrx_word' id='word_1_709' title='bbox 631 4668 752 4739; x_wconf 87' lang='lat' dir='ltr'>paschali</span> <span class='ocrx_word' id='word_1_710' title='bbox 776 4671 822 4737; x_wconf 68' lang='grc' dir='ltr'>(ιθ</span> <span class='ocrx_word' id='word_1_711' title='bbox 837 4668 864 4723; x_wconf 83' lang='grc' dir='ltr'>ιε</span> <span class='ocrx_word' id='word_1_712' title='bbox 884 4669 947 4744; x_wconf 55' lang='lat' dir='ltr'>Er„</span> <span class='ocrx_word' id='word_1_713' title='bbox 1003 4665 1064 4722; x_wconf 90' lang='lat' dir='ltr'>etin</span> <span class='ocrx_word' id='word_1_714' title='bbox 1075 4666 1153 4720; x_wconf 86' lang='lat' dir='ltr'>Novo</span> <span class='ocrx_word' id='word_1_715' title='bbox 1162 4664 1507 4734; x_wconf 82' lang='lat' dir='ltr'>Testamentolittera.quae</span> <span class='ocrx_word' id='word_1_716' title='bbox 1517 4662 1683 4718; x_wconf 88' lang='lat' dir='ltr'>occiditeum</span> <span class='ocrx_word' id='word_1_717' title='bbox 1693 4662 1740 4735; x_wconf 89' lang='lat' dir='ltr'>qui</span> <span class='ocrx_word' id='word_1_718' title='bbox 1749 4677 1803 4717; x_wconf 90' lang='lat' dir='ltr'>non</span> 
     </span>
     <span class='ocr_line' id='line_1_78' title="bbox 147 4751 1803 4828; baseline -0.005 -12"><span class='ocrx_word' id='word_1_719' title='bbox 147 4775 180 4815; x_wconf 90' lang='lat' dir='ltr'>n.</span> <span class='ocrx_word' id='word_1_720' title='bbox 198 4761 225 4824; x_wconf 73' lang='grc' dir='ltr'>ι,</span> <span class='ocrx_word' id='word_1_721' title='bbox 243 4764 262 4811; x_wconf 93' lang='grc' dir='ltr'>ι.</span> <span class='ocrx_word' id='word_1_722' title='bbox 278 4757 299 4823; x_wconf 83' lang='grc' dir='ltr'>ι,</span> <span class='ocrx_word' id='word_1_723' title='bbox 316 4756 369 4811; x_wconf 89' lang='grc' dir='ltr'>εει.</span> <span class='ocrx_word' id='word_1_724' title='bbox 386 4756 466 4826; x_wconf 78' lang='grc'>1553)</span> <span class='ocrx_word' id='word_1_725' title='bbox 483 4771 490 4809; x_wconf 92' lang='lat'><strong>:</strong></span> <span class='ocrx_word' id='word_1_726' title='bbox 507 4757 677 4827; x_wconf 70' lang='lat' dir='ltr'>uCormmpi</span> <span class='ocrx_word' id='word_1_727' title='bbox 692 4774 805 4813; x_wconf 88' lang='lat' dir='ltr'>necesse</span> <span class='ocrx_word' id='word_1_728' title='bbox 821 4756 949 4828; x_wconf 88' lang='lat' dir='ltr'>estquod</span> <span class='ocrx_word' id='word_1_729' title='bbox 1004 4754 1178 4826; x_wconf 89' lang='lat' dir='ltr'>spiritualiter</span> <span class='ocrx_word' id='word_1_730' title='bbox 1192 4753 1320 4809; x_wconf 88' lang='lat' dir='ltr'>advertit.</span> <span class='ocrx_word' id='word_1_731' title='bbox 1343 4754 1373 4809; x_wconf 92' lang='lat' dir='ltr'>Si</span> <span class='ocrx_word' id='word_1_732' title='bbox 1389 4753 1461 4808; x_wconf 92' lang='lat' dir='ltr'>enim</span> <span class='ocrx_word' id='word_1_733' title='bbox 1476 4753 1591 4807; x_wconf 91' lang='lat' dir='ltr'>litteram</span> <span class='ocrx_word' id='word_1_734' title='bbox 1603 4752 1733 4823; x_wconf 87' lang='lat' dir='ltr'>sequaris,</span> <span class='ocrx_word' id='word_1_735' title='bbox 1752 4751 1803 4807; x_wconf 84' lang='lat' dir='ltr'>hoo</span> 
     </span>
     <span class='ocr_line' id='line_1_79' title="bbox 148 4841 1802 4920; baseline -0.005 -17"><span class='ocrx_word' id='word_1_736' title='bbox 148 4848 284 4920; x_wconf 91' lang='lat' dir='ltr'>palpatur,</span> <span class='ocrx_word' id='word_1_737' title='bbox 300 4853 327 4899; x_wconf 90' lang='lat' dir='ltr'>et</span> <span class='ocrx_word' id='word_1_738' title='bbox 343 4844 447 4916; x_wconf 86' lang='lat' dir='ltr'>palpari</span> <span class='ocrx_word' id='word_1_739' title='bbox 463 4860 516 4899; x_wconf 91' lang='lat' dir='ltr'>nou</span> <span class='ocrx_word' id='word_1_740' title='bbox 532 4851 621 4916; x_wconf 90' lang='lat' dir='ltr'>potest</span> <span class='ocrx_word' id='word_1_741' title='bbox 646 4847 719 4918; x_wconf 88' lang='lat' dir='ltr'>quod</span> <span class='ocrx_word' id='word_1_742' title='bbox 747 4862 800 4902; x_wconf 90' lang='lat' dir='ltr'>non</span> <span class='ocrx_word' id='word_1_743' title='bbox 828 4862 950 4902; x_wconf 90' lang='lat' dir='ltr'>corrum-</span> <span class='ocrx_word' id='word_1_744' title='bbox 1003 4845 1090 4917; x_wconf 89' lang='lat' dir='ltr'>ipsum</span> <span class='ocrx_word' id='word_1_745' title='bbox 1107 4844 1179 4914; x_wconf 79' lang='lat' dir='ltr'>quod</span> <span class='ocrx_word' id='word_1_746' title='bbox 1194 4845 1322 4916; x_wconf 89' lang='lat' dir='ltr'>scriptum</span> <span class='ocrx_word' id='word_1_747' title='bbox 1342 4844 1461 4906; x_wconf 74' lang='lat' dir='ltr'>estant</span> <span class='ocrx_word' id='word_1_748' title='bbox 1482 4841 1722 4898; x_wconf 81' lang='lat' dir='ltr'>mandacaveritis</span> <span class='ocrx_word' id='word_1_749' title='bbox 1735 4855 1802 4897; x_wconf 86' lang='lat' dir='ltr'>car·</span> 
     </span>
     <span class='ocr_line' id='line_1_80' title="bbox 148 4929 1802 5009; baseline -0.004 -18"><span class='ocrx_word' id='word_1_750' title='bbox 148 4936 231 5009; x_wconf 91' lang='lat' dir='ltr'>pitur.</span> <span class='ocrx_word' id='word_1_751' title='bbox 249 4935 302 4990; x_wconf 89' lang='lat' dir='ltr'>Sed</span> <span class='ocrx_word' id='word_1_752' title='bbox 316 4933 384 4988; x_wconf 89' lang='lat' dir='ltr'>miro</span> <span class='ocrx_word' id='word_1_753' title='bbox 410 4942 437 4989; x_wconf 91' lang='lat' dir='ltr'>et</span> <span class='ocrx_word' id='word_1_754' title='bbox 464 4933 645 4990; x_wconf 79' lang='lat' dir='ltr'>inaestimabili</span> <span class='ocrx_word' id='word_1_755' title='bbox 666 4936 757 5003; x_wconf 87' lang='lat' dir='ltr'>modo,</span> <span class='ocrx_word' id='word_1_756' title='bbox 783 4936 951 5006; x_wconf 84' lang='lat' dir='ltr'>Redemptor</span> <span class='ocrx_word' id='word_1_757' title='bbox 1004 4951 1071 4992; x_wconf 80' lang='lat' dir='ltr'>acm</span> <span class='ocrx_word' id='word_1_758' title='bbox 1086 4950 1189 4999; x_wconf 88' lang='lat' dir='ltr'>meam,</span> <span class='ocrx_word' id='word_1_759' title='bbox 1205 4937 1233 4991; x_wconf 88' lang='lat' dir='ltr'>et</span> <span class='ocrx_word' id='word_1_760' title='bbox 1244 4933 1365 4990; x_wconf 77' lang='lat' dir='ltr'>biberitis</span> <span class='ocrx_word' id='word_1_761' title='bbox 1385 4934 1557 5005; x_wconf 67' lang='lat' dir='ltr'>sanquinem</span> <span class='ocrx_word' id='word_1_762' title='bbox 1580 4947 1687 4996; x_wconf 82' lang='lat' dir='ltr'>maara,</span> <span class='ocrx_word' id='word_1_763' title='bbox 1704 4929 1802 4986; x_wconf 89' lang='lat' dir='ltr'>occidit</span> 
     </span>
     <span class='ocr_line' id='line_1_81' title="bbox 149 5018 1799 5099; baseline -0.004 -19"><span class='ocrx_word' id='word_1_764' title='bbox 149 5031 243 5080; x_wconf 90' lang='lat' dir='ltr'>noster</span> <span class='ocrx_word' id='word_1_765' title='bbox 257 5032 283 5079; x_wconf 91' lang='lat' dir='ltr'>et</span> <span class='ocrx_word' id='word_1_766' title='bbox 300 5021 507 5091; x_wconf 90' lang='lat' dir='ltr'>incorruptibile</span> <span class='ocrx_word' id='word_1_767' title='bbox 530 5032 590 5094; x_wconf 89' lang='lat' dir='ltr'>post</span> <span class='ocrx_word' id='word_1_768' title='bbox 612 5025 837 5081; x_wconf 85' lang='lat' dir='ltr'>resurrectionem</span> <span class='ocrx_word' id='word_1_769' title='bbox 854 5035 880 5081; x_wconf 90' lang='grc' dir='ltr'>ει</span> <span class='ocrx_word' id='word_1_770' title='bbox 895 5026 952 5099; x_wconf 91' lang='lat' dir='ltr'>pal·</span> <span class='ocrx_word' id='word_1_771' title='bbox 1003 5025 1063 5080; x_wconf 81' lang='lat' dir='ltr'>haec</span> <span class='ocrx_word' id='word_1_772' title='bbox 1090 5025 1190 5079; x_wconf 88' lang='lat' dir='ltr'>littora.</span> <span class='ocrx_word' id='word_1_773' title='bbox 1216 5024 1244 5079; x_wconf 87' lang='lat' dir='ltr'>Si</span> <span class='ocrx_word' id='word_1_774' title='bbox 1269 5022 1340 5077; x_wconf 92' lang='lat' dir='ltr'>enim</span> <span class='ocrx_word' id='word_1_775' title='bbox 1369 5021 1543 5093; x_wconf 89' lang='lat' dir='ltr'>spiritualiter</span> <span class='ocrx_word' id='word_1_776' title='bbox 1568 5035 1628 5076; x_wconf 89' lang='lat' dir='ltr'>eam</span> <span class='ocrx_word' id='word_1_777' title='bbox 1650 5018 1799 5092; x_wconf 75' lang='lat' dir='ltr'>intelligas,</span> 
     </span>
     <span class='ocr_line' id='line_1_82' title="bbox 149 5107 1801 5187; baseline -0.004 -19"><span class='ocrx_word' id='word_1_778' title='bbox 149 5114 239 5187; x_wconf 81' lang='lat' dir='ltr'>pabala</span> <span class='ocrx_word' id='word_1_779' title='bbox 251 5128 350 5184; x_wconf 87' lang='lat' dir='ltr'>corpus</span> <span class='ocrx_word' id='word_1_780' title='bbox 365 5112 498 5176; x_wconf 82' lang='lat' dir='ltr'>exhibuit,</span> <span class='ocrx_word' id='word_1_781' title='bbox 527 5120 556 5167; x_wconf 94' lang='lat' dir='ltr'>ut</span> <span class='ocrx_word' id='word_1_782' title='bbox 583 5114 761 5170; x_wconf 88' lang='lat' dir='ltr'>monstrando</span> <span class='ocrx_word' id='word_1_783' title='bbox 785 5116 950 5187; x_wconf 89' lang='lat' dir='ltr'>incorrupti·</span> <span class='ocrx_word' id='word_1_784' title='bbox 1005 5129 1060 5169; x_wconf 92' lang='lat' dir='ltr'>non</span> <span class='ocrx_word' id='word_1_785' title='bbox 1074 5113 1182 5174; x_wconf 80' lang='lat' dir='ltr'>occidit.</span> <span class='ocrx_word' id='word_1_786' title='bbox 1203 5112 1249 5168; x_wconf 91' lang='lat' dir='ltr'>sed</span> <span class='ocrx_word' id='word_1_787' title='bbox 1263 5112 1373 5182; x_wconf 89' lang='lat' dir='ltr'>spiritus</span> <span class='ocrx_word' id='word_1_788' title='bbox 1389 5109 1528 5166; x_wconf 74' lang='lat' dir='ltr'>vivificans</span> <span class='ocrx_word' id='word_1_789' title='bbox 1542 5112 1620 5166; x_wconf 91' lang='lat' dir='ltr'>estin</span> <span class='ocrx_word' id='word_1_790' title='bbox 1634 5125 1676 5165; x_wconf 88' lang='lat' dir='ltr'>ea.</span> <span class='ocrx_word' id='word_1_791' title='bbox 1690 5132 1702 5157; x_wconf 77' lang='grc' dir='ltr'>ι</span> <span class='ocrx_word' id='word_1_792' title='bbox 1721 5107 1801 5179; x_wconf 80' lang='lat' dir='ltr'>erorl</span> 
     </span>
     <span class='ocr_line' id='line_1_83' title="bbox 148 5198 1802 5277; baseline -0.004 -19"><span class='ocrx_word' id='word_1_793' title='bbox 148 5203 205 5259; x_wconf 93' lang='lat' dir='ltr'>bile</span> <span class='ocrx_word' id='word_1_794' title='bbox 220 5202 345 5257; x_wconf 90' lang='lat' dir='ltr'>invitaret</span> <span class='ocrx_word' id='word_1_795' title='bbox 359 5201 392 5257; x_wconf 87' lang='lat' dir='ltr'>ad</span> <span class='ocrx_word' id='word_1_796' title='bbox 417 5201 559 5273; x_wconf 85' lang='lat' dir='ltr'>premium,</span> <span class='ocrx_word' id='word_1_797' title='bbox 577 5203 725 5272; x_wconf 87' lang='lat' dir='ltr'>praeheado</span> <span class='ocrx_word' id='word_1_798' title='bbox 739 5203 876 5277; x_wconf 85' lang='lat' dir='ltr'>palpabile</span> <span class='ocrx_word' id='word_1_799' title='bbox 892 5204 950 5261; x_wconf 88' lang='lat' dir='ltr'>ior·</span> <span class='ocrx_word' id='word_1_800' title='bbox 1004 5203 1206 5276; x_wconf 76' lang='lat' dir='ltr'>Augustinusia</span> <span class='ocrx_word' id='word_1_801' title='bbox 1216 5201 1385 5272; x_wconf 83' lang='lat' dir='ltr'>expositione</span> <span class='ocrx_word' id='word_1_802' title='bbox 1400 5199 1496 5272; x_wconf 89' lang='lat' dir='ltr'>psalmi</span> <span class='ocrx_word' id='word_1_803' title='bbox 1510 5215 1554 5254; x_wconf 85' lang='lat' dir='ltr'>arv</span> <span class='ocrx_word' id='word_1_804' title='bbox 1569 5200 1608 5269; x_wconf 90' lang='lat' dir='ltr'>(n.</span> <span class='ocrx_word' id='word_1_805' title='bbox 1619 5199 1663 5267; x_wconf 75' lang='lat'>⁶33,</span> <span class='ocrx_word' id='word_1_806' title='bbox 1676 5205 1744 5254; x_wconf 90' lang='lat' dir='ltr'>tom.</span> <span class='ocrx_word' id='word_1_807' title='bbox 1757 5198 1802 5267; x_wconf 81' lang='grc' dir='ltr'>ιι,</span> 
     </span>
     <span class='ocr_line' id='line_1_84' title="bbox 148 5288 1803 5369; baseline -0.002 -21"><span class='ocrx_word' id='word_1_808' title='bbox 148 5299 235 5348; x_wconf 90' lang='lat' dir='ltr'>maret</span> <span class='ocrx_word' id='word_1_809' title='bbox 250 5292 285 5346; x_wconf 89' lang='lat' dir='ltr'>ad</span> <span class='ocrx_word' id='word_1_810' title='bbox 300 5290 391 5346; x_wconf 87' lang='lat' dir='ltr'>tidem.</span> <span class='ocrx_word' id='word_1_811' title='bbox 408 5291 441 5345; x_wconf 84' lang='lat' dir='ltr'>Et</span> <span class='ocrx_word' id='word_1_812' title='bbox 455 5292 686 5363; x_wconf 90' lang='lat' dir='ltr'>incorruptibilem</span> <span class='ocrx_word' id='word_1_813' title='bbox 716 5309 784 5369; x_wconf 85' lang='lat' dir='ltr'>ergo</span> <span class='ocrx_word' id='word_1_814' title='bbox 796 5312 835 5360; x_wconf 89' lang='lat' dir='ltr'>se,</span> <span class='ocrx_word' id='word_1_815' title='bbox 852 5304 879 5352; x_wconf 90' lang='grc' dir='ltr'>ει</span> <span class='ocrx_word' id='word_1_816' title='bbox 890 5296 950 5367; x_wconf 88' lang='lat' dir='ltr'>pal·</span> <span class='ocrx_word' id='word_1_817' title='bbox 1005 5293 1135 5363; x_wconf 79' lang='lat' dir='ltr'>coltilt)</span> <span class='ocrx_word' id='word_1_818' title='bbox 1147 5293 1264 5363; x_wconf 89' lang='lat' dir='ltr'>apertius</span> <span class='ocrx_word' id='word_1_819' title='bbox 1286 5306 1450 5361; x_wconf 85' lang='lat' dir='ltr'>exponens:</span> <span class='ocrx_word' id='word_1_820' title='bbox 1480 5289 1608 5354; x_wconf 77' lang='lat' dir='ltr'>uPrima,</span> <span class='ocrx_word' id='word_1_821' title='bbox 1636 5288 1732 5360; x_wconf 81' lang='lat' dir='ltr'>inquit.</span> <span class='ocrx_word' id='word_1_822' title='bbox 1751 5288 1803 5344; x_wconf 83' lang='lat' dir='ltr'>hee·</span> 
     </span>
     <span class='ocr_line' id='line_1_85' title="bbox 149 5376 1803 5457; baseline -0.002 -20"><span class='ocrx_word' id='word_1_823' title='bbox 149 5381 269 5454; x_wconf 76' lang='lat' dir='ltr'>pahiiem</span> <span class='ocrx_word' id='word_1_824' title='bbox 284 5381 490 5451; x_wconf 84' lang='lat' dir='ltr'>demonstrarit,</span> <span class='ocrx_word' id='word_1_825' title='bbox 520 5389 548 5437; x_wconf 92' lang='lat' dir='ltr'>ut</span> <span class='ocrx_word' id='word_1_826' title='bbox 576 5383 731 5442; x_wconf 88' lang='lat' dir='ltr'>ostenderet</span> <span class='ocrx_word' id='word_1_827' title='bbox 759 5401 859 5457; x_wconf 87' lang='lat' dir='ltr'>corpus</span> <span class='ocrx_word' id='word_1_828' title='bbox 873 5400 951 5440; x_wconf 89' lang='lat' dir='ltr'>suum</span> <span class='ocrx_word' id='word_1_829' title='bbox 1004 5385 1076 5438; x_wconf 86' lang='lat' dir='ltr'>rasis</span> <span class='ocrx_word' id='word_1_830' title='bbox 1089 5381 1267 5453; x_wconf 82' lang='lat' dir='ltr'>indiscipulis</span> <span class='ocrx_word' id='word_1_831' title='bbox 1282 5381 1390 5450; x_wconf 87' lang='lat' dir='ltr'>Christi,</span> <span class='ocrx_word' id='word_1_832' title='bbox 1410 5380 1482 5436; x_wconf 80' lang='lat' dir='ltr'>velut</span> <span class='ocrx_word' id='word_1_833' title='bbox 1504 5394 1522 5434; x_wconf 90' lang='lat' dir='ltr'>a</span> <span class='ocrx_word' id='word_1_834' title='bbox 1542 5377 1643 5434; x_wconf 87' lang='lat' dir='ltr'>duritia</span> <span class='ocrx_word' id='word_1_835' title='bbox 1668 5376 1803 5434; x_wconf 88' lang='lat' dir='ltr'>sermonis</span> 
     </span>
    </p>
   </div>
   <div class='ocr_carea' id='block_1_13' title="bbox 186 5506 1606 5658">
    <p class='ocr_par' dir='ltr' id='par_1_16' title="bbox 186 5506 1606 5658">
     <span class='ocr_line' id='line_1_86' title="bbox 186 5506 1606 5658; baseline -0.001 -23"><span class='ocrx_word' id='word_1_836' title='bbox 186 5506 246 5652; x_wconf 64' lang='lat' dir='ltr'>iiii</span> <span class='ocrx_word' id='word_1_837' title='bbox 260 5507 493 5635; x_wconf 53' lang='lat' dir='ltr'>iiafiaiiiiiiim</span> <span class='ocrx_word' id='word_1_838' title='bbox 503 5578 611 5638; x_wconf 74' lang='lat' dir='ltr'>comm.</span> <span class='ocrx_word' id='word_1_839' title='bbox 628 5582 662 5640; x_wconf 83' lang='grc' dir='ltr'>ιιι</span> <span class='ocrx_word' id='word_1_840' title='bbox 672 5585 748 5658; x_wconf 81' lang='lat' dir='ltr'>prat.</span> <span class='ocrx_word' id='word_1_841' title='bbox 762 5599 818 5658; x_wconf 80' lang='lat' dir='ltr'>mx,</span> <span class='ocrx_word' id='word_1_842' title='bbox 831 5591 855 5642; x_wconf 87' lang='lat' dir='ltr'>t.</span> <span class='ocrx_word' id='word_1_843' title='bbox 873 5587 901 5656; x_wconf 77' lang='lat'>9,</span> <span class='ocrx_word' id='word_1_844' title='bbox 913 5579 969 5644; x_wconf 85' lang='lat' dir='ltr'>ool.</span> <span class='ocrx_word' id='word_1_845' title='bbox 982 5584 1036 5642; x_wconf 72' lang='grc' dir='ltr'>ιιι</span> <span class='ocrx_word' id='word_1_846' title='bbox 1050 5582 1099 5641; x_wconf 88' lang='lat' dir='ltr'>cd.</span> <span class='ocrx_word' id='word_1_847' title='bbox 1117 5583 1245 5640; x_wconf 83' lang='lat' dir='ltr'>ltothom.</span> <span class='ocrx_word' id='word_1_848' title='bbox 1261 5580 1341 5651; x_wconf 68' lang='lat' dir='ltr'>toas,</span> <span class='ocrx_word' id='word_1_849' title='bbox 1355 5579 1415 5638; x_wconf 81' lang='lat' dir='ltr'>iere</span> <span class='ocrx_word' id='word_1_850' title='bbox 1429 5578 1467 5635; x_wconf 82' lang='grc' dir='ltr'>ιιι</span> <span class='ocrx_word' id='word_1_851' title='bbox 1480 5576 1606 5637; x_wconf 85' lang='lat' dir='ltr'>verbum.</span> 
     </span>
    </p>
   </div>
   <div class='ocr_carea' id='block_1_14' title="bbox 0 0 1877 6000">
    <p class='ocr_par' dir='ltr' id='par_1_17' title="bbox 0 0 1877 6000">
     <span class='ocr_line' id='line_1_87' title="bbox 0 0 1877 6000; baseline 0 0"><span class='ocrx_word' id='word_1_852' title='bbox 0 0 1877 6000; x_wconf 95' lang='lat' dir='ltr'> </span> 
     </span>
    </p>
   </div>
  </div>
 </body>
</html>
