3728 6000
616 170 1088 258 sorsrouasrrnrvrtsorr
1633 202 1704 260 ross

365 329 454 386 illllll.
837 325 862 383 Α
878 339 928 426 ιω..
941 326 1018 395 itit,
1030 323 1222 399 pontificatus
1235 323 1341 382 domni
1351 323 1472 396 Eugenii
1481 325 1614 399 lllpapas
1622 342 1703 385 anuo

82 430 768 508 ioiiegtomproperticaoaeFoatts-llirutdi.
877 429 989 488 Pl1m0·
1245 505 1334 561 mv·

246 543 346 664 ωηο
360 545 439 607 mb’
455 543 520 599 ω
533 540 579 661 θ’),
912 592 1172 665 Prioiteoiumpro
1184 593 1320 653 Ecclesia
1330 594 1362 653 S.
1373 593 1481 652 Marica
1497 594 1668 653 Veronensi.

82 666 201 718 tuscos,
220 651 318 709 Vnde
332 651 440 709 ltotert
455 649 643 718 dirbrrsset,
660 650 774 715 Prone..
1120 684 1218 755 (Anno
1235 687 1313 749 4¹45,
1329 683 1393 741 Maii
1410 683 1466 755 Π.)

340 773 369 832 Ρ·
391 756 467 832 630·]
1039 773 1182 845 [densam.
1199 773 1293 832 italio
1304 788 1406 846 secra,
1420 775 1452 842 v,
1467 774 1515 831 aar
1525 775 1543 847 .]

82 865 696 940 saurusepiscopus,servusservorumliei,
709 862 822 921 dilectis
913 862 1050 919 Eucaerus
1076 862 1246 936 episcopus,
1268 878 1373 920 servus
1396 879 1553 921 servorum
1573 864 1635 937 liei,
1655 882 1706 924 ve·

82 956 162 1013 nisio
178 956 299 1014 filiabus
319 953 522 1029 Pharnacea]
538 954 697 1011 abbatissa
712 951 822 1010 Fontis·
877 949 1003 1007 nerabili
1034 948 1115 1008 tratri
1156 953 1324 1009 Tasosssoo
1361 952 1521 1009 Veronensi
1549 954 1704 1029 episcopo,

82 1044 114 1102 ‚di
128 1045 253 1118 ejusque
271 1045 424 1102 sororibus
443 1050 506 1101 tam
519 1043 715 1116 presentibus
729 1056 822 1115 quam
877 1038 1000 1113 ejusque
1024 1041 1246 1097 successoribus
1269 1042 1413 1099 canonico
1437 1042 1706 1114 promovendisin

81 1132 786 1207 is,regularcmvitamprolcssis‚iuperpetuum.
877 1133 1067 1201 perpetuum.

82 1222 179 1280 oniam
195 1224 259 1280 sine
268 1239 342 1279 verm
355 1222 506 1293 religionis
514 1221 595 1278 cultu
603 1236 658 1277 nec
669 1218 822 1277 charitatis
914 1219 969 1276 Pia
980 1217 1201 1291 postulationis,
1214 1223 1269 1276 etc.
1283 1220 1456 1293 Eapropter,
1470 1223 1605 1279 senerah.
1618 1222 1707 1282 irater

82 1317 205 1386 spotest
221 1311 392 1378 subsistere,
407 1326 461 1367 nec
481 1310 540 1365 Deo
554 1315 672 1380 gratum
687 1307 823 1364 exhiberi
877 1306 908 1363 in
922 1307 1037 1365 Christo
1048 1307 1218 1365 Theobalde
1231 1308 1382 1382 episcope,
1397 1310 1454 1366 tuis
1467 1309 1559 1383 justis
1576 1311 1707 1383 postula·

82 1400 158 1468 ium,
169 1401 289 1475 expedit
297 1401 469 1474 apostolicae
482 1399 651 1456 auctoritati
667 1397 823 1468 religiosas
878 1395 1011 1454 tionibus
1029 1397 1190 1455 clementer
1209 1399 1382 1466 annuimus,
1395 1404 1423 1455 et
1434 1399 1463 1453 e.
1484 1400 1535 1456 Dei
1553 1401 1707 1459 Genitricis

85 1505 139 1548 uas
159 1489 292 1563 diligere,
312 1495 340 1547 et
360 1506 465 1547 carum
484 1488 552 1546 loca
570 1488 621 1561 pia
639 1486 822 1561 protentione
878 1501 997 1559 semper
1011 1486 1134 1557 virginis
1150 1487 1246 1546 haria
1261 1489 1464 1545 veronensem
1478 1488 1707 1558 Ecclesiam,cui

82 1596 123 1638 re.
134 1578 453 1655 Quapropter,dileclee
462 1579 491 1635 iu
504 1577 618 1634 Christo
628 1576 707 1644 filim,
717 1575 823 1632 vestris
878 1575 938 1631 Deo
960 1578 1081 1632 auctore
1104 1592 1231 1649 praeesse
1246 1576 1444 1648 dignosceris,
1459 1578 1517 1634 sub
1537 1579 1569 1634 B.
1588 1580 1662 1636 Petri
1678 1586 1708 1637 et

86 1667 653 1743 petitionibusclementerannuimuset
664 1665 821 1740 praelatum
839 1689 861 1747 Β
878 1671 981 1724 nostra
994 1666 1176 1740 protectione
1189 1667 1381 1738 suscipimus,
1395 1671 1423 1723 et
1434 1668 1593 1739 praesentis
1604 1668 1707 1743 scripti

82 1774 96 1816 u
121 1758 354 1817 Fontis-Ebraldi
378 1758 408 1814 in
433 1773 493 1830 quo
516 1756 619 1812 divino
643 1755 822 1828 mancipate
878 1754 1032 1828 privilegio
1043 1755 1277 1823 commuuimus,
1290 1759 1453 1814 statuentes
1464 1761 1496 1814 ut
1507 1772 1707 1831 quascunque

84 1847 243 1922 obsequio,
264 1850 321 1904 sub
342 1850 371 1904 B.
390 1847 464 1904 Petri
484 1846 636 1919 privilegio
656 1843 823 1902 communi·
878 1843 1098 1918 possessiones,
1114 1843 1408 1918 quacunquebona,
1424 1862 1492 1921 quse
1504 1846 1708 1919 inpraesentia·

88 1941 253 1994 statuentes
266 1943 503 2011 utquascuuque
515 1935 733 2009 possessiones,
742 1947 823 2006 qua·
876 1932 942 1990 liter
953 1933 1035 2006 juste
1047 1940 1075 1991 ct
1088 1935 1231 1991 canonice
1242 1934 1389 2007 possides,
1405 1939 1456 1992 aut
1471 1934 1500 1991 in
1512 1934 1648 1993 loturum
1663 1953 1708 1995 ra·

82 2040 116 2084 ue
137 2026 221 2084 bona
239 2025 499 2098 inpraesentiarum
524 2024 605 2096 juste
628 2029 657 2082 et
678 2022 822 2080 canonice
878 2022 1072 2081 tionabilibus
1089 2023 1198 2095 modis,
1216 2026 1275 2081 lieo
1287 2025 1426 2096 propitio,
1445 2024 1555 2098 poteris
1570 2025 1706 2098 adipisci,

82 2114 150 2173 letis
164 2120 216 2172 aut
230 2115 260 2171 iu
275 2114 408 2171 futurum
424 2113 618 2170 concessione
631 2111 820 2186 pontificum,
877 2111 966 2169 firma
980 2110 1033 2168 tibi
1047 2112 1164 2185 tuisque
1175 2113 1410 2180 successoribus,
1426 2118 1454 2170 et
1464 2113 1580 2172 illibata
1590 2130 1708 2188 perma-

82 2203 166 2262 litate
180 2218 297 2275 regum,
305 2204 463 2274 largitione
477 2202 659 2276 principum,
672 2206 725 2258 aut
737 2199 814 2257 obla·
877 2205 978 2267 neant,
994 2201 1023 2257 iu
1037 2200 1160 2274 quibus,
1176 2216 1212 2258 ea
1224 2201 1708 2276 propriisduximusexprimeuda

85 2292 222 2353 fidelium
238 2309 291 2351 seu
305 2293 373 2350 aliis
384 2293 472 2366 justis
487 2291 595 2359 modis,
606 2295 665 2349 beo
681 2290 821 2363 propitio,
878 2288 1033 2347 vocabulis
1048 2306 1054 2347 :
1069 2290 1283 2347 tlonasterium
1299 2292 1327 2349 8.
1342 2291 1480 2364 Zenonis,
1491 2293 1706 2351 monasterium

82 2382 125 2439 itis
135 2382 270 2455 adipisci,
283 2383 371 2440 firma
383 2382 470 2439 vobis
483 2383 650 2454 vestrisque
660 2379 821 2438 succeden·
878 2379 1057 2436 Sanctorum
1078 2378 1166 2436 Firmi
1186 2384 1216 2435 et
1231 2380 1352 2450 Rustici,
1367 2382 1584 2439 monasterium
1604 2384 1633 2440 S.
1652 2385 1708 2440 lta·

82 2469 822 2545 atillibatapermaneant,inquibushaecpropriis
877 2467 946 2524 carii
964 2484 1034 2525 cum
1058 2468 1202 2525 omnibus
1227 2484 1331 2526 eorum
1350 2470 1544 2542 pertinentiis,
1566 2471 1707 2530 ccclesias
1809 2454 1820 2475 ⁸

82 2557 823 2634 unscxponendavocabulis:LocumipsumFoutis·
877 2557 1706 2630 ipsiuscivitatis,arcemMalsissinicumomnidomiuio,

81 2651 113 2709 di
131 2651 214 2726 quod
228 2655 273 2707 est
291 2655 381 2723 caput
401 2655 590 2716 ceterorum,
607 2654 663 2705 eto.
680 2645 822 2704 Prohibe·
876 2651 905 2704 et
919 2646 1062 2712 districto,
1075 2651 1104 2705 el
1117 2648 1260 2705 omuibus
1274 2648 1473 2722 pertinentiis,
1489 2651 1569 2707 suis:
1587 2650 1706 2724 plebem

83 2743 185 2798 autem
211 2745 244 2798 ut
266 2739 339 2795 nulli
364 2738 490 2796 fratrum
514 2737 561 2794 vel
587 2752 726 2794 sororum
752 2738 823 2808 post
877 2734 1011 2811 ejusdem
1026 2736 1104 2794 arcis
1117 2753 1188 2794 cum
1203 2737 1346 2795 omnibus
1360 2738 1483 2811 capellis
1498 2740 1570 2808 suis,
1584 2740 1636 2812 jus
1652 2756 1707 2798 uo-

82 2845 104 2887 n
118 2829 148 2887 iu
161 2828 234 2886 locis
246 2827 349 2885 vestris
364 2826 581 2899 professionem
598 2826 713 2898 absque
729 2823 822 2903 abba·
877 2831 972 2883 strum
987 2825 1017 2882 in
1032 2830 1129 2884 castro
1143 2827 1226 2899 quod
1240 2826 1449 2893 diciturTutis‚
1462 2833 1595 2887 castrum
1611 2829 1706 2889 Garde

100 2921 131 2976 et
157 2916 279 2991 capituli
306 2916 426 2974 licentia
450 2915 556 2972 exindo
584 2913 738 2971 discedere
769 2929 822 2971 au·
876 2915 1707 2991 cumcunctisappendentiissuis,plebemeJusdemloci

82 3005 347 3079 discedentemque
360 3020 430 3062 vero
445 3004 560 3077 absque
575 3001 763 3060 demissoriis
777 3001 821 3059 lit·
877 3019 947 3061 cum
957 3004 1098 3061 omnibus
1108 3005 1170 3062 suis
1180 3005 1312 3080 capellis,
1320 3005 1437 3079 plebem
1449 3007 1487 3064 de
1496 3008 1625 3081 caprino
1636 3025 1707 3067 cum

82 3094 176 3153 nullus
192 3094 318 3153 retinere
333 3098 505 3166 presumat.
521 3092 597 3159 Quia
615 3107 686 3149 vero
701 3090 821 3162 religio·
876 3092 938 3149 suis
957 3092 1077 3166 capellis
1099 3098 1128 3150 ct
1149 3092 1286 3159 decimis,
1307 3095 1427 3168 plebem
1448 3096 1486 3152 de
1505 3097 1614 3156 cisano
1635 3114 1705 3156 cum

82 3184 162 3243 itam
171 3183 327 3252 ducentes,
339 3185 375 3238 de
384 3181 512 3239 aliorum
523 3179 721 3254 eleemosynis
734 3185 762 3236 et
772 3181 821 3236 be·
876 3181 998 3255 capellis
1010 3187 1038 3239 et
1048 3182 1183 3250 decimis,
1194 3182 1314 3256 plebem
1326 3183 1365 3241 de
1375 3184 1490 3242 Gazizio
1503 3202 1574 3243 cum
1585 3187 1708 3260 capellis

82 3273 163 3332 antia
176 3272 288 3331 debent
303 3271 412 3338 vivere,
428 3269 639 3328 constituimus
654 3275 684 3327 ut
694 3268 821 3326 delebo·
876 3274 904 3326 et
916 3269 1050 3336 decimis,
1067 3270 1187 3344 plebem
1202 3269 1240 3326 de
1254 3273 1357 3328 Teucri
1372 3288 1440 3329 cum
1453 3260 1576 3346 capellis
1586 3279 1615 3332 et
1626 3275 1709 3332 deci·

97 3378 174 3438 quos
192 3362 321 3436 propriis
337 3359 509 3433 sumptibus
523 3358 631 3428 colitis,
647 3374 699 3415 seu
715 3359 752 3414 de
770 3374 821 3415 aa·
876 3359 944 3426 mis,
959 3359 1078 3432 plebem
1093 3359 1131 3416 de
1147 3359 1306 3430 Pavcnguii
1321 3376 1389 3416 oum
1406 3361 1528 3433 capellis
1542 3368 1569 3420 et
1582 3362 1708 3420 decimis

82 3469 122 3510 rm
142 3450 318 3510 animalium
339 3450 528 3507 nutrimentis
547 3465 565 3505 a
583 3448 670 3505 vobis
687 3447 820 3504 decimas
875 3451 904 3504 et
922 3447 1056 3515 castello,
1074 3448 1258 3505 monasterio
1273 3449 1481 3522 vemagazano
1495 3466 1564 3508 cum
1585 3450 1707 3525 capellis

82 3556 110 3598 re
122 3540 171 3598 vel
184 3540 319 3610 accipere
334 3554 424 3596 nemo
440 3542 611 3611 prasumat.
629 3537 820 3594 Deceruimus
876 3541 904 3594 et
923 3534 1056 3602 decimis,
1081 3536 1200 3610 plebem
1216 3537 1352 3610 ejusdem
1367 3538 1425 3596 loci
1445 3555 1514 3596 cum
1531 3539 1656 3598 decimis
1678 3545 1708 3598 et

82 3629 317 3688 riuulliomniuo
327 3627 744 3700 hominumliceatprmlatuni
758 3641 820 3682 rno-
875 3625 996 3700 capellis
1010 3627 1082 3692 suis,
1098 3632 1213 3684 curtem
1223 3628 1262 3684 de
1276 3628 1399 3685 lenzani
1414 3645 1483 3686 cum
1497 3635 1594 3688 castro
1605 3635 1633 3687 et
1643 3646 1707 3688 om·

82 3719 156 3777 rium
170 3715 820 3792 temoreperturbarsantejuspossessiones
875 3715 966 3772 nibus
984 3715 1171 3789 pertinentiis
1191 3715 1265 3782 suis,
1283 3716 1468 3776 ltivoltellam
1487 3735 1557 3776 oum
1582 3719 1706 3792 capellis

82 3808 271 3874 rnaaulerrc,
283 3807 330 3864 sel
340 3805 443 3864 ablata
457 3806 596 3872 retinere,
610 3806 756 3874 minuere,
767 3820 820 3860 scu
875 3810 904 3863 ct
913 3805 1047 3872 decimis,
1061 3804 1180 3878 plebem
1195 3806 1289 3864 stttnit
1305 3822 1374 3864 cum
1389 3808 1512 3881 capellis
1526 3814 1555 3867 et
1569 3809 1707 3879 decimis,

81 3895 178 3954 relibel
196 3895 406 3953 vexationibus
426 3894 562 3966 fatigare,
580 3892 632 3949 sed
653 3892 757 3949 omnia
778 3892 821 3948 iu·
876 3895 1094 3952 monasterium
1109 3896 1137 3953 S·
1153 3895 1258 3967 vigilii,
1273 3895 1392 3969 plebem
1406 3897 1564 3969 puzolengi
1578 3915 1647 3956 cum
1661 3915 1709 3957 oa·

89 3989 301 4043 conserventur
318 4000 435 4048 aarum,
453 3999 506 4056 pro
521 3998 651 4056 quarum
670 3981 821 4053 guberua-
876 3982 962 4057 pellis
986 3990 1016 4041 et
1039 3978 1175 4050 decimis,
1197 3984 1316 4056 plebem
1336 3984 1365 4042 S.
1386 3988 1513 4045 Zenonis
1532 3987 1708 4047 zodeldisco

84 4078 113 4133 et
127 4074 341 4132 sustentatione
357 4089 502 4130 concessa
515 4074 596 4138 sunt,
607 4072 711 4128 usibus
727 4070 821 4127 omni·
876 4089 945 4130 cum
959 4073 1085 4130 ecclesia
1100 4073 1200 4130 Sancti
1215 4072 1364 4131 Michaelis
1378 4075 1434 4132 sita
1451 4077 1537 4147 juxta
1550 4079 1707 4135 tartarum

82 4182 93 4221 ι
113 4163 279 4239 protutura.
297 4163 325 4220 Si
342 4179 403 4238 qua
421 4163 510 4234 igitur
528 4161 709 4218 infuturum
731 4159 822 4215 eccle·
877 4178 946 4218 cum
960 4160 1097 4229 decimis,
1117 4161 1275 4219 ecclesiam
1295 4165 1394 4220 Sancti
1422 4166 1498 4222 Petri
1513 4165 1544 4222 in
1564 4167 1708 4226 carnario

82 4268 114 4311 ca
124 4253 312 4311 secularisve
322 4250 549 4326 persona‚hanc
558 4254 666 4306 nostra
677 4249 823 4305 constitu·
877 4249 1090 4318 cumdeoimis‚
1102 4249 1257 4308 ecclesiam
1270 4253 1368 4309 Sancti
1377 4253 1492 4312 Nazarii
1506 4256 1709 4313 cumdeoimis

82 4344 245 4417 pagiuam
267 4342 376 4407 sciens,
390 4345 494 4397 contra
509 4356 575 4396 eam
592 4344 704 4396 temere
721 4337 821 4395 venire
878 4344 906 4396 et
920 4344 1012 4407 curte,
1034 4340 1190 4397 ecclesiam
1207 4341 1305 4398 Sancti
1321 4341 1470 4398 Ambrosii
1490 4342 1527 4400 de
1547 4343 1707 4402 casalialto

82 4432 160 4501 serit,
176 4433 333 4505 potestatis
348 4429 536 4502 honorisque
551 4428 598 4485 sui
618 4428 762 4500 dignitate
774 4443 821 4485 ca·
839 4410 861 4465 ⁰
877 4444 947 4486 oum
963 4430 1146 4503 pertinentiis
1161 4429 1234 4495 suis,
1251 4430 1369 4502 plebem
1386 4431 1424 4487 de
1441 4432 1559 4501 valegio
1574 4449 1643 4490 cum
1660 4450 1709 4491 ca-

82 4538 225 4596 reamque
240 4537 271 4578 se
284 4520 385 4578 divino
394 4519 509 4593 judicio
525 4521 650 4576 existere
667 4517 705 4575 de
717 4533 822 4591 porpe-
877 4518 1140 4592 peltisetdeoimis,
1149 4519 1365 4577 monasterium
1377 4521 1405 4578 8.
1417 4521 1514 4578 haria
1526 4522 1611 4593 juxta
1624 4538 1709 4580 meu·

82 4611 238 4685 iniquitate
247 4607 822 4686 cognoscat,etasacratissimocorpore
878 4625 945 4666 sam
957 4610 1153 4682 quantumad
1161 4608 1210 4681 jus
1224 4612 1340 4682 spectat
1349 4610 1531 4681 parochiale,
1544 4611 1708 4684 plebemde

82 4701 176 4774 ,guina
186 4701 281 4759 belae
294 4700 410 4758 bomini
422 4698 516 4755 nostri
529 4700 599 4754 iesu
610 4697 714 4754 Christi
725 4695 824 4753 aliena
877 4700 971 4755 Ponto
986 4713 1054 4754 cum
1071 4697 1193 4768 capellis
1207 4703 1235 4754 et
1250 4696 1376 4755 decimis
1388 4703 1416 4755 et
1431 4704 1523 4767 curte,
1539 4700 1659 4772 plebem
1675 4701 1705 4759 8.

82 4796 168 4865 atque
187 4790 217 4847 in
241 4795 375 4848 extremo
396 4788 535 4845 examine
554 4787 695 4843 districtas
716 4785 823 4844 ultioni
878 4784 1210 4859 Andreaoumcapellis
1222 4791 1250 4842 et
1264 4785 1525 4854 decimisetcurte,
1537 4787 1656 4860 plebem
1671 4789 1709 4846 de

82 4866 165 4939 locat.
176 4878 297 4938 Cunctis
310 4876 591 4936 autemeidamloco
603 4877 687 4948 justa
702 4891 824 4932 servan·
879 4875 1026 4932 Piscberia
1048 4890 1118 4931 cum
1136 4874 1259 4948 capellis
1273 4880 1302 4931 et
1321 4876 1446 4933 decimis
1458 4881 1486 4934 et
1501 4883 1594 4946 curte,
1610 4879 1710 4952 pisca·

89 4969 129 5027 sit
140 4986 200 5043 pax
215 4968 331 5027 Domini
346 4967 437 5024 nostri
452 4968 525 5023 Jcsu
543 4965 660 5035 Christi,
675 4970 825 5040 quatenus
879 4965 1014 5023 tionibus
1034 4970 1063 5021 et
1082 4964 1217 5033 dimidio,
1241 4964 1358 5038 plebem
1376 4965 1563 5039 cartholengi
1577 4984 1647 5026 cum
1662 4985 1711 5026 oa·

93 5058 322 5116 tructumbonas
332 5056 457 5114 actionis
467 5054 642 5128 percipiant,
655 5054 771 5127 etapud
782 5054 825 5111 di·
879 5052 965 5127 pellis
979 5051 1151 5118 etdecimis,
1164 5051 1283 5125 plebem
1296 5053 1335 5112 de
1350 5054 1484 5113 Palazolo
1495 5073 1564 5114 cum
1573 5056 1710 5124 decimis,

81 5164 133 5207 um
145 5147 279 5220 judicem
295 5145 421 5221 pramis
433 5150 551 5202 aterna
564 5145 647 5218 pacis
661 5144 823 5200 inveniant.
879 5141 998 5217 plebem
1008 5144 1710 5217 Summascampancaecumcapellisetdecimis,

82 5253 104 5306 r,
115 5253 216 5306 amen,
228 5251 329 5294 amen.
880 5231 999 5305 plebem
1013 5230 1051 5287 de
1064 5231 1171 5302 Gregia
1184 5247 1252 5288 cum
1265 5232 1387 5306 capellis
1394 5240 1423 5289 et
1437 5233 1563 5291 decimis
1577 5238 1607 5293 et
1616 5241 1708 5300 curte,

82 5330 143 5384 tum
163 5324 282 5383 Viterbii
296 5338 350 5397 per
364 5338 490 5380 manum
506 5320 626 5378 liuberti
643 5324 754 5376 sancta
770 5322 824 5377 ito-
880 5320 1000 5393 plebem
1023 5319 1061 5375 ds
1089 5320 1158 5376 Vico
1186 5320 1271 5377 Attici
1293 5336 1363 5378 cum
1389 5323 1511 5395 capellis
1530 5329 1559 5381 et
1577 5325 1710 5393 decimis,

82 5415 242 5475 eEcclesias
253 5413 421 5487 presbyteri
433 5409 595 5470 cardinalis
605 5415 634 5466 et
646 5407 824 5476 cancellarii,
882 5408 1001 5482 plebem
1016 5408 1054 5465 de
1064 5407 1239 5466 Triueuzolo
1250 5424 1320 5467 cum
1331 5410 1454 5484 capellis
1463 5418 1492 5471 et
1502 5414 1637 5482 decimis,
1649 5414 1711 5488 ple·

82 5504 127 5565 lus
145 5503 223 5573 llaii,
236 5502 339 5561 indict.
359 5517 420 5572 vrri,
436 5498 654 5559 incarnationis
666 5497 827 5556 Dominicas
882 5498 953 5556 bem
965 5497 1004 5554 de
1019 5496 1167 5557 Bouellsio
1181 5514 1251 5557 cum
1266 5499 1389 5574 capellis
1403 5507 1433 5559 et
1444 5502 1578 5572 decimis,
1592 5503 1712 5579 plebem
