<?xml version="1.0" encoding="UTF-8"?>
<!DOCTYPE html PUBLIC "-//W3C//DTD XHTML 1.0 Transitional//EN"
    "http://www.w3.org/TR/xhtml1/DTD/xhtml1-transitional.dtd">
<html xmlns="http://www.w3.org/1999/xhtml" xml:lang="en" lang="en">
 <head>
  <title>
</title>
<meta http-equiv="Content-Type" content="text/html;charset=utf-8" />
  <meta name='ocr-system' content='tesseract 3.04.00' />
  <meta name='ocr-capabilities' content='ocr_page ocr_carea ocr_par ocr_line ocrx_word'/>
</head>
<body>
  <div class='ocr_page' id='page_1' title='image "./patrologiaecurs13unkngoog_0162.png"; bbox 0 0 3728 6000; ppageno 0'>
   <div class='ocr_carea' id='block_1_1' title="bbox 79 273 133 329">
    <p class='ocr_par' dir='ltr' id='par_1_1' title="bbox 79 273 133 329">
     <span class='ocr_line' id='line_1_1' title="bbox 79 273 133 329; baseline 0 -1"><span class='ocrx_word' id='word_1_1' title='bbox 79 273 133 329; x_wconf 71' lang='lat' dir='ltr'><strong>Sld</strong></span> 
     </span>
    </p>
   </div>
   <div class='ocr_carea' id='block_1_2' title="bbox 385 269 1415 328">
    <p class='ocr_par' dir='ltr' id='par_1_2' title="bbox 385 269 1415 328">
     <span class='ocr_line' id='line_1_2' title="bbox 385 269 1415 328; baseline 0.003 -3"><span class='ocrx_word' id='word_1_2' title='bbox 385 269 596 327; x_wconf 82' lang='lat' dir='ltr'><strong>DISPUTA‘l&#39;lO</strong></span> <span class='ocrx_word' id='word_1_3' title='bbox 615 270 751 327; x_wconf 78' lang='lat' dir='ltr'><strong>ALTERA</strong></span> <span class='ocrx_word' id='word_1_4' title='bbox 771 270 956 327; x_wconf 73' lang='lat' dir='ltr'>ADVERSUS</span> <span class='ocrx_word' id='word_1_5' title='bbox 974 269 1205 327; x_wconf 68' lang='lat' dir='ltr'><strong>annituntur.</strong></span> <span class='ocrx_word' id='word_1_6' title='bbox 1225 300 1261 311; x_wconf 92' lang='lat'><em>-</em></span> <span class='ocrx_word' id='word_1_7' title='bbox 1279 271 1346 328; x_wconf 82' lang='lat' dir='ltr'><strong>Lttt.</strong></span> <span class='ocrx_word' id='word_1_8' title='bbox 1368 270 1415 328; x_wconf 95' lang='lat' dir='ltr'><strong>lll.</strong></span> 
     </span>
    </p>
   </div>
   <div class='ocr_carea' id='block_1_3' title="bbox 1681 270 1735 326">
    <p class='ocr_par' dir='ltr' id='par_1_3' title="bbox 1681 270 1735 326">
     <span class='ocr_line' id='line_1_3' title="bbox 1681 270 1735 326; baseline 0 0"><span class='ocrx_word' id='word_1_9' title='bbox 1681 270 1735 326; x_wconf 77' lang='lat' dir='ltr'><strong>Sil</strong></span> 
     </span>
    </p>
   </div>
   <div class='ocr_carea' id='block_1_4' title="bbox 69 391 1737 467">
    <p class='ocr_par' dir='ltr' id='par_1_4' title="bbox 69 391 1737 467">
     <span class='ocr_line' id='line_1_4' title="bbox 69 391 1737 467; baseline 0.001 -18"><span class='ocrx_word' id='word_1_10' title='bbox 69 400 121 449; x_wconf 88' lang='lat' dir='ltr'><strong>est.</strong></span> <span class='ocrx_word' id='word_1_11' title='bbox 136 393 239 448; x_wconf 86' lang='lat' dir='ltr'><strong>Natura</strong></span> <span class='ocrx_word' id='word_1_12' title='bbox 265 391 337 446; x_wconf 93' lang='lat' dir='ltr'><strong>enim</strong></span> <span class='ocrx_word' id='word_1_13' title='bbox 354 391 425 459; x_wconf 82' lang='lat' dir='ltr'><strong>Filii,</strong></span> <span class='ocrx_word' id='word_1_14' title='bbox 440 402 536 449; x_wconf 89' lang='lat' dir='ltr'><strong>natura</strong></span> <span class='ocrx_word' id='word_1_15' title='bbox 558 394 645 450; x_wconf 86' lang='lat' dir='ltr'><strong>Patris</strong></span> <span class='ocrx_word' id='word_1_16' title='bbox 664 401 715 450; x_wconf 90' lang='lat' dir='ltr'><strong>est.</strong></span> <span class='ocrx_word' id='word_1_17' title='bbox 740 394 808 451; x_wconf 90' lang='lat' dir='ltr'><strong>lliac</strong></span> <span class='ocrx_word' id='word_1_18' title='bbox 829 395 883 449; x_wconf 93' lang='lat' dir='ltr'><strong>Leo</strong></span> <span class='ocrx_word' id='word_1_19' title='bbox 898 397 926 454; x_wconf 89' lang='lat' dir='ltr'><strong>A</strong></span> <span class='ocrx_word' id='word_1_20' title='bbox 940 394 1033 449; x_wconf 89' lang='lat' dir='ltr'><strong>mitem</strong></span> <span class='ocrx_word' id='word_1_21' title='bbox 1048 395 1188 461; x_wconf 74' lang='lat' dir='ltr'><strong>Asianum,</strong></span> <span class='ocrx_word' id='word_1_22' title='bbox 1205 395 1244 451; x_wconf 90' lang='lat' dir='ltr'><strong>sic</strong></span> <span class='ocrx_word' id='word_1_23' title='bbox 1257 396 1342 452; x_wconf 91' lang='lat' dir='ltr'><strong>dicit:</strong></span> <span class='ocrx_word' id='word_1_24' title='bbox 1361 394 1456 463; x_wconf 80' lang='lat' dir='ltr'><strong>«Ouid</strong></span> <span class='ocrx_word' id='word_1_25' title='bbox 1473 410 1540 467; x_wconf 86' lang='lat' dir='ltr'><strong>ergo</strong></span> <span class='ocrx_word' id='word_1_26' title='bbox 1555 393 1671 451; x_wconf 77' lang='lat' dir='ltr'><strong>dicimus</strong></span> <span class='ocrx_word' id='word_1_27' title='bbox 1682 396 1696 449; x_wconf 84' lang='grc' dir='ltr'>ι</span> <span class='ocrx_word' id='word_1_28' title='bbox 1706 393 1737 451; x_wconf 90' lang='lat' dir='ltr'><strong>Si</strong></span> 
     </span>
    </p>
   </div>
   <div class='ocr_carea' id='block_1_5' title="bbox 68 481 881 1619">
    <p class='ocr_par' dir='ltr' id='par_1_5' title="bbox 68 481 881 1619">
     <span class='ocr_line' id='line_1_5' title="bbox 71 481 879 556; baseline -0.002 -18"><span class='ocrx_word' id='word_1_29' title='bbox 71 498 147 554; x_wconf 88' lang='lat' dir='ltr'><strong>papa</strong></span> <span class='ocrx_word' id='word_1_30' title='bbox 175 481 264 537; x_wconf 88' lang='lat' dir='ltr'><strong>dicit:</strong></span> <span class='ocrx_word' id='word_1_31' title='bbox 284 482 416 537; x_wconf 74' lang='lat' dir='ltr'><strong>uNatura</strong></span> <span class='ocrx_word' id='word_1_32' title='bbox 445 484 580 556; x_wconf 90' lang='lat' dir='ltr'><strong>Unigeniti</strong></span> <span class='ocrx_word' id='word_1_33' title='bbox 606 491 701 538; x_wconf 91' lang='lat' dir='ltr'><strong>natura</strong></span> <span class='ocrx_word' id='word_1_34' title='bbox 724 491 765 538; x_wconf 90' lang='lat' dir='ltr'><strong>est</strong></span> <span class='ocrx_word' id='word_1_35' title='bbox 784 483 879 550; x_wconf 91' lang='lat' dir='ltr'><strong>Patris,</strong></span> 
     </span>
     <span class='ocr_line' id='line_1_6' title="bbox 68 569 881 640; baseline 0 -14"><span class='ocrx_word' id='word_1_36' title='bbox 68 579 169 626; x_wconf 86' lang='lat' dir='ltr'><strong>natura</strong></span> <span class='ocrx_word' id='word_1_37' title='bbox 180 577 223 625; x_wconf 90' lang='lat' dir='ltr'><strong>est</strong></span> <span class='ocrx_word' id='word_1_38' title='bbox 251 569 371 640; x_wconf 88' lang='lat' dir='ltr'><strong>Spiritus</strong></span> <span class='ocrx_word' id='word_1_39' title='bbox 395 572 492 628; x_wconf 91' lang='lat' dir='ltr'><strong>sancti.</strong></span> <span class='ocrx_word' id='word_1_40' title='bbox 512 596 523 621; x_wconf 73' lang='grc' dir='ltr'>ι</span> <span class='ocrx_word' id='word_1_41' title='bbox 541 573 574 626; x_wconf 84' lang='grc' dir='ltr'>Ει</span> <span class='ocrx_word' id='word_1_42' title='bbox 588 572 707 627; x_wconf 87' lang='lat' dir='ltr'><strong>Hilarius</strong></span> <span class='ocrx_word' id='word_1_43' title='bbox 722 571 749 626; x_wconf 93' lang='lat' dir='ltr'><strong>in</strong></span> <span class='ocrx_word' id='word_1_44' title='bbox 777 571 847 626; x_wconf 92' lang='lat' dir='ltr'><strong>libro</strong></span> <span class='ocrx_word' id='word_1_45' title='bbox 860 586 881 626; x_wconf 92' lang='lat' dir='ltr'><strong>u</strong></span> 
     </span>
     <span class='ocr_line' id='line_1_7' title="bbox 70 659 880 731; baseline 0 -17"><span class='ocrx_word' id='word_1_46' title='bbox 70 660 111 714; x_wconf 83' lang='lat' dir='ltr'><strong>lie</strong></span> <span class='ocrx_word' id='word_1_47' title='bbox 124 659 276 714; x_wconf 83' lang='lat' dir='ltr'><strong>Trinitate:</strong></span> <span class='ocrx_word' id='word_1_48' title='bbox 296 683 307 706; x_wconf 89' lang='lat'><strong>·</strong></span> <span class='ocrx_word' id='word_1_49' title='bbox 325 659 489 731; x_wconf 90' lang='lat' dir='ltr'><strong>Unigenitus</strong></span> <span class='ocrx_word' id='word_1_50' title='bbox 517 662 590 716; x_wconf 88' lang='lat' dir='ltr'><strong>Deus</strong></span> <span class='ocrx_word' id='word_1_51' title='bbox 602 660 685 716; x_wconf 87' lang='lat' dir='ltr'><strong>habet</strong></span> <span class='ocrx_word' id='word_1_52' title='bbox 700 660 727 714; x_wconf 91' lang='lat' dir='ltr'><strong>in</strong></span> <span class='ocrx_word' id='word_1_53' title='bbox 755 675 785 715; x_wconf 92' lang='lat' dir='ltr'><strong>se</strong></span> <span class='ocrx_word' id='word_1_54' title='bbox 800 666 880 715; x_wconf 91' lang='lat' dir='ltr'><strong>natu·</strong></span> 
     </span>
     <span class='ocr_line' id='line_1_8' title="bbox 75 746 880 818; baseline 0.002 -17"><span class='ocrx_word' id='word_1_55' title='bbox 75 763 133 802; x_wconf 88' lang='lat' dir='ltr'><strong>ram</strong></span> <span class='ocrx_word' id='word_1_56' title='bbox 165 746 214 801; x_wconf 85' lang='lat' dir='ltr'><strong>Dei</strong></span> <span class='ocrx_word' id='word_1_57' title='bbox 238 747 444 818; x_wconf 91' lang='lat' dir='ltr'><strong>omnipotentis,</strong></span> <span class='ocrx_word' id='word_1_58' title='bbox 460 749 524 803; x_wconf 91' lang='lat' dir='ltr'><strong>dum</strong></span> <span class='ocrx_word' id='word_1_59' title='bbox 541 758 620 804; x_wconf 90' lang='lat' dir='ltr'><strong>natus</strong></span> <span class='ocrx_word' id='word_1_60' title='bbox 648 765 680 803; x_wconf 84' lang='lat' dir='ltr'><strong>er</strong></span> <span class='ocrx_word' id='word_1_61' title='bbox 698 750 755 803; x_wconf 88' lang='lat' dir='ltr'><strong>Deo</strong></span> <span class='ocrx_word' id='word_1_62' title='bbox 779 757 833 815; x_wconf 89' lang='lat' dir='ltr'><strong>est,</strong></span> <span class='ocrx_word' id='word_1_63' title='bbox 850 764 880 815; x_wconf 92' lang='lat' dir='ltr'><strong>et</strong></span> 
     </span>
     <span class='ocr_line' id='line_1_9' title="bbox 74 834 879 908; baseline 0.002 -18"><span class='ocrx_word' id='word_1_64' title='bbox 74 834 195 907; x_wconf 81' lang='lat' dir='ltr'><strong>perlecti</strong></span> <span class='ocrx_word' id='word_1_65' title='bbox 209 834 326 890; x_wconf 88' lang='lat' dir='ltr'><strong>hominis</strong></span> <span class='ocrx_word' id='word_1_66' title='bbox 335 835 544 903; x_wconf 89' lang='lat' dir='ltr'><strong>absolutionem,</strong></span> <span class='ocrx_word' id='word_1_67' title='bbox 560 836 624 891; x_wconf 89' lang='lat' dir='ltr'><strong>dum</strong></span> <span class='ocrx_word' id='word_1_68' title='bbox 640 837 665 891; x_wconf 90' lang='lat' dir='ltr'><strong>ei</strong></span> <span class='ocrx_word' id='word_1_69' title='bbox 681 845 722 892; x_wconf 90' lang='lat' dir='ltr'><strong>est</strong></span> <span class='ocrx_word' id='word_1_70' title='bbox 740 845 833 908; x_wconf 91' lang='lat' dir='ltr'><strong>partus</strong></span> <span class='ocrx_word' id='word_1_71' title='bbox 847 853 879 892; x_wconf 82' lang='lat' dir='ltr'><strong>ex</strong></span> 
     </span>
     <span class='ocr_line' id='line_1_10' title="bbox 71 923 880 996; baseline 0 -16"><span class='ocrx_word' id='word_1_72' title='bbox 71 923 200 996; x_wconf 68' lang='lat' dir='ltr'><strong>virgine,</strong></span> <span class='ocrx_word' id='word_1_73' title='bbox 212 931 309 980; x_wconf 89' lang='lat' dir='ltr'><strong>etcum</strong></span> <span class='ocrx_word' id='word_1_74' title='bbox 327 927 438 981; x_wconf 85' lang='lat' dir='ltr'><strong>veritate</strong></span> <span class='ocrx_word' id='word_1_75' title='bbox 448 926 570 996; x_wconf 88' lang='lat' dir='ltr'><strong>corporis</strong></span> <span class='ocrx_word' id='word_1_76' title='bbox 580 925 731 980; x_wconf 88' lang='lat' dir='ltr'><strong>subsistens</strong></span> <span class='ocrx_word' id='word_1_77' title='bbox 741 926 768 981; x_wconf 90' lang='lat' dir='ltr'><strong>in</strong></span> <span class='ocrx_word' id='word_1_78' title='bbox 785 931 880 980; x_wconf 92' lang='lat' dir='ltr'><strong>natura</strong></span> 
     </span>
     <span class='ocr_line' id='line_1_11' title="bbox 76 1012 878 1084; baseline -0.005 -17"><span class='ocrx_word' id='word_1_79' title='bbox 76 1012 130 1068; x_wconf 89' lang='lat' dir='ltr'><strong>Dei</strong></span> <span class='ocrx_word' id='word_1_80' title='bbox 141 1031 151 1081; x_wconf 75' lang='grc' dir='ltr'>ς</span> <span class='ocrx_word' id='word_1_81' title='bbox 164 1021 259 1069; x_wconf 89' lang='lat' dir='ltr'><strong>etcum</strong></span> <span class='ocrx_word' id='word_1_82' title='bbox 268 1012 319 1068; x_wconf 89' lang='lat' dir='ltr'><strong>Dei</strong></span> <span class='ocrx_word' id='word_1_83' title='bbox 327 1021 424 1068; x_wconf 88' lang='lat' dir='ltr'><strong>natura</strong></span> <span class='ocrx_word' id='word_1_84' title='bbox 437 1029 551 1069; x_wconf 88' lang='lat' dir='ltr'><strong>manens</strong></span> <span class='ocrx_word' id='word_1_85' title='bbox 565 1015 592 1068; x_wconf 91' lang='lat' dir='ltr'><strong>in</strong></span> <span class='ocrx_word' id='word_1_86' title='bbox 601 1014 722 1084; x_wconf 88' lang='lat' dir='ltr'><strong>corporis</strong></span> <span class='ocrx_word' id='word_1_87' title='bbox 732 1014 878 1070; x_wconf 76' lang='lat' dir='ltr'><strong>veritate.»</strong></span> 
     </span>
     <span class='ocr_line' id='line_1_12' title="bbox 74 1101 878 1174; baseline 0.002 -19"><span class='ocrx_word' id='word_1_88' title='bbox 74 1101 167 1157; x_wconf 85' lang='lat' dir='ltr'><strong>liabes</strong></span> <span class='ocrx_word' id='word_1_89' title='bbox 181 1101 268 1173; x_wconf 89' lang='lat' dir='ltr'><strong>igitur</strong></span> <span class='ocrx_word' id='word_1_90' title='bbox 281 1101 326 1157; x_wconf 90' lang='lat' dir='ltr'><strong>hic</strong></span> <span class='ocrx_word' id='word_1_91' title='bbox 345 1102 419 1174; x_wconf 91' lang='lat' dir='ltr'><strong>quod</strong></span> <span class='ocrx_word' id='word_1_92' title='bbox 443 1113 540 1158; x_wconf 92' lang='lat' dir='ltr'><strong>natura</strong></span> <span class='ocrx_word' id='word_1_93' title='bbox 557 1103 606 1158; x_wconf 87' lang='lat' dir='ltr'><strong>Dei</strong></span> <span class='ocrx_word' id='word_1_94' title='bbox 623 1112 747 1158; x_wconf 89' lang='lat' dir='ltr'><strong>naturam</strong></span> <span class='ocrx_word' id='word_1_95' title='bbox 758 1102 878 1158; x_wconf 91' lang='lat' dir='ltr'><strong>hominis</strong></span> 
     </span>
     <span class='ocr_line' id='line_1_13' title="bbox 72 1189 880 1262; baseline 0.001 -17"><span class='ocrx_word' id='word_1_96' title='bbox 72 1189 183 1261; x_wconf 86' lang='lat' dir='ltr'><strong>accepit</strong></span> <span class='ocrx_word' id='word_1_97' title='bbox 197 1208 205 1256; x_wconf 92' lang='grc'>;</span> <span class='ocrx_word' id='word_1_98' title='bbox 220 1189 288 1262; x_wconf 88' lang='lat' dir='ltr'><strong>quia</strong></span> <span class='ocrx_word' id='word_1_99' title='bbox 308 1190 456 1262; x_wconf 74' lang='lat' dir='ltr'><strong>perfectam</strong></span> <span class='ocrx_word' id='word_1_100' title='bbox 482 1191 599 1246; x_wconf 91' lang='lat' dir='ltr'><strong>hominis</strong></span> <span class='ocrx_word' id='word_1_101' title='bbox 622 1191 835 1259; x_wconf 90' lang='lat' dir='ltr'><strong>absolutionem,</strong></span> <span class='ocrx_word' id='word_1_102' title='bbox 852 1190 880 1246; x_wconf 91' lang='lat' dir='ltr'><strong>id</strong></span> 
     </span>
     <span class='ocr_line' id='line_1_14' title="bbox 72 1277 880 1337; baseline 0.001 -4"><span class='ocrx_word' id='word_1_103' title='bbox 72 1286 111 1333; x_wconf 82' lang='lat' dir='ltr'><strong>est</strong></span> <span class='ocrx_word' id='word_1_104' title='bbox 144 1286 228 1334; x_wconf 90' lang='lat' dir='ltr'><strong>totam</strong></span> <span class='ocrx_word' id='word_1_105' title='bbox 256 1277 408 1335; x_wconf 72' lang='lat' dir='ltr'><strong>absolutam</strong></span> <span class='ocrx_word' id='word_1_106' title='bbox 438 1280 555 1335; x_wconf 88' lang='lat' dir='ltr'><strong>hominis</strong></span> <span class='ocrx_word' id='word_1_107' title='bbox 578 1289 714 1335; x_wconf 86' lang='lat' dir='ltr'><strong>naturam.</strong></span> <span class='ocrx_word' id='word_1_108' title='bbox 743 1281 795 1337; x_wconf 93' lang='lat' dir='ltr'><strong>Ubi</strong></span> <span class='ocrx_word' id='word_1_109' title='bbox 818 1288 880 1334; x_wconf 87' lang='lat' dir='ltr'><strong>sunt</strong></span> 
     </span>
     <span class='ocr_line' id='line_1_15' title="bbox 71 1367 878 1440; baseline 0.002 -18"><span class='ocrx_word' id='word_1_110' title='bbox 71 1382 151 1439; x_wconf 90' lang='lat' dir='ltr'><strong>ergo,</strong></span> <span class='ocrx_word' id='word_1_111' title='bbox 168 1367 215 1436; x_wconf 91' lang='lat' dir='ltr'><strong>qui</strong></span> <span class='ocrx_word' id='word_1_112' title='bbox 230 1368 391 1440; x_wconf 85' lang='lat' dir='ltr'><strong>magistrum</strong></span> <span class='ocrx_word' id='word_1_113' title='bbox 407 1370 509 1424; x_wconf 90' lang='lat' dir='ltr'><strong>erroris</strong></span> <span class='ocrx_word' id='word_1_114' title='bbox 533 1377 686 1440; x_wconf 80' lang='lat' dir='ltr'><strong>sequentes,</strong></span> <span class='ocrx_word' id='word_1_115' title='bbox 704 1376 878 1440; x_wconf 88' lang='lat' dir='ltr'><strong>perstrepunt</strong></span> 
     </span>
     <span class='ocr_line' id='line_1_16' title="bbox 69 1454 879 1528; baseline 0.004 -18"><span class='ocrx_word' id='word_1_116' title='bbox 69 1454 98 1510; x_wconf 89' lang='lat' dir='ltr'><strong>in</strong></span> <span class='ocrx_word' id='word_1_117' title='bbox 126 1455 232 1512; x_wconf 88' lang='lat' dir='ltr'><strong>scholis</strong></span> <span class='ocrx_word' id='word_1_118' title='bbox 264 1455 385 1512; x_wconf 89' lang='lat' dir='ltr'><strong>dicentes</strong></span> <span class='ocrx_word' id='word_1_119' title='bbox 401 1476 407 1512; x_wconf 93' lang='lat'>:</span> <span class='ocrx_word' id='word_1_120' title='bbox 424 1473 478 1513; x_wconf 93' lang='lat' dir='ltr'><strong>non</strong></span> <span class='ocrx_word' id='word_1_121' title='bbox 506 1468 603 1513; x_wconf 87' lang='lat' dir='ltr'><strong>natura</strong></span> <span class='ocrx_word' id='word_1_122' title='bbox 631 1473 789 1528; x_wconf 89' lang='lat' dir='ltr'><strong>personam,</strong></span> <span class='ocrx_word' id='word_1_123' title='bbox 806 1457 879 1527; x_wconf 91' lang='lat' dir='ltr'><strong>quod</strong></span> 
     </span>
     <span class='ocr_line' id='line_1_17' title="bbox 69 1546 878 1619; baseline 0.001 -20"><span class='ocrx_word' id='word_1_124' title='bbox 69 1559 166 1600; x_wconf 86' lang='lat' dir='ltr'><strong>rerum</strong></span> <span class='ocrx_word' id='word_1_125' title='bbox 178 1549 223 1600; x_wconf 88' lang='lat' dir='ltr'><strong>est</strong></span> <span class='ocrx_word' id='word_1_126' title='bbox 234 1563 241 1610; x_wconf 84' lang='lat' dir='ltr'><strong>t</strong></span> <span class='ocrx_word' id='word_1_127' title='bbox 253 1561 303 1600; x_wconf 86' lang='lat' dir='ltr'><strong>nec</strong></span> <span class='ocrx_word' id='word_1_128' title='bbox 318 1561 435 1615; x_wconf 90' lang='lat' dir='ltr'><strong>persona</strong></span> <span class='ocrx_word' id='word_1_129' title='bbox 447 1561 603 1616; x_wconf 89' lang='lat' dir='ltr'><strong>personam,</strong></span> <span class='ocrx_word' id='word_1_130' title='bbox 618 1547 691 1619; x_wconf 93' lang='lat' dir='ltr'><strong>quod</strong></span> <span class='ocrx_word' id='word_1_131' title='bbox 705 1546 769 1603; x_wconf 91' lang='lat' dir='ltr'><strong>item</strong></span> <span class='ocrx_word' id='word_1_132' title='bbox 784 1561 878 1601; x_wconf 83' lang='lat' dir='ltr'><strong>verum</strong></span> 
     </span>
    </p>
   </div>
   <div class='ocr_carea' id='block_1_6' title="bbox 933 482 1750 1624">
    <p class='ocr_par' dir='ltr' id='par_1_6' title="bbox 933 482 1750 1519">
     <span class='ocr_line' id='line_1_18' title="bbox 935 482 1736 555; baseline 0.001 -18"><span class='ocrx_word' id='word_1_133' title='bbox 935 492 1017 538; x_wconf 86' lang='lat' dir='ltr'><strong>natus</strong></span> <span class='ocrx_word' id='word_1_134' title='bbox 1040 488 1082 539; x_wconf 89' lang='lat' dir='ltr'><strong>est</strong></span> <span class='ocrx_word' id='word_1_135' title='bbox 1098 483 1180 538; x_wconf 76' lang='lat' dir='ltr'><strong>l&#39;ilius</strong></span> <span class='ocrx_word' id='word_1_136' title='bbox 1210 486 1258 539; x_wconf 81' lang='lat' dir='ltr'><strong>liei</strong></span> <span class='ocrx_word' id='word_1_137' title='bbox 1281 484 1315 539; x_wconf 92' lang='lat' dir='ltr'><strong>de</strong></span> <span class='ocrx_word' id='word_1_138' title='bbox 1344 483 1502 555; x_wconf 87' lang='lat' dir='ltr'><strong>Pater,jom</strong></span> <span class='ocrx_word' id='word_1_139' title='bbox 1531 484 1607 538; x_wconf 88' lang='lat' dir='ltr'><strong>Patre</strong></span> <span class='ocrx_word' id='word_1_140' title='bbox 1636 482 1736 539; x_wconf 88' lang='lat' dir='ltr'><strong>destitit</strong></span> 
     </span>
     <span class='ocr_line' id='line_1_19' title="bbox 934 571 1750 645; baseline 0.001 -19"><span class='ocrx_word' id='word_1_141' title='bbox 934 573 1063 645; x_wconf 83' lang='lat' dir='ltr'><strong>gignere.</strong></span> <span class='ocrx_word' id='word_1_142' title='bbox 1081 573 1118 627; x_wconf 82' lang='lat' dir='ltr'><strong>Et</strong></span> <span class='ocrx_word' id='word_1_143' title='bbox 1139 573 1160 626; x_wconf 92' lang='lat' dir='ltr'><strong>si</strong></span> <span class='ocrx_word' id='word_1_144' title='bbox 1184 573 1297 639; x_wconf 89' lang='lat' dir='ltr'><strong>destitit,</strong></span> <span class='ocrx_word' id='word_1_145' title='bbox 1314 572 1406 644; x_wconf 88' lang='lat' dir='ltr'><strong>coepit.</strong></span> <span class='ocrx_word' id='word_1_146' title='bbox 1431 573 1459 628; x_wconf 92' lang='lat' dir='ltr'><strong>Si</strong></span> <span class='ocrx_word' id='word_1_147' title='bbox 1480 578 1569 627; x_wconf 91' lang='lat' dir='ltr'><strong>autern</strong></span> <span class='ocrx_word' id='word_1_148' title='bbox 1591 571 1672 643; x_wconf 88' lang='lat' dir='ltr'><strong>coepit</strong></span> <span class='ocrx_word' id='word_1_149' title='bbox 1691 574 1750 645; x_wconf 79' lang='lat' dir='ltr'><strong>gi-&#39;</strong></span> 
     </span>
     <span class='ocr_line' id='line_1_20' title="bbox 935 660 1738 733; baseline 0.001 -18"><span class='ocrx_word' id='word_1_150' title='bbox 935 678 1029 733; x_wconf 80' lang='lat' dir='ltr'><strong>gnere,</strong></span> <span class='ocrx_word' id='word_1_151' title='bbox 1045 661 1094 717; x_wconf 88' lang='lat' dir='ltr'><strong>luit</strong></span> <span class='ocrx_word' id='word_1_152' title='bbox 1115 661 1263 732; x_wconf 91' lang='lat' dir='ltr'><strong>aliquando</strong></span> <span class='ocrx_word' id='word_1_153' title='bbox 1284 663 1342 718; x_wconf 91' lang='lat' dir='ltr'><strong>sine</strong></span> <span class='ocrx_word' id='word_1_154' title='bbox 1362 661 1441 716; x_wconf 84' lang='lat' dir='ltr'><strong>Filio.</strong></span> <span class='ocrx_word' id='word_1_155' title='bbox 1464 661 1519 717; x_wconf 88' lang='lat' dir='ltr'><strong>Sed</strong></span> <span class='ocrx_word' id='word_1_156' title='bbox 1534 677 1670 732; x_wconf 89' lang='lat' dir='ltr'><strong>nunquam</strong></span> <span class='ocrx_word' id='word_1_157' title='bbox 1688 660 1738 716; x_wconf 88' lang='lat' dir='ltr'><strong>luit</strong></span> 
     </span>
     <span class='ocr_line' id='line_1_21' title="bbox 935 749 1738 822; baseline -0.001 -16"><span class='ocrx_word' id='word_1_158' title='bbox 935 752 994 807; x_wconf 90' lang='lat' dir='ltr'><strong>sine</strong></span> <span class='ocrx_word' id='word_1_159' title='bbox 1007 751 1074 806; x_wconf 85' lang='lat' dir='ltr'><strong>Filio</strong></span> <span class='ocrx_word' id='word_1_160' title='bbox 1085 770 1093 817; x_wconf 74' lang='grc' dir='ltr'><strong>ς</strong></span> <span class='ocrx_word' id='word_1_161' title='bbox 1103 749 1258 822; x_wconf 87' lang='lat' dir='ltr'><strong>quiaFilius</strong></span> <span class='ocrx_word' id='word_1_162' title='bbox 1275 750 1408 821; x_wconf 88' lang='lat' dir='ltr'><strong>sapientia</strong></span> <span class='ocrx_word' id='word_1_163' title='bbox 1422 750 1482 820; x_wconf 76' lang='lat' dir='ltr'><strong>eius</strong></span> <span class='ocrx_word' id='word_1_164' title='bbox 1502 757 1551 815; x_wconf 93' lang='lat' dir='ltr'><strong>est,</strong></span> <span class='ocrx_word' id='word_1_165' title='bbox 1563 766 1624 821; x_wconf 80' lang='lat' dir='ltr'><strong>quae</strong></span> <span class='ocrx_word' id='word_1_166' title='bbox 1635 749 1738 805; x_wconf 88' lang='lat' dir='ltr'><strong>candor</strong></span> 
     </span>
     <span class='ocr_line' id='line_1_22' title="bbox 935 839 1735 912; baseline -0.003 -15"><span class='ocrx_word' id='word_1_167' title='bbox 935 841 1053 897; x_wconf 87' lang='lat' dir='ltr'><strong>estlucis</strong></span> <span class='ocrx_word' id='word_1_168' title='bbox 1066 849 1185 896; x_wconf 66' lang='lat' dir='ltr'><strong>aeternae.</strong></span> <span class='ocrx_word' id='word_1_169' title='bbox 1197 841 1268 912; x_wconf 82' lang='lat' dir='ltr'><strong>Ergo</strong></span> <span class='ocrx_word' id='word_1_170' title='bbox 1287 855 1394 911; x_wconf 86' lang='lat' dir='ltr'><strong>semper</strong></span> <span class='ocrx_word' id='word_1_171' title='bbox 1411 839 1500 912; x_wconf 88' lang='lat' dir='ltr'><strong>gignit</strong></span> <span class='ocrx_word' id='word_1_172' title='bbox 1523 840 1735 904; x_wconf 89' lang='lat' dir='ltr'><strong>Pater,etsem-</strong></span> 
     </span>
     <span class='ocr_line' id='line_1_23' title="bbox 934 926 1736 1001; baseline -0.002 -16"><span class='ocrx_word' id='word_1_173' title='bbox 934 929 1117 1001; x_wconf 81' lang='lat' dir='ltr'><strong>pernoscitur</strong></span> <span class='ocrx_word' id='word_1_174' title='bbox 1135 928 1228 984; x_wconf 87' lang='lat' dir='ltr'><strong>Filius.</strong></span> <span class='ocrx_word' id='word_1_175' title='bbox 1248 953 1259 977; x_wconf 77' lang='grc' dir='ltr'>ι</span> <span class='ocrx_word' id='word_1_176' title='bbox 1281 929 1375 993; x_wconf 90' lang='lat' dir='ltr'><strong>Audis,</strong></span> <span class='ocrx_word' id='word_1_177' title='bbox 1391 929 1529 999; x_wconf 91' lang='lat' dir='ltr'><strong>inquiunt,</strong></span> <span class='ocrx_word' id='word_1_178' title='bbox 1542 927 1607 999; x_wconf 90' lang='lat' dir='ltr'><strong>quia</strong></span> <span class='ocrx_word' id='word_1_179' title='bbox 1619 926 1736 983; x_wconf 88' lang='lat' dir='ltr'><strong>conclu·</strong></span> 
     </span>
     <span class='ocr_line' id='line_1_24' title="bbox 934 1017 1738 1090; baseline -0.004 -16"><span class='ocrx_word' id='word_1_180' title='bbox 934 1018 977 1074; x_wconf 90' lang='lat' dir='ltr'><strong>dit</strong></span> <span class='ocrx_word' id='word_1_181' title='bbox 995 1027 1022 1074; x_wconf 90' lang='lat' dir='ltr'><strong>et</strong></span> <span class='ocrx_word' id='word_1_182' title='bbox 1042 1018 1107 1073; x_wconf 91' lang='lat' dir='ltr'><strong>dicit</strong></span> <span class='ocrx_word' id='word_1_183' title='bbox 1127 1035 1133 1072; x_wconf 92' lang='lat'>:</span> <span class='ocrx_word' id='word_1_184' title='bbox 1150 1018 1226 1090; x_wconf 85' lang='lat' dir='ltr'><strong>Ergo</strong></span> <span class='ocrx_word' id='word_1_185' title='bbox 1245 1033 1357 1087; x_wconf 84' lang='lat' dir='ltr'><strong>semper</strong></span> <span class='ocrx_word' id='word_1_186' title='bbox 1379 1017 1468 1089; x_wconf 90' lang='lat' dir='ltr'><strong>gignit</strong></span> <span class='ocrx_word' id='word_1_187' title='bbox 1489 1017 1567 1071; x_wconf 85' lang='lat' dir='ltr'><strong>Pater</strong></span> <span class='ocrx_word' id='word_1_188' title='bbox 1580 1024 1606 1072; x_wconf 95' lang='lat' dir='ltr'><strong>et</strong></span> <span class='ocrx_word' id='word_1_189' title='bbox 1628 1031 1738 1088; x_wconf 86' lang='lat' dir='ltr'><strong>semper</strong></span> 
     </span>
     <span class='ocr_line' id='line_1_25' title="bbox 933 1104 1735 1178; baseline -0.002 -16"><span class='ocrx_word' id='word_1_190' title='bbox 933 1107 1052 1163; x_wconf 89' lang='lat' dir='ltr'><strong>nascitur</strong></span> <span class='ocrx_word' id='word_1_191' title='bbox 1060 1107 1153 1161; x_wconf 84' lang='lat' dir='ltr'><strong>Filius.</strong></span> <span class='ocrx_word' id='word_1_192' title='bbox 1165 1105 1236 1175; x_wconf 85' lang='lat' dir='ltr'><strong>Quid</strong></span> <span class='ocrx_word' id='word_1_193' title='bbox 1244 1104 1326 1178; x_wconf 90' lang='lat' dir='ltr'><strong>igitur</strong></span> <span class='ocrx_word' id='word_1_194' title='bbox 1338 1106 1424 1162; x_wconf 82' lang='lat' dir='ltr'><strong>hebes</strong></span> <span class='ocrx_word' id='word_1_195' title='bbox 1443 1105 1566 1171; x_wconf 90' lang='lat' dir='ltr'><strong>remedii,</strong></span> <span class='ocrx_word' id='word_1_196' title='bbox 1577 1104 1624 1178; x_wconf 93' lang='lat' dir='ltr'><strong>qui</strong></span> <span class='ocrx_word' id='word_1_197' title='bbox 1638 1104 1735 1160; x_wconf 86' lang='lat' dir='ltr'><strong>Filium</strong></span> 
     </span>
     <span class='ocr_line' id='line_1_26' title="bbox 933 1192 1737 1268; baseline -0.002 -17"><span class='ocrx_word' id='word_1_198' title='bbox 933 1196 983 1251; x_wconf 86' lang='lat' dir='ltr'><strong>Dei</strong></span> <span class='ocrx_word' id='word_1_199' title='bbox 998 1211 1084 1268; x_wconf 86' lang='lat' dir='ltr'><strong>negas</strong></span> <span class='ocrx_word' id='word_1_200' title='bbox 1112 1211 1221 1266; x_wconf 85' lang='lat' dir='ltr'><strong>semper</strong></span> <span class='ocrx_word' id='word_1_201' title='bbox 1235 1195 1335 1250; x_wconf 79' lang='lat' dir='ltr'><strong>nasci?</strong></span> <span class='ocrx_word' id='word_1_202' title='bbox 1349 1197 1397 1251; x_wconf 85' lang='lat' dir='ltr'><strong>Ast</strong></span> <span class='ocrx_word' id='word_1_203' title='bbox 1418 1194 1498 1249; x_wconf 90' lang='lat' dir='ltr'><strong>aliter</strong></span> <span class='ocrx_word' id='word_1_204' title='bbox 1512 1201 1560 1249; x_wconf 91' lang='lat' dir='ltr'><strong>est.</strong></span> <span class='ocrx_word' id='word_1_205' title='bbox 1578 1192 1631 1262; x_wconf 84' lang='lat' dir='ltr'><strong>Qui</strong></span> <span class='ocrx_word' id='word_1_206' title='bbox 1648 1193 1737 1249; x_wconf 86' lang='lat' dir='ltr'><strong>taliter</strong></span> 
     </span>
     <span class='ocr_line' id='line_1_27' title="bbox 933 1281 1737 1357; baseline -0.005 -17"><span class='ocrx_word' id='word_1_207' title='bbox 933 1302 1050 1357; x_wconf 89' lang='lat' dir='ltr'><strong>namque</strong></span> <span class='ocrx_word' id='word_1_208' title='bbox 1065 1285 1194 1353; x_wconf 87' lang='lat' dir='ltr'><strong>sentiunt,</strong></span> <span class='ocrx_word' id='word_1_209' title='bbox 1210 1299 1265 1339; x_wconf 91' lang='lat' dir='ltr'><strong>nou</strong></span> <span class='ocrx_word' id='word_1_210' title='bbox 1294 1282 1429 1339; x_wconf 82' lang='lat' dir='ltr'><strong>subtiliter</strong></span> <span class='ocrx_word' id='word_1_211' title='bbox 1453 1282 1589 1338; x_wconf 91' lang='lat' dir='ltr'><strong>intuentes</strong></span> <span class='ocrx_word' id='word_1_212' title='bbox 1604 1282 1679 1355; x_wconf 92' lang='lat' dir='ltr'><strong>quod</strong></span> <span class='ocrx_word' id='word_1_213' title='bbox 1692 1281 1737 1338; x_wconf 92' lang='lat' dir='ltr'><strong>di·</strong></span> 
     </span>
     <span class='ocr_line' id='line_1_28' title="bbox 934 1371 1734 1445; baseline -0.001 -16"><span class='ocrx_word' id='word_1_214' title='bbox 934 1375 1013 1445; x_wconf 89' lang='lat' dir='ltr'><strong>citur,</strong></span> <span class='ocrx_word' id='word_1_215' title='bbox 1024 1373 1141 1445; x_wconf 78' lang='lat' dir='ltr'><strong>qualiter</strong></span> <span class='ocrx_word' id='word_1_216' title='bbox 1150 1373 1256 1443; x_wconf 92' lang='lat' dir='ltr'><strong>dicitur,</strong></span> <span class='ocrx_word' id='word_1_217' title='bbox 1264 1372 1379 1428; x_wconf 81' lang='lat' dir='ltr'><strong>obscure</strong></span> <span class='ocrx_word' id='word_1_218' title='bbox 1388 1372 1536 1427; x_wconf 87' lang='lat' dir='ltr'><strong>verborum</strong></span> <span class='ocrx_word' id='word_1_219' title='bbox 1544 1371 1734 1442; x_wconf 84' lang='lat' dir='ltr'><strong>complexione</strong></span> 
     </span>
     <span class='ocr_line' id='line_1_29' title="bbox 933 1462 1072 1519; baseline -0.007 -1"><span class='ocrx_word' id='word_1_220' title='bbox 933 1462 1072 1519; x_wconf 84' lang='lat' dir='ltr'><strong>falluntur.</strong></span> 
     </span>
    </p>

    <p class='ocr_par' dir='ltr' id='par_1_7' title="bbox 968 1549 1736 1624">
     <span class='ocr_line' id='line_1_30' title="bbox 968 1549 1736 1624; baseline -0.001 -17"><span class='ocrx_word' id='word_1_221' title='bbox 968 1553 1001 1608; x_wconf 85' lang='lat' dir='ltr'><strong>Et</strong></span> <span class='ocrx_word' id='word_1_222' title='bbox 1024 1552 1139 1622; x_wconf 88' lang='lat' dir='ltr'><strong>primurn</strong></span> <span class='ocrx_word' id='word_1_223' title='bbox 1164 1551 1275 1624; x_wconf 90' lang='lat' dir='ltr'><strong>quidem</strong></span> <span class='ocrx_word' id='word_1_224' title='bbox 1291 1551 1454 1622; x_wconf 88' lang='lat' dir='ltr'><strong>oportuisset</strong></span> <span class='ocrx_word' id='word_1_225' title='bbox 1469 1550 1597 1606; x_wconf 85' lang='lat' dir='ltr'><strong>homines</strong></span> <span class='ocrx_word' id='word_1_226' title='bbox 1621 1549 1736 1606; x_wconf 87' lang='lat' dir='ltr'><strong>eductos</strong></span> 
     </span>
    </p>
   </div>
   <div class='ocr_carea' id='block_1_7' title="bbox 68 1634 1734 1975">
    <p class='ocr_par' dir='ltr' id='par_1_8' title="bbox 68 1634 1734 1975">
     <span class='ocr_line' id='line_1_31' title="bbox 68 1634 1734 1712; baseline -0.002 -16"><span class='ocrx_word' id='word_1_227' title='bbox 68 1641 302 1696; x_wconf 87' lang='lat' dir='ltr'><strong>est;necnatura</strong></span> <span class='ocrx_word' id='word_1_228' title='bbox 333 1642 469 1700; x_wconf 71' lang='grc' dir='ltr'>ιιιῑιιιιιιι,</span> <span class='ocrx_word' id='word_1_229' title='bbox 486 1634 557 1706; x_wconf 75' lang='lat' dir='ltr'><strong>qt¹0d</strong></span> <span class='ocrx_word' id='word_1_230' title='bbox 588 1635 686 1690; x_wconf 69' lang='lat' dir='ltr'><strong>falsum</strong></span> <span class='ocrx_word' id='word_1_231' title='bbox 715 1643 765 1700; x_wconf 76' lang='lat' dir='ltr'><strong>est,</strong></span> <span class='ocrx_word' id='word_1_232' title='bbox 782 1649 878 1690; x_wconf 82' lang='lat' dir='ltr'><strong>susce·</strong></span> <span class='ocrx_word' id='word_1_233' title='bbox 932 1640 967 1696; x_wconf 90' lang='lat' dir='ltr'><strong>de</strong></span> <span class='ocrx_word' id='word_1_234' title='bbox 990 1641 1100 1696; x_wconf 86' lang='lat' dir='ltr'><strong>lornacc</strong></span> <span class='ocrx_word' id='word_1_235' title='bbox 1124 1641 1216 1695; x_wconf 83' lang='lat' dir='ltr'><strong>terrea</strong></span> <span class='ocrx_word' id='word_1_236' title='bbox 1240 1641 1358 1712; x_wconf 81' lang='lat' dir='ltr'><strong>AEgypti,</strong></span> <span class='ocrx_word' id='word_1_237' title='bbox 1374 1647 1401 1695; x_wconf 93' lang='lat' dir='ltr'><strong>et</strong></span> <span class='ocrx_word' id='word_1_238' title='bbox 1426 1647 1521 1695; x_wconf 91' lang='lat' dir='ltr'><strong>euntes</strong></span> <span class='ocrx_word' id='word_1_239' title='bbox 1536 1639 1570 1693; x_wconf 93' lang='lat' dir='ltr'><strong>ad</strong></span> <span class='ocrx_word' id='word_1_240' title='bbox 1598 1637 1734 1695; x_wconf 85' lang='lat' dir='ltr'><strong>civitatem</strong></span> 
     </span>
     <span class='ocr_line' id='line_1_32' title="bbox 68 1721 1733 1812; baseline 0.002 -33"><span class='ocrx_word' id='word_1_241' title='bbox 68 1721 127 1792; x_wconf 85' lang='lat' dir='ltr'><strong>pit:</strong></span> <span class='ocrx_word' id='word_1_242' title='bbox 144 1723 215 1777; x_wconf 78' lang='lat' dir='ltr'><strong>Tota</strong></span> <span class='ocrx_word' id='word_1_243' title='bbox 229 1721 301 1777; x_wconf 78' lang='lat' dir='ltr'><strong>snitu</strong></span> <span class='ocrx_word' id='word_1_244' title='bbox 331 1730 427 1778; x_wconf 75' lang='lat' dir='ltr'><strong>natura</strong></span> <span class='ocrx_word' id='word_1_245' title='bbox 451 1722 599 1778; x_wconf 75' lang='lat' dir='ltr'><strong>divinitalis</strong></span> <span class='ocrx_word' id='word_1_246' title='bbox 612 1723 641 1777; x_wconf 86' lang='lat' dir='ltr'><strong>in</strong></span> <span class='ocrx_word' id='word_1_247' title='bbox 673 1723 741 1778; x_wconf 78' lang='lat' dir='ltr'><strong>Filio</strong></span> <span class='ocrx_word' id='word_1_248' title='bbox 762 1722 811 1777; x_wconf 80' lang='lat' dir='ltr'><strong>Dei</strong></span> <span class='ocrx_word' id='word_1_249' title='bbox 826 1730 876 1789; x_wconf 78' lang='lat' dir='ltr'><strong>est,</strong></span> <span class='ocrx_word' id='word_1_250' title='bbox 891 1751 918 1812; x_wconf 78' lang='grc' dir='ltr'>Β</span> <span class='ocrx_word' id='word_1_251' title='bbox 932 1729 1106 1784; x_wconf 72' lang='lat' dir='ltr'><strong>habitationis</strong></span> <span class='ocrx_word' id='word_1_252' title='bbox 1119 1729 1223 1799; x_wconf 90' lang='lat' dir='ltr'><strong>absque</strong></span> <span class='ocrx_word' id='word_1_253' title='bbox 1244 1729 1415 1783; x_wconf 83' lang='lat' dir='ltr'><strong>dubitatione</strong></span> <span class='ocrx_word' id='word_1_254' title='bbox 1432 1728 1533 1783; x_wconf 85' lang='lat' dir='ltr'><strong>sentire</strong></span> <span class='ocrx_word' id='word_1_255' title='bbox 1557 1727 1646 1782; x_wconf 86' lang='lat' dir='ltr'><strong>virum</strong></span> <span class='ocrx_word' id='word_1_256' title='bbox 1662 1727 1733 1783; x_wconf 89' lang='lat' dir='ltr'><strong>huuc</strong></span> 
     </span>
     <span class='ocr_line' id='line_1_33' title="bbox 69 1810 1731 1889; baseline 0.003 -25"><span class='ocrx_word' id='word_1_257' title='bbox 69 1818 97 1864; x_wconf 93' lang='lat' dir='ltr'><strong>et</strong></span> <span class='ocrx_word' id='word_1_258' title='bbox 112 1817 187 1866; x_wconf 90' lang='lat' dir='ltr'><strong>totus</strong></span> <span class='ocrx_word' id='word_1_259' title='bbox 215 1810 265 1866; x_wconf 90' lang='lat' dir='ltr'><strong>Dei</strong></span> <span class='ocrx_word' id='word_1_260' title='bbox 281 1810 366 1866; x_wconf 78' lang='lat' dir='ltr'><strong>Filius</strong></span> <span class='ocrx_word' id='word_1_261' title='bbox 394 1819 477 1866; x_wconf 90' lang='lat' dir='ltr'><strong>toturn</strong></span> <span class='ocrx_word' id='word_1_262' title='bbox 508 1811 643 1867; x_wconf 86' lang='lat' dir='ltr'><strong>hominem</strong></span> <span class='ocrx_word' id='word_1_263' title='bbox 665 1814 795 1882; x_wconf 77' lang='lat' dir='ltr'><strong>suscepit.</strong></span> <span class='ocrx_word' id='word_1_264' title='bbox 811 1813 879 1868; x_wconf 89' lang='lat' dir='ltr'><strong>Tota</strong></span> <span class='ocrx_word' id='word_1_265' title='bbox 932 1827 987 1873; x_wconf 80' lang='lat' dir='ltr'><strong>tunt</strong></span> <span class='ocrx_word' id='word_1_266' title='bbox 1002 1818 1073 1873; x_wconf 76' lang='lat' dir='ltr'><strong>nuris</strong></span> <span class='ocrx_word' id='word_1_267' title='bbox 1087 1832 1120 1873; x_wconf 83' lang='lat' dir='ltr'><strong>ue</strong></span> <span class='ocrx_word' id='word_1_268' title='bbox 1133 1817 1255 1888; x_wconf 83' lang='lat' dir='ltr'><strong>praeclari</strong></span> <span class='ocrx_word' id='word_1_269' title='bbox 1276 1817 1391 1889; x_wconf 84' lang='lat' dir='ltr'><strong>ingenii,</strong></span> <span class='ocrx_word' id='word_1_270' title='bbox 1411 1824 1466 1871; x_wconf 86' lang='lat' dir='ltr'><strong>tam</strong></span> <span class='ocrx_word' id='word_1_271' title='bbox 1482 1815 1579 1871; x_wconf 91' lang='lat' dir='ltr'><strong>eruditi</strong></span> <span class='ocrx_word' id='word_1_272' title='bbox 1593 1831 1626 1871; x_wconf 89' lang='lat' dir='ltr'><strong>ac</strong></span> <span class='ocrx_word' id='word_1_273' title='bbox 1645 1815 1731 1887; x_wconf 89' lang='lat' dir='ltr'><strong>spiri-</strong></span> 
     </span>
     <span class='ocr_line' id='line_1_34' title="bbox 70 1897 1733 1975; baseline 0.003 -23"><span class='ocrx_word' id='word_1_274' title='bbox 70 1897 156 1971; x_wconf 88' lang='lat' dir='ltr'><strong>igitur</strong></span> <span class='ocrx_word' id='word_1_275' title='bbox 168 1907 265 1954; x_wconf 86' lang='lat' dir='ltr'><strong>natura</strong></span> <span class='ocrx_word' id='word_1_276' title='bbox 279 1898 430 1954; x_wconf 80' lang='lat' dir='ltr'><strong>divinitatis</strong></span> <span class='ocrx_word' id='word_1_277' title='bbox 445 1907 528 1955; x_wconf 90' lang='lat' dir='ltr'><strong>totam</strong></span> <span class='ocrx_word' id='word_1_278' title='bbox 544 1899 665 1971; x_wconf 85' lang='lat' dir='ltr'><strong>suscepit</strong></span> <span class='ocrx_word' id='word_1_279' title='bbox 688 1909 811 1956; x_wconf 90' lang='lat' dir='ltr'><strong>naturam</strong></span> <span class='ocrx_word' id='word_1_280' title='bbox 826 1902 879 1955; x_wconf 82' lang='lat' dir='ltr'><strong>ltu·</strong></span> <span class='ocrx_word' id='word_1_281' title='bbox 934 1905 1014 1960; x_wconf 91' lang='lat' dir='ltr'><strong>tualis</strong></span> <span class='ocrx_word' id='word_1_282' title='bbox 1037 1905 1201 1971; x_wconf 72' lang='lat' dir='ltr'><strong>onimium</strong></span> <span class='ocrx_word' id='word_1_283' title='bbox 1222 1904 1348 1960; x_wconf 80' lang='lat' dir='ltr'><strong>catholici</strong></span> <span class='ocrx_word' id='word_1_284' title='bbox 1374 1904 1503 1975; x_wconf 89' lang='lat' dir='ltr'><strong>pectoris,</strong></span> <span class='ocrx_word' id='word_1_285' title='bbox 1520 1903 1673 1974; x_wconf 70' lang='lat' dir='ltr'><strong>praesertim</strong></span> <span class='ocrx_word' id='word_1_286' title='bbox 1698 1904 1733 1959; x_wconf 93' lang='lat' dir='ltr'><strong>de</strong></span> 
     </span>
    </p>
   </div>
   <div class='ocr_carea' id='block_1_8' title="bbox 72 1987 1827 2065">
    <p class='ocr_par' dir='ltr' id='par_1_9' title="bbox 72 1987 1827 2065">
     <span class='ocr_line' id='line_1_35' title="bbox 72 1987 1827 2065; baseline 0.003 -24"><span class='ocrx_word' id='word_1_287' title='bbox 72 1987 222 2043; x_wconf 79' lang='lat' dir='ltr'><strong>maditatis.</strong></span> <span class='ocrx_word' id='word_1_288' title='bbox 239 1987 320 2044; x_wconf 84' lang='lat' dir='ltr'><strong>Solus</strong></span> <span class='ocrx_word' id='word_1_289' title='bbox 341 1995 433 2044; x_wconf 88' lang='lat' dir='ltr'><strong>tamen</strong></span> <span class='ocrx_word' id='word_1_290' title='bbox 451 1988 532 2043; x_wconf 82' lang='lat' dir='ltr'><strong>lilius</strong></span> <span class='ocrx_word' id='word_1_291' title='bbox 563 1990 717 2045; x_wconf 88' lang='lat' dir='ltr'><strong>incarnatus</strong></span> <span class='ocrx_word' id='word_1_292' title='bbox 744 1990 879 2055; x_wconf 86' lang='lat' dir='ltr'><strong>cst,etio</strong></span> <span class='ocrx_word' id='word_1_293' title='bbox 934 2009 1015 2051; x_wconf 78' lang='lat' dir='ltr'><strong>causa</strong></span> <span class='ocrx_word' id='word_1_294' title='bbox 1028 1994 1088 2060; x_wconf 88' lang='lat' dir='ltr'><strong>Dei,</strong></span> <span class='ocrx_word' id='word_1_295' title='bbox 1107 2009 1248 2064; x_wconf 88' lang='lat' dir='ltr'><strong>nunquam</strong></span> <span class='ocrx_word' id='word_1_296' title='bbox 1269 2009 1349 2063; x_wconf 89' lang='lat' dir='ltr'><strong>posse</strong></span> <span class='ocrx_word' id='word_1_297' title='bbox 1377 1992 1430 2046; x_wconf 89' lang='lat' dir='ltr'><strong>sibi</strong></span> <span class='ocrx_word' id='word_1_298' title='bbox 1458 1991 1609 2047; x_wconf 89' lang='lat' dir='ltr'><strong>dissentire.</strong></span> <span class='ocrx_word' id='word_1_299' title='bbox 1627 1990 1733 2047; x_wconf 87' lang='lat' dir='ltr'><strong>Deinde</strong></span> <span class='ocrx_word' id='word_1_300' title='bbox 1824 2058 1827 2065; x_wconf 25' lang='grc'>1</span> 
     </span>
    </p>
   </div>
   <div class='ocr_carea' id='block_1_9' title="bbox 71 2075 1735 2955">
    <p class='ocr_par' dir='ltr' id='par_1_10' title="bbox 71 2075 1734 2596">
     <span class='ocr_line' id='line_1_36' title="bbox 71 2075 1734 2154; baseline 0.002 -24"><span class='ocrx_word' id='word_1_301' title='bbox 71 2075 132 2131; x_wconf 90' lang='lat' dir='ltr'><strong>solo</strong></span> <span class='ocrx_word' id='word_1_302' title='bbox 147 2075 217 2131; x_wconf 83' lang='lat' dir='ltr'><strong>Filio</strong></span> <span class='ocrx_word' id='word_1_303' title='bbox 232 2083 290 2132; x_wconf 91' lang='lat' dir='ltr'><strong>tota</strong></span> <span class='ocrx_word' id='word_1_304' title='bbox 304 2076 443 2148; x_wconf 92' lang='lat' dir='ltr'><strong>plenitudo</strong></span> <span class='ocrx_word' id='word_1_305' title='bbox 457 2077 609 2134; x_wconf 87' lang='lat' dir='ltr'><strong>divinitatio</strong></span> <span class='ocrx_word' id='word_1_306' title='bbox 625 2078 727 2132; x_wconf 89' lang='lat' dir='ltr'><strong>habitat</strong></span> <span class='ocrx_word' id='word_1_307' title='bbox 750 2092 879 2149; x_wconf 90' lang='lat' dir='ltr'><strong>corpora·</strong></span> <span class='ocrx_word' id='word_1_308' title='bbox 934 2082 1049 2138; x_wconf 85' lang='lat' dir='ltr'><strong>Arianae</strong></span> <span class='ocrx_word' id='word_1_309' title='bbox 1063 2080 1182 2154; x_wconf 75' lang='lat' dir='ltr'><strong>perfidiae</strong></span> <span class='ocrx_word' id='word_1_310' title='bbox 1197 2081 1343 2146; x_wconf 79' lang='lat' dir='ltr'><strong>fallaciam,</strong></span> <span class='ocrx_word' id='word_1_311' title='bbox 1360 2088 1386 2136; x_wconf 94' lang='lat' dir='ltr'><strong>et</strong></span> <span class='ocrx_word' id='word_1_312' title='bbox 1399 2080 1561 2151; x_wconf 89' lang='lat' dir='ltr'><strong>sapientiam</strong></span> <span class='ocrx_word' id='word_1_313' title='bbox 1577 2080 1734 2135; x_wconf 88' lang='lat' dir='ltr'><strong>rescriben-</strong></span> 
     </span>
     <span class='ocr_line' id='line_1_37' title="bbox 71 2163 1733 2241; baseline 0.003 -22"><span class='ocrx_word' id='word_1_314' title='bbox 71 2163 146 2220; x_wconf 89' lang='lat' dir='ltr'><strong>liter.</strong></span> <span class='ocrx_word' id='word_1_315' title='bbox 159 2165 201 2220; x_wconf 89' lang='lat' dir='ltr'><strong>Ad</strong></span> <span class='ocrx_word' id='word_1_316' title='bbox 217 2165 296 2236; x_wconf 87' lang='lat' dir='ltr'><strong>hujus</strong></span> <span class='ocrx_word' id='word_1_317' title='bbox 308 2165 347 2220; x_wconf 90' lang='lat' dir='ltr'><strong>rei</strong></span> <span class='ocrx_word' id='word_1_318' title='bbox 363 2166 613 2221; x_wconf 78' lang='lat' dir='ltr'><strong>manifestationem</strong></span> <span class='ocrx_word' id='word_1_319' title='bbox 621 2167 785 2222; x_wconf 88' lang='lat' dir='ltr'><strong>haberemus</strong></span> <span class='ocrx_word' id='word_1_320' title='bbox 799 2168 880 2222; x_wconf 90' lang='lat' dir='ltr'><strong>etiam</strong></span> <span class='ocrx_word' id='word_1_321' title='bbox 934 2171 968 2225; x_wconf 90' lang='lat' dir='ltr'><strong>tis</strong></span> <span class='ocrx_word' id='word_1_322' title='bbox 977 2172 1180 2227; x_wconf 83' lang='lat' dir='ltr'><strong>animadverte.</strong></span> <span class='ocrx_word' id='word_1_323' title='bbox 1196 2172 1258 2226; x_wconf 89' lang='lat' dir='ltr'><strong>Non</strong></span> <span class='ocrx_word' id='word_1_324' title='bbox 1274 2170 1346 2225; x_wconf 90' lang='lat' dir='ltr'><strong>enim</strong></span> <span class='ocrx_word' id='word_1_325' title='bbox 1371 2169 1455 2225; x_wconf 90' lang='lat' dir='ltr'><strong>illatio</strong></span> <span class='ocrx_word' id='word_1_326' title='bbox 1470 2170 1528 2225; x_wconf 86' lang='lat' dir='ltr'><strong>haec</strong></span> <span class='ocrx_word' id='word_1_327' title='bbox 1543 2186 1549 2223; x_wconf 93' lang='lat'>:</span> <span class='ocrx_word' id='word_1_328' title='bbox 1567 2169 1640 2241; x_wconf 89' lang='lat' dir='ltr'><strong>Ergo</strong></span> <span class='ocrx_word' id='word_1_329' title='bbox 1654 2183 1733 2224; x_wconf 89' lang='lat' dir='ltr'><strong>sem·</strong></span> 
     </span>
     <span class='ocr_line' id='line_1_38' title="bbox 75 2252 1732 2331; baseline 0.002 -24"><span class='ocrx_word' id='word_1_330' title='bbox 75 2252 145 2308; x_wconf 88' lang='lat' dir='ltr'><strong>alios</strong></span> <span class='ocrx_word' id='word_1_331' title='bbox 165 2260 259 2320; x_wconf 91' lang='lat' dir='ltr'><strong>testes,</strong></span> <span class='ocrx_word' id='word_1_332' title='bbox 276 2254 327 2309; x_wconf 89' lang='lat' dir='ltr'><strong>nisi</strong></span> <span class='ocrx_word' id='word_1_333' title='bbox 352 2256 502 2311; x_wconf 86' lang='lat' dir='ltr'><strong>vitaremus</strong></span> <span class='ocrx_word' id='word_1_334' title='bbox 525 2255 673 2310; x_wconf 74' lang='lat' dir='ltr'><strong>fastidium.</strong></span> <span class='ocrx_word' id='word_1_335' title='bbox 691 2257 776 2329; x_wconf 88' lang='lat' dir='ltr'><strong>lgitur</strong></span> <span class='ocrx_word' id='word_1_336' title='bbox 788 2259 818 2309; x_wconf 89' lang='lat' dir='ltr'><strong>ut</strong></span> <span class='ocrx_word' id='word_1_337' title='bbox 833 2271 880 2311; x_wconf 93' lang='lat' dir='ltr'><strong>re·</strong></span> <span class='ocrx_word' id='word_1_338' title='bbox 933 2275 983 2330; x_wconf 92' lang='lat' dir='ltr'><strong>per</strong></span> <span class='ocrx_word' id='word_1_339' title='bbox 996 2258 1084 2331; x_wconf 83' lang='lat' dir='ltr'><strong>gignit</strong></span> <span class='ocrx_word' id='word_1_340' title='bbox 1099 2260 1185 2324; x_wconf 89' lang='lat' dir='ltr'><strong>Pater,</strong></span> <span class='ocrx_word' id='word_1_341' title='bbox 1204 2266 1229 2313; x_wconf 95' lang='lat' dir='ltr'><strong>et</strong></span> <span class='ocrx_word' id='word_1_342' title='bbox 1253 2273 1363 2329; x_wconf 88' lang='lat' dir='ltr'><strong>semper</strong></span> <span class='ocrx_word' id='word_1_343' title='bbox 1378 2256 1500 2330; x_wconf 73' lang='lat' dir='ltr'><strong>gignitur</strong></span> <span class='ocrx_word' id='word_1_344' title='bbox 1522 2256 1616 2319; x_wconf 89' lang='lat' dir='ltr'><strong>Filius,</strong></span> <span class='ocrx_word' id='word_1_345' title='bbox 1632 2271 1648 2312; x_wconf 89' lang='lat' dir='ltr'><strong>a</strong></span> <span class='ocrx_word' id='word_1_346' title='bbox 1662 2271 1732 2311; x_wconf 91' lang='lat' dir='ltr'><strong>con-</strong></span> 
     </span>
     <span class='ocr_line' id='line_1_39' title="bbox 75 2341 1733 2416; baseline 0.002 -19"><span class='ocrx_word' id='word_1_347' title='bbox 75 2341 194 2397; x_wconf 87' lang='lat' dir='ltr'><strong>deamua</strong></span> <span class='ocrx_word' id='word_1_348' title='bbox 206 2342 242 2397; x_wconf 86' lang='lat' dir='ltr'><strong>ad</strong></span> <span class='ocrx_word' id='word_1_349' title='bbox 256 2358 324 2408; x_wconf 89' lang='lat' dir='ltr'><strong>rem,</strong></span> <span class='ocrx_word' id='word_1_350' title='bbox 336 2343 382 2415; x_wconf 92' lang='lat' dir='ltr'><strong>qui</strong></span> <span class='ocrx_word' id='word_1_351' title='bbox 397 2343 431 2399; x_wconf 93' lang='lat' dir='ltr'><strong>de</strong></span> <span class='ocrx_word' id='word_1_352' title='bbox 446 2345 505 2400; x_wconf 88' lang='lat' dir='ltr'><strong>Deo</strong></span> <span class='ocrx_word' id='word_1_353' title='bbox 519 2351 576 2399; x_wconf 92' lang='lat' dir='ltr'><strong>toto</strong></span> <span class='ocrx_word' id='word_1_354' title='bbox 590 2351 660 2399; x_wconf 91' lang='lat' dir='ltr'><strong>totus</strong></span> <span class='ocrx_word' id='word_1_355' title='bbox 674 2345 748 2399; x_wconf 87' lang='lat' dir='ltr'><strong>Deus</strong></span> <span class='ocrx_word' id='word_1_356' title='bbox 760 2343 879 2416; x_wconf 86' lang='lat' dir='ltr'><strong>alioquin</strong></span> <span class='ocrx_word' id='word_1_357' title='bbox 933 2348 1018 2404; x_wconf 88' lang='lat' dir='ltr'><strong>cessis</strong></span> <span class='ocrx_word' id='word_1_358' title='bbox 1042 2348 1171 2413; x_wconf 88' lang='lat' dir='ltr'><strong>oboritur,</strong></span> <span class='ocrx_word' id='word_1_359' title='bbox 1187 2347 1236 2402; x_wconf 93' lang='lat' dir='ltr'><strong>sed</strong></span> <span class='ocrx_word' id='word_1_360' title='bbox 1258 2346 1292 2401; x_wconf 95' lang='lat' dir='ltr'><strong>ab</strong></span> <span class='ocrx_word' id='word_1_361' title='bbox 1313 2346 1478 2411; x_wconf 82' lang='lat' dir='ltr'><strong>adversario,</strong></span> <span class='ocrx_word' id='word_1_362' title='bbox 1494 2345 1569 2416; x_wconf 90' lang='lat' dir='ltr'><strong>quasi</strong></span> <span class='ocrx_word' id='word_1_363' title='bbox 1586 2343 1733 2400; x_wconf 85' lang='lat' dir='ltr'><strong>maiorer·</strong></span> 
     </span>
     <span class='ocr_line' id='line_1_40' title="bbox 75 2432 1732 2508; baseline 0.002 -23"><span class='ocrx_word' id='word_1_364' title='bbox 75 2446 132 2485; x_wconf 90' lang='lat' dir='ltr'><strong>non</strong></span> <span class='ocrx_word' id='word_1_365' title='bbox 160 2440 236 2487; x_wconf 84' lang='lat' dir='ltr'><strong>esset</strong></span> <span class='ocrx_word' id='word_1_366' title='bbox 263 2432 348 2494; x_wconf 86' lang='lat' dir='ltr'><strong>Deus,</strong></span> <span class='ocrx_word' id='word_1_367' title='bbox 364 2440 442 2488; x_wconf 89' lang='lat' dir='ltr'><strong>uatus</strong></span> <span class='ocrx_word' id='word_1_368' title='bbox 471 2440 513 2489; x_wconf 92' lang='lat' dir='ltr'><strong>est</strong></span> <span class='ocrx_word' id='word_1_369' title='bbox 535 2433 570 2488; x_wconf 88' lang='lat' dir='ltr'><strong>ab</strong></span> <span class='ocrx_word' id='word_1_370' title='bbox 585 2440 696 2504; x_wconf 79' lang='lat' dir='ltr'><strong>aeterno,</strong></span> <span class='ocrx_word' id='word_1_371' title='bbox 711 2450 820 2505; x_wconf 90' lang='lat' dir='ltr'><strong>semper</strong></span> <span class='ocrx_word' id='word_1_372' title='bbox 840 2441 881 2489; x_wconf 84' lang='lat' dir='ltr'><strong>est</strong></span> <span class='ocrx_word' id='word_1_373' title='bbox 933 2438 1030 2493; x_wconf 91' lang='lat' dir='ltr'><strong>borum</strong></span> <span class='ocrx_word' id='word_1_374' title='bbox 1041 2445 1204 2508; x_wconf 88' lang='lat' dir='ltr'><strong>aucupatore</strong></span> <span class='ocrx_word' id='word_1_375' title='bbox 1216 2435 1362 2507; x_wconf 87' lang='lat' dir='ltr'><strong>jaculatur.</strong></span> <span class='ocrx_word' id='word_1_376' title='bbox 1376 2434 1474 2490; x_wconf 87' lang='lat' dir='ltr'><strong>Nullus</strong></span> <span class='ocrx_word' id='word_1_377' title='bbox 1487 2434 1559 2489; x_wconf 89' lang='lat' dir='ltr'><strong>enirn</strong></span> <span class='ocrx_word' id='word_1_378' title='bbox 1582 2432 1732 2489; x_wconf 88' lang='lat' dir='ltr'><strong>catholicus</strong></span> 
     </span>
     <span class='ocr_line' id='line_1_41' title="bbox 72 2521 1733 2596; baseline 0.002 -23"><span class='ocrx_word' id='word_1_379' title='bbox 72 2528 169 2574; x_wconf 87' lang='lat' dir='ltr'><strong>natus.</strong></span> <span class='ocrx_word' id='word_1_380' title='bbox 934 2534 961 2581; x_wconf 93' lang='lat' dir='ltr'><strong>et</strong></span> <span class='ocrx_word' id='word_1_381' title='bbox 975 2525 1099 2582; x_wconf 82' lang='lat' dir='ltr'><strong>surditas</strong></span> <span class='ocrx_word' id='word_1_382' title='bbox 1113 2525 1204 2580; x_wconf 87' lang='lat' dir='ltr'><strong>scriba</strong></span> <span class='ocrx_word' id='word_1_383' title='bbox 1219 2524 1246 2578; x_wconf 93' lang='lat' dir='ltr'><strong>in</strong></span> <span class='ocrx_word' id='word_1_384' title='bbox 1261 2539 1348 2596; x_wconf 89' lang='lat' dir='ltr'><strong>reguo</strong></span> <span class='ocrx_word' id='word_1_385' title='bbox 1361 2524 1411 2578; x_wconf 89' lang='lat' dir='ltr'><strong>Dei</strong></span> <span class='ocrx_word' id='word_1_386' title='bbox 1425 2523 1521 2594; x_wconf 87' lang='lat' dir='ltr'><strong>primae</strong></span> <span class='ocrx_word' id='word_1_387' title='bbox 1530 2521 1733 2592; x_wconf 80' lang='lat' dir='ltr'><strong>consequendae</strong></span> 
     </span>
    </p>

    <p class='ocr_par' dir='ltr' id='par_1_11' title="bbox 72 2611 1735 2955">
     <span class='ocr_line' id='line_1_42' title="bbox 109 2611 1731 2688; baseline -0.004 -17"><span class='ocrx_word' id='word_1_388' title='bbox 109 2617 153 2672; x_wconf 85' lang='lat' dir='ltr'><strong>Ad</strong></span> <span class='ocrx_word' id='word_1_389' title='bbox 175 2617 259 2688; x_wconf 90' lang='lat' dir='ltr'><strong>hujus</strong></span> <span class='ocrx_word' id='word_1_390' title='bbox 281 2618 445 2674; x_wconf 80' lang='lat' dir='ltr'><strong>assertionis</strong></span> <span class='ocrx_word' id='word_1_391' title='bbox 466 2621 696 2676; x_wconf 84' lang='lat' dir='ltr'><strong>confirmationem</strong></span> <span class='ocrx_word' id='word_1_392' title='bbox 717 2621 745 2675; x_wconf 87' lang='lat' dir='ltr'><strong>S.</strong></span> <span class='ocrx_word' id='word_1_393' title='bbox 763 2619 881 2675; x_wconf 88' lang='lat' dir='ltr'><strong>llilarius</strong></span> <span class='ocrx_word' id='word_1_394' title='bbox 933 2614 1077 2670; x_wconf 89' lang='lat' dir='ltr'><strong>consentit.</strong></span> <span class='ocrx_word' id='word_1_395' title='bbox 1093 2613 1250 2668; x_wconf 84' lang='lat' dir='ltr'><strong>Falsissima</strong></span> <span class='ocrx_word' id='word_1_396' title='bbox 1264 2611 1590 2683; x_wconf 85' lang='lat' dir='ltr'><strong>enimest‚quaedicit:Si</strong></span> <span class='ocrx_word' id='word_1_397' title='bbox 1602 2617 1731 2665; x_wconf 76' lang='lat' dir='ltr'><strong>natusest</strong></span> 
     </span>
     <span class='ocr_line' id='line_1_43' title="bbox 75 2694 1733 2781; baseline -0.008 -19"><span class='ocrx_word' id='word_1_398' title='bbox 75 2704 219 2762; x_wconf 83' lang='lat' dir='ltr'><strong>concludit</strong></span> <span class='ocrx_word' id='word_1_399' title='bbox 233 2706 273 2763; x_wconf 86' lang='lat' dir='ltr'><strong>sic</strong></span> <span class='ocrx_word' id='word_1_400' title='bbox 290 2725 296 2760; x_wconf 93' lang='lat'>:</span> <span class='ocrx_word' id='word_1_401' title='bbox 316 2708 379 2764; x_wconf 75' lang='lat' dir='ltr'><strong>«Ut</strong></span> <span class='ocrx_word' id='word_1_402' title='bbox 398 2709 482 2780; x_wconf 88' lang='lat' dir='ltr'><strong>igitur</strong></span> <span class='ocrx_word' id='word_1_403' title='bbox 510 2710 580 2764; x_wconf 85' lang='lat' dir='ltr'><strong>Patri</strong></span> <span class='ocrx_word' id='word_1_404' title='bbox 609 2709 747 2781; x_wconf 88' lang='lat' dir='ltr'><strong>proprium</strong></span> <span class='ocrx_word' id='word_1_405' title='bbox 764 2708 880 2765; x_wconf 76' lang='lat' dir='ltr'><strong>estsine</strong></span> <span class='ocrx_word' id='word_1_406' title='bbox 934 2701 1017 2755; x_wconf 81' lang='lat' dir='ltr'><strong>Filius</strong></span> <span class='ocrx_word' id='word_1_407' title='bbox 1032 2698 1081 2754; x_wconf 86' lang='lat' dir='ltr'><strong>[tei</strong></span> <span class='ocrx_word' id='word_1_408' title='bbox 1092 2698 1127 2753; x_wconf 94' lang='lat' dir='ltr'><strong>de</strong></span> <span class='ocrx_word' id='word_1_409' title='bbox 1137 2697 1285 2767; x_wconf 87' lang='lat' dir='ltr'><strong>Patre,jam</strong></span> <span class='ocrx_word' id='word_1_410' title='bbox 1293 2694 1733 2769; x_wconf 84' lang='lat' dir='ltr'><strong>Paterdestititgignere.Scienti·</strong></span> 
     </span>
     <span class='ocr_line' id='line_1_44' title="bbox 72 2782 1733 2870; baseline -0.003 -28"><span class='ocrx_word' id='word_1_411' title='bbox 72 2794 217 2849; x_wconf 69' lang='lat' dir='ltr'><strong>nstivitate</strong></span> <span class='ocrx_word' id='word_1_412' title='bbox 229 2810 300 2863; x_wconf 72' lang='lat' dir='ltr'><strong>esus,</strong></span> <span class='ocrx_word' id='word_1_413' title='bbox 312 2795 348 2850; x_wconf 74' lang='lat' dir='ltr'><strong>itu</strong></span> <span class='ocrx_word' id='word_1_414' title='bbox 358 2796 426 2851; x_wconf 83' lang='lat' dir='ltr'><strong>Filio</strong></span> <span class='ocrx_word' id='word_1_415' title='bbox 440 2797 581 2868; x_wconf 76' lang='lat' dir='ltr'><strong>propi-inni</strong></span> <span class='ocrx_word' id='word_1_416' title='bbox 596 2806 637 2852; x_wconf 69' lang='lat' dir='ltr'><strong>nst</strong></span> <span class='ocrx_word' id='word_1_417' title='bbox 650 2815 700 2870; x_wconf 74' lang='lat' dir='ltr'><strong>nen</strong></span> <span class='ocrx_word' id='word_1_418' title='bbox 710 2797 879 2852; x_wconf 71' lang='lat' dir='ltr'><strong>nativitatem</strong></span> <span class='ocrx_word' id='word_1_419' title='bbox 933 2790 985 2844; x_wconf 88' lang='lat' dir='ltr'><strong>bus</strong></span> <span class='ocrx_word' id='word_1_420' title='bbox 995 2789 1101 2858; x_wconf 93' lang='lat' dir='ltr'><strong>loquor,</strong></span> <span class='ocrx_word' id='word_1_421' title='bbox 1114 2786 1309 2842; x_wconf 86' lang='lat' dir='ltr'><strong>etcallentibus</strong></span> <span class='ocrx_word' id='word_1_422' title='bbox 1319 2793 1403 2841; x_wconf 85' lang='lat' dir='ltr'><strong>artem</strong></span> <span class='ocrx_word' id='word_1_423' title='bbox 1415 2785 1583 2842; x_wconf 89' lang='lat' dir='ltr'><strong>disserendi.</strong></span> <span class='ocrx_word' id='word_1_424' title='bbox 1594 2782 1733 2840; x_wconf 85' lang='lat' dir='ltr'><strong>Clamavi-</strong></span> 
     </span>
     <span class='ocr_line' id='line_1_45' title="bbox 73 2871 1735 2955; baseline -0.001 -26"><span class='ocrx_word' id='word_1_425' title='bbox 73 2899 156 2939; x_wconf 68' lang='lat' dir='ltr'><strong>uuse:</strong></span> <span class='ocrx_word' id='word_1_426' title='bbox 173 2883 226 2939; x_wconf 78' lang='lat' dir='ltr'><strong>nnn</strong></span> <span class='ocrx_word' id='word_1_427' title='bbox 252 2891 291 2939; x_wconf 71' lang='lat' dir='ltr'><strong>est</strong></span> <span class='ocrx_word' id='word_1_428' title='bbox 320 2885 469 2955; x_wconf 69' lang='lat' dir='ltr'><strong>proprium,</strong></span> <span class='ocrx_word' id='word_1_429' title='bbox 486 2887 559 2955; x_wconf 71' lang='lat' dir='ltr'><strong>qunit</strong></span> <span class='ocrx_word' id='word_1_430' title='bbox 586 2888 649 2942; x_wconf 79' lang='lat' dir='ltr'><strong>sunit</strong></span> <span class='ocrx_word' id='word_1_431' title='bbox 678 2887 879 2942; x_wconf 66' lang='lat' dir='ltr'><strong>distinctionem</strong></span> <span class='ocrx_word' id='word_1_432' title='bbox 934 2874 1251 2941; x_wconf 88' lang='lat' dir='ltr'><strong>musiuscholis,adhue</strong></span> <span class='ocrx_word' id='word_1_433' title='bbox 1270 2873 1621 2943; x_wconf 87' lang='lat' dir='ltr'><strong>etiampueri;clamantet</strong></span> <span class='ocrx_word' id='word_1_434' title='bbox 1638 2871 1735 2936; x_wconf 89' lang='lat' dir='ltr'><strong>alii,ut</strong></span> 
     </span>
    </p>
   </div>
   <div class='ocr_carea' id='block_1_10' title="bbox 74 2958 1736 3401">
    <p class='ocr_par' dir='ltr' id='par_1_12' title="bbox 74 2958 1736 3401">
     <span class='ocr_line' id='line_1_46' title="bbox 74 2958 1733 3047; baseline -0.008 -19"><span class='ocrx_word' id='word_1_435' title='bbox 74 2973 378 3042; x_wconf 78' lang='lat' dir='ltr'><strong>personarum.=ttaec</strong></span> <span class='ocrx_word' id='word_1_436' title='bbox 405 2973 533 3039; x_wconf 84' lang='lat' dir='ltr'><strong>ililarins,</strong></span> <span class='ocrx_word' id='word_1_437' title='bbox 550 2982 577 3030; x_wconf 87' lang='lat' dir='ltr'><strong>et</strong></span> <span class='ocrx_word' id='word_1_438' title='bbox 592 2975 688 3030; x_wconf 76' lang='lat' dir='ltr'><strong>beatus</strong></span> <span class='ocrx_word' id='word_1_439' title='bbox 716 2975 881 3047; x_wconf 68' lang='lat' dir='ltr'><strong>Augustinus</strong></span> <span class='ocrx_word' id='word_1_440' title='bbox 933 2966 1141 3034; x_wconf 85' lang='lat' dir='ltr'><strong>arbitror,nunc</strong></span> <span class='ocrx_word' id='word_1_441' title='bbox 1158 2979 1276 3035; x_wconf 91' lang='lat' dir='ltr'><strong>quoque,</strong></span> <span class='ocrx_word' id='word_1_442' title='bbox 1288 2979 1385 3019; x_wconf 88' lang='lat' dir='ltr'><strong>rerum</strong></span> <span class='ocrx_word' id='word_1_443' title='bbox 1396 2970 1438 3018; x_wconf 89' lang='lat' dir='ltr'><strong>est</strong></span> <span class='ocrx_word' id='word_1_444' title='bbox 1452 2961 1625 3029; x_wconf 84' lang='lat' dir='ltr'><strong>antecedens,</strong></span> <span class='ocrx_word' id='word_1_445' title='bbox 1637 2969 1664 3016; x_wconf 91' lang='lat' dir='ltr'><strong>et</strong></span> <span class='ocrx_word' id='word_1_446' title='bbox 1680 2958 1733 3015; x_wconf 82' lang='lat' dir='ltr'><strong>lal-</strong></span> 
     </span>
     <span class='ocr_line' id='line_1_47' title="bbox 76 3048 1735 3163; baseline 0.002 -48"><span class='ocrx_word' id='word_1_447' title='bbox 76 3059 224 3115; x_wconf 85' lang='lat' dir='ltr'><strong>catholicse</strong></span> <span class='ocrx_word' id='word_1_448' title='bbox 238 3058 302 3116; x_wconf 86' lang='lat' dir='ltr'><strong>fidei</strong></span> <span class='ocrx_word' id='word_1_449' title='bbox 328 3060 387 3116; x_wconf 89' lang='lat' dir='ltr'><strong>loro</strong></span> <span class='ocrx_word' id='word_1_450' title='bbox 402 3061 544 3118; x_wconf 86' lang='lat' dir='ltr'><strong>deducitur</strong></span> <span class='ocrx_word' id='word_1_451' title='bbox 568 3063 594 3118; x_wconf 92' lang='lat' dir='ltr'><strong>iu</strong></span> <span class='ocrx_word' id='word_1_452' title='bbox 611 3065 683 3119; x_wconf 89' lang='lat' dir='ltr'><strong>hunc</strong></span> <span class='ocrx_word' id='word_1_453' title='bbox 701 3080 821 3119; x_wconf 88' lang='lat' dir='ltr'><strong>sensum.</strong></span> <span class='ocrx_word' id='word_1_454' title='bbox 836 3064 881 3120; x_wconf 91' lang='lat' dir='ltr'><strong>Sic</strong></span> <span class='ocrx_word' id='word_1_455' title='bbox 896 3098 921 3163; x_wconf 76' lang='lat' dir='ltr'>C</span> <span class='ocrx_word' id='word_1_456' title='bbox 935 3067 1180 3123; x_wconf 62' lang='lat' dir='ltr'><strong>sumconse(luen-³·</strong></span> <span class='ocrx_word' id='word_1_457' title='bbox 1191 3053 1289 3108; x_wconf 63' lang='lat' dir='ltr'>Verum</span> <span class='ocrx_word' id='word_1_458' title='bbox 1301 3048 1735 3120; x_wconf 65' lang='lat' dir='ltr'><strong>⁸³²essimidu⁰d¹¹⁸¹¹1⁸0⁵¹ffi¹iu⁸</strong></span> 
     </span>
     <span class='ocr_line' id='line_1_48' title="bbox 76 3138 1733 3211; baseline -0.01 -4"><span class='ocrx_word' id='word_1_459' title='bbox 76 3149 153 3204; x_wconf 84' lang='lat' dir='ltr'><strong>enim</strong></span> <span class='ocrx_word' id='word_1_460' title='bbox 182 3149 249 3205; x_wconf 90' lang='lat' dir='ltr'><strong>dicit</strong></span> <span class='ocrx_word' id='word_1_461' title='bbox 275 3149 302 3203; x_wconf 89' lang='lat' dir='ltr'><strong>ia</strong></span> <span class='ocrx_word' id='word_1_462' title='bbox 328 3150 398 3206; x_wconf 92' lang='lat' dir='ltr'><strong>libro</strong></span> <span class='ocrx_word' id='word_1_463' title='bbox 414 3151 454 3207; x_wconf 80' lang='lat' dir='ltr'><strong>lie</strong></span> <span class='ocrx_word' id='word_1_464' title='bbox 479 3152 608 3208; x_wconf 85' lang='lat' dir='ltr'><strong>Trinitate</strong></span> <span class='ocrx_word' id='word_1_465' title='bbox 637 3168 728 3208; x_wconf 85' lang='lat' dir='ltr'><strong>nouo:</strong></span> <span class='ocrx_word' id='word_1_466' title='bbox 747 3176 759 3201; x_wconf 67' lang='grc' dir='ltr'>ε</span> <span class='ocrx_word' id='word_1_467' title='bbox 776 3153 880 3209; x_wconf 85' lang='lat' dir='ltr'><strong>labeo</strong></span> <span class='ocrx_word' id='word_1_468' title='bbox 936 3138 1733 3211; x_wconf 81' lang='lat' dir='ltr'><strong>Deidcl‘atre;etialsumest,quodPaterdestititgignere.</strong></span> 
     </span>
     <span class='ocr_line' id='line_1_49' title="bbox 75 3226 1736 3313; baseline 0 -21"><span class='ocrx_word' id='word_1_469' title='bbox 75 3237 144 3293; x_wconf 81' lang='lat' dir='ltr'><strong>ntnu</strong></span> <span class='ocrx_word' id='word_1_470' title='bbox 169 3237 279 3308; x_wconf 79' lang='lat' dir='ltr'><strong>quirem</strong></span> <span class='ocrx_word' id='word_1_471' title='bbox 295 3238 441 3294; x_wconf 69' lang='lat' dir='ltr'><strong>nuendum</strong></span> <span class='ocrx_word' id='word_1_472' title='bbox 457 3240 707 3307; x_wconf 68' lang='lat' dir='ltr'><strong>arcitenentum,</strong></span> <span class='ocrx_word' id='word_1_473' title='bbox 723 3243 786 3313; x_wconf 78' lang='lat' dir='ltr'><strong>nnis</strong></span> <span class='ocrx_word' id='word_1_474' title='bbox 814 3242 879 3297; x_wconf 76' lang='lat' dir='ltr'><strong>uiuit</strong></span> <span class='ocrx_word' id='word_1_475' title='bbox 934 3232 994 3287; x_wconf 83' lang='lat' dir='ltr'><strong>Non</strong></span> <span class='ocrx_word' id='word_1_476' title='bbox 1005 3232 1078 3286; x_wconf 83' lang='lat' dir='ltr'><strong>enim</strong></span> <span class='ocrx_word' id='word_1_477' title='bbox 1090 3244 1206 3300; x_wconf 73' lang='lat' dir='ltr'><strong>uacuam</strong></span> <span class='ocrx_word' id='word_1_478' title='bbox 1223 3229 1335 3295; x_wconf 82' lang='lat' dir='ltr'><strong>destitit,</strong></span> <span class='ocrx_word' id='word_1_479' title='bbox 1347 3228 1393 3300; x_wconf 85' lang='lat' dir='ltr'><strong>qni</strong></span> <span class='ocrx_word' id='word_1_480' title='bbox 1405 3243 1543 3301; x_wconf 82' lang='lat' dir='ltr'><strong>uunquam</strong></span> <span class='ocrx_word' id='word_1_481' title='bbox 1561 3226 1736 3296; x_wconf 74' lang='lat' dir='ltr'><strong>eunitsinut</strong></span> 
     </span>
     <span class='ocr_line' id='line_1_50' title="bbox 75 3313 1732 3401; baseline -0.008 -19"><span class='ocrx_word' id='word_1_482' title='bbox 75 3326 104 3380; x_wconf 90' lang='lat' dir='ltr'><strong>in</strong></span> <span class='ocrx_word' id='word_1_483' title='bbox 113 3341 150 3382; x_wconf 84' lang='lat' dir='ltr'><strong>eo</strong></span> <span class='ocrx_word' id='word_1_484' title='bbox 158 3326 287 3383; x_wconf 90' lang='lat' dir='ltr'><strong>mutabile</strong></span> <span class='ocrx_word' id='word_1_485' title='bbox 297 3345 303 3389; x_wconf 87' lang='lat'><strong>;</strong></span> <span class='ocrx_word' id='word_1_486' title='bbox 314 3344 367 3384; x_wconf 88' lang='lat' dir='ltr'><strong>nec</strong></span> <span class='ocrx_word' id='word_1_487' title='bbox 380 3335 469 3384; x_wconf 88' lang='lat' dir='ltr'><strong>tamen</strong></span> <span class='ocrx_word' id='word_1_488' title='bbox 483 3344 564 3385; x_wconf 76' lang='lat' dir='ltr'><strong>omne</strong></span> <span class='ocrx_word' id='word_1_489' title='bbox 574 3331 647 3401; x_wconf 76' lang='lat' dir='ltr'><strong>qunti</strong></span> <span class='ocrx_word' id='word_1_490' title='bbox 661 3330 768 3398; x_wconf 71' lang='lat' dir='ltr'><strong>(linitur¹</strong></span> <span class='ocrx_word' id='word_1_491' title='bbox 778 3346 879 3385; x_wconf 78' lang='lat' dir='ltr'><strong>sunun-</strong></span> <span class='ocrx_word' id='word_1_492' title='bbox 933 3321 961 3375; x_wconf 92' lang='lat' dir='ltr'><strong>in</strong></span> <span class='ocrx_word' id='word_1_493' title='bbox 976 3318 1160 3390; x_wconf 90' lang='lat' dir='ltr'><strong>superioribus</strong></span> <span class='ocrx_word' id='word_1_494' title='bbox 1170 3318 1290 3372; x_wconf 91' lang='lat' dir='ltr'><strong>dilucide</strong></span> <span class='ocrx_word' id='word_1_495' title='bbox 1304 3317 1354 3384; x_wconf 76' lang='lat' dir='ltr'><strong>iuit</strong></span> <span class='ocrx_word' id='word_1_496' title='bbox 1368 3317 1567 3371; x_wconf 79' lang='lat' dir='ltr'><strong>ratiocinatum.</strong></span> <span class='ocrx_word' id='word_1_497' title='bbox 1584 3313 1651 3383; x_wconf 84' lang='lat' dir='ltr'><strong>Quae</strong></span> <span class='ocrx_word' id='word_1_498' title='bbox 1665 3329 1732 3386; x_wconf 88' lang='lat' dir='ltr'><strong>ergo</strong></span> 
     </span>
    </p>
   </div>
   <div class='ocr_carea' id='block_1_11' title="bbox 933 3402 1735 3478">
    <p class='ocr_par' dir='ltr' id='par_1_13' title="bbox 933 3402 1735 3478">
     <span class='ocr_line' id='line_1_51' title="bbox 933 3402 1735 3478; baseline -0.012 -14"><span class='ocrx_word' id='word_1_499' title='bbox 933 3416 1080 3478; x_wconf 90' lang='lat' dir='ltr'><strong>sequnntur</strong></span> <span class='ocrx_word' id='word_1_500' title='bbox 1096 3406 1138 3462; x_wconf 90' lang='lat' dir='ltr'><strong>:si</strong></span> <span class='ocrx_word' id='word_1_501' title='bbox 1155 3405 1265 3469; x_wconf 91' lang='lat' dir='ltr'><strong>destitit,</strong></span> <span class='ocrx_word' id='word_1_502' title='bbox 1287 3406 1384 3477; x_wconf 88' lang='lat' dir='ltr'><strong>coepit:</strong></span> <span class='ocrx_word' id='word_1_503' title='bbox 1402 3405 1453 3459; x_wconf 87' lang='lat' dir='ltr'><strong>luit</strong></span> <span class='ocrx_word' id='word_1_504' title='bbox 1480 3402 1628 3474; x_wconf 89' lang='lat' dir='ltr'><strong>aliquando</strong></span> <span class='ocrx_word' id='word_1_505' title='bbox 1657 3403 1735 3456; x_wconf 87' lang='lat' dir='ltr'><strong>Pater</strong></span> 
     </span>
    </p>
   </div>
   <div class='ocr_carea' id='block_1_12' title="bbox 71 3414 880 4453">
    <p class='ocr_par' dir='ltr' id='par_1_14' title="bbox 71 3414 880 4453">
     <span class='ocr_line' id='line_1_52' title="bbox 75 3414 878 3488; baseline 0.005 -18"><span class='ocrx_word' id='word_1_506' title='bbox 75 3414 141 3470; x_wconf 91' lang='lat' dir='ltr'><strong>dum</strong></span> <span class='ocrx_word' id='word_1_507' title='bbox 166 3415 347 3470; x_wconf 88' lang='lat' dir='ltr'><strong>substantiam</strong></span> <span class='ocrx_word' id='word_1_508' title='bbox 376 3416 487 3473; x_wconf 89' lang='lat' dir='ltr'><strong>dicitur.</strong></span> <span class='ocrx_word' id='word_1_509' title='bbox 506 3418 609 3473; x_wconf 87' lang='lat' dir='ltr'><strong>Dicitur</strong></span> <span class='ocrx_word' id='word_1_510' title='bbox 622 3418 694 3474; x_wconf 92' lang='lat' dir='ltr'><strong>enim</strong></span> <span class='ocrx_word' id='word_1_511' title='bbox 709 3419 742 3473; x_wconf 94' lang='lat' dir='ltr'><strong>ad</strong></span> <span class='ocrx_word' id='word_1_512' title='bbox 767 3418 878 3488; x_wconf 91' lang='lat' dir='ltr'><strong>aliquid,</strong></span> 
     </span>
     <span class='ocr_line' id='line_1_53' title="bbox 73 3499 880 3569; baseline 0.006 -16"><span class='ocrx_word' id='word_1_513' title='bbox 73 3500 150 3554; x_wconf 87' lang='lat' dir='ltr'><strong>sicut</strong></span> <span class='ocrx_word' id='word_1_514' title='bbox 164 3499 247 3553; x_wconf 88' lang='lat' dir='ltr'><strong>Pater</strong></span> <span class='ocrx_word' id='word_1_515' title='bbox 273 3499 308 3553; x_wconf 90' lang='lat' dir='ltr'><strong>ad</strong></span> <span class='ocrx_word' id='word_1_516' title='bbox 336 3500 444 3569; x_wconf 83' lang='lat' dir='ltr'><strong>Filium,</strong></span> <span class='ocrx_word' id='word_1_517' title='bbox 460 3508 487 3556; x_wconf 92' lang='lat' dir='ltr'><strong>et</strong></span> <span class='ocrx_word' id='word_1_518' title='bbox 502 3500 586 3556; x_wconf 83' lang='lat' dir='ltr'><strong>Filius</strong></span> <span class='ocrx_word' id='word_1_519' title='bbox 602 3502 637 3556; x_wconf 86' lang='lat' dir='ltr'><strong>ad</strong></span> <span class='ocrx_word' id='word_1_520' title='bbox 666 3503 783 3558; x_wconf 89' lang='lat' dir='ltr'><strong>Patrem.</strong></span> <span class='ocrx_word' id='word_1_521' title='bbox 800 3501 880 3568; x_wconf 90' lang='lat' dir='ltr'><strong>Quod</strong></span> 
     </span>
     <span class='ocr_line' id='line_1_54' title="bbox 71 3587 879 3662; baseline 0.006 -22"><span class='ocrx_word' id='word_1_522' title='bbox 71 3594 187 3641; x_wconf 75' lang='lat' dir='ltr'><strong>nonest</strong></span> <span class='ocrx_word' id='word_1_523' title='bbox 205 3587 421 3660; x_wconf 76' lang='lat' dir='ltr'><strong>accidenstquia</strong></span> <span class='ocrx_word' id='word_1_524' title='bbox 437 3597 463 3645; x_wconf 89' lang='lat' dir='ltr'><strong>et</strong></span> <span class='ocrx_word' id='word_1_525' title='bbox 488 3589 533 3644; x_wconf 93' lang='lat' dir='ltr'><strong>ille</strong></span> <span class='ocrx_word' id='word_1_526' title='bbox 558 3606 667 3662; x_wconf 86' lang='lat' dir='ltr'><strong>semper</strong></span> <span class='ocrx_word' id='word_1_527' title='bbox 689 3592 779 3658; x_wconf 84' lang='lat' dir='ltr'><strong>Pater,</strong></span> <span class='ocrx_word' id='word_1_528' title='bbox 789 3599 816 3645; x_wconf 92' lang='lat' dir='ltr'><strong>et</strong></span> <span class='ocrx_word' id='word_1_529' title='bbox 833 3591 879 3645; x_wconf 89' lang='lat' dir='ltr'><strong>ille</strong></span> 
     </span>
     <span class='ocr_line' id='line_1_55' title="bbox 73 3674 878 3750; baseline 0.005 -21"><span class='ocrx_word' id='word_1_530' title='bbox 73 3690 186 3745; x_wconf 87' lang='lat' dir='ltr'><strong>semper</strong></span> <span class='ocrx_word' id='word_1_531' title='bbox 211 3674 295 3730; x_wconf 82' lang='lat' dir='ltr'><strong>Filius</strong></span> <span class='ocrx_word' id='word_1_532' title='bbox 310 3693 318 3742; x_wconf 90' lang='grc'>;</span> <span class='ocrx_word' id='word_1_533' title='bbox 334 3684 361 3732; x_wconf 86' lang='grc' dir='ltr'><strong>ει</strong></span> <span class='ocrx_word' id='word_1_534' title='bbox 378 3692 433 3732; x_wconf 93' lang='lat' dir='ltr'><strong>non</strong></span> <span class='ocrx_word' id='word_1_535' title='bbox 461 3677 499 3733; x_wconf 85' lang='lat' dir='ltr'><strong>ita</strong></span> <span class='ocrx_word' id='word_1_536' title='bbox 526 3693 650 3748; x_wconf 87' lang='lat' dir='ltr'><strong>semper,</strong></span> <span class='ocrx_word' id='word_1_537' title='bbox 675 3679 753 3750; x_wconf 79' lang='lat' dir='ltr'><strong>quasi</strong></span> <span class='ocrx_word' id='word_1_538' title='bbox 774 3696 808 3735; x_wconf 84' lang='lat' dir='ltr'><strong>ex</strong></span> <span class='ocrx_word' id='word_1_539' title='bbox 825 3693 878 3749; x_wconf 91' lang='lat' dir='ltr'><strong>quo</strong></span> 
     </span>
     <span class='ocr_line' id='line_1_56' title="bbox 74 3763 879 3838; baseline 0.006 -20"><span class='ocrx_word' id='word_1_540' title='bbox 74 3771 214 3818; x_wconf 82' lang='lat' dir='ltr'><strong>natusest</strong></span> <span class='ocrx_word' id='word_1_541' title='bbox 241 3763 335 3829; x_wconf 85' lang='lat' dir='ltr'><strong>Filius,</strong></span> <span class='ocrx_word' id='word_1_542' title='bbox 347 3773 393 3819; x_wconf 93' lang='lat' dir='ltr'><strong>aut</strong></span> <span class='ocrx_word' id='word_1_543' title='bbox 420 3781 452 3820; x_wconf 85' lang='lat' dir='ltr'><strong>ex</strong></span> <span class='ocrx_word' id='word_1_544' title='bbox 467 3780 500 3822; x_wconf 93' lang='lat' dir='ltr'><strong>eo</strong></span> <span class='ocrx_word' id='word_1_545' title='bbox 518 3766 590 3836; x_wconf 92' lang='lat' dir='ltr'><strong>quod</strong></span> <span class='ocrx_word' id='word_1_546' title='bbox 606 3783 744 3838; x_wconf 87' lang='lat' dir='ltr'><strong>nunquam</strong></span> <span class='ocrx_word' id='word_1_547' title='bbox 772 3767 879 3823; x_wconf 90' lang='lat' dir='ltr'><strong>desinat</strong></span> 
     </span>
     <span class='ocr_line' id='line_1_57' title="bbox 74 3851 878 3920; baseline 0.005 -14"><span class='ocrx_word' id='word_1_548' title='bbox 74 3868 136 3907; x_wconf 79' lang='lat' dir='ltr'><strong>esse</strong></span> <span class='ocrx_word' id='word_1_549' title='bbox 153 3851 248 3918; x_wconf 72' lang='lat' dir='ltr'><strong>Silius,</strong></span> <span class='ocrx_word' id='word_1_550' title='bbox 265 3853 344 3908; x_wconf 82' lang='lat' dir='ltr'><strong>Pater</strong></span> <span class='ocrx_word' id='word_1_551' title='bbox 359 3868 413 3908; x_wconf 90' lang='lat' dir='ltr'><strong>uon</strong></span> <span class='ocrx_word' id='word_1_552' title='bbox 430 3854 537 3911; x_wconf 86' lang='lat' dir='ltr'><strong>desinat</strong></span> <span class='ocrx_word' id='word_1_553' title='bbox 551 3871 613 3910; x_wconf 88' lang='lat' dir='ltr'><strong>esse</strong></span> <span class='ocrx_word' id='word_1_554' title='bbox 630 3857 717 3920; x_wconf 86' lang='lat' dir='ltr'><strong>Pater,</strong></span> <span class='ocrx_word' id='word_1_555' title='bbox 733 3856 784 3910; x_wconf 90' lang='lat' dir='ltr'><strong>sed</strong></span> <span class='ocrx_word' id='word_1_556' title='bbox 798 3872 830 3910; x_wconf 83' lang='lat' dir='ltr'><strong>ex</strong></span> <span class='ocrx_word' id='word_1_557' title='bbox 846 3871 878 3911; x_wconf 90' lang='lat' dir='ltr'><strong>eo</strong></span> 
     </span>
     <span class='ocr_line' id='line_1_58' title="bbox 75 3941 878 4015; baseline 0.007 -22"><span class='ocrx_word' id='word_1_558' title='bbox 75 3941 150 4012; x_wconf 89' lang='lat' dir='ltr'><strong>quod</strong></span> <span class='ocrx_word' id='word_1_559' title='bbox 167 3956 277 4010; x_wconf 87' lang='lat' dir='ltr'><strong>semper</strong></span> <span class='ocrx_word' id='word_1_560' title='bbox 287 3950 337 4011; x_wconf 91' lang='lat' dir='ltr'><strong>est,</strong></span> <span class='ocrx_word' id='word_1_561' title='bbox 354 3950 433 3997; x_wconf 88' lang='lat' dir='ltr'><strong>natus</strong></span> <span class='ocrx_word' id='word_1_562' title='bbox 456 3952 496 3998; x_wconf 90' lang='lat' dir='ltr'><strong>est</strong></span> <span class='ocrx_word' id='word_1_563' title='bbox 519 3943 610 3999; x_wconf 83' lang='lat' dir='ltr'><strong>Filius.</strong></span> <span class='ocrx_word' id='word_1_564' title='bbox 630 3968 640 3991; x_wconf 77' lang='lat' dir='ltr'><strong>n</strong></span> <span class='ocrx_word' id='word_1_565' title='bbox 654 3944 736 4000; x_wconf 88' lang='lat' dir='ltr'><strong>Gravi</strong></span> <span class='ocrx_word' id='word_1_566' title='bbox 747 3945 878 4015; x_wconf 83' lang='lat' dir='ltr'><strong>siquidem</strong></span> 
     </span>
     <span class='ocr_line' id='line_1_59' title="bbox 73 4029 879 4102; baseline 0.005 -18"><span class='ocrx_word' id='word_1_567' title='bbox 73 4044 172 4085; x_wconf 89' lang='lat' dir='ltr'><strong>somno</strong></span> <span class='ocrx_word' id='word_1_568' title='bbox 187 4029 357 4100; x_wconf 85' lang='lat' dir='ltr'><strong>temporanei</strong></span> <span class='ocrx_word' id='word_1_569' title='bbox 383 4030 470 4086; x_wconf 91' lang='lat' dir='ltr'><strong>nostri</strong></span> <span class='ocrx_word' id='word_1_570' title='bbox 498 4040 665 4102; x_wconf 89' lang='lat' dir='ltr'><strong>premuntur,</strong></span> <span class='ocrx_word' id='word_1_571' title='bbox 681 4033 704 4087; x_wconf 91' lang='lat' dir='ltr'><strong>si</strong></span> <span class='ocrx_word' id='word_1_572' title='bbox 720 4032 812 4088; x_wconf 89' lang='lat' dir='ltr'><strong>verbis</strong></span> <span class='ocrx_word' id='word_1_573' title='bbox 836 4033 879 4088; x_wconf 86' lang='lat' dir='ltr'><strong>his</strong></span> 
     </span>
     <span class='ocr_line' id='line_1_60' title="bbox 74 4117 880 4194; baseline 0.005 -22"><span class='ocrx_word' id='word_1_574' title='bbox 74 4117 185 4173; x_wconf 84' lang='lat' dir='ltr'><strong>excitati</strong></span> <span class='ocrx_word' id='word_1_575' title='bbox 200 4133 255 4174; x_wconf 89' lang='lat' dir='ltr'><strong>nou</strong></span> <span class='ocrx_word' id='word_1_576' title='bbox 279 4118 479 4190; x_wconf 79' lang='lat' dir='ltr'><strong>evigilaverint,</strong></span> <span class='ocrx_word' id='word_1_577' title='bbox 491 4119 518 4173; x_wconf 94' lang='lat' dir='ltr'><strong>in</strong></span> <span class='ocrx_word' id='word_1_578' title='bbox 542 4120 640 4190; x_wconf 87' lang='lat' dir='ltr'><strong>quibus</strong></span> <span class='ocrx_word' id='word_1_579' title='bbox 663 4122 695 4175; x_wconf 89' lang='lat' dir='ltr'><strong>B.</strong></span> <span class='ocrx_word' id='word_1_580' title='bbox 714 4122 880 4194; x_wconf 75' lang='lat' dir='ltr'><strong>Augustinus</strong></span> 
     </span>
     <span class='ocr_line' id='line_1_61' title="bbox 74 4204 878 4280; baseline 0.004 -19"><span class='ocrx_word' id='word_1_581' title='bbox 74 4205 249 4277; x_wconf 82' lang='lat' dir='ltr'><strong>paternitatis</strong></span> <span class='ocrx_word' id='word_1_582' title='bbox 264 4214 290 4261; x_wconf 90' lang='lat' dir='ltr'><strong>et</strong></span> <span class='ocrx_word' id='word_1_583' title='bbox 305 4204 441 4262; x_wconf 86' lang='lat' dir='ltr'><strong>filiationis</strong></span> <span class='ocrx_word' id='word_1_584' title='bbox 456 4223 566 4263; x_wconf 89' lang='lat' dir='ltr'><strong>omnem</strong></span> <span class='ocrx_word' id='word_1_585' title='bbox 585 4209 705 4264; x_wconf 88' lang='lat' dir='ltr'><strong>excludit</strong></span> <span class='ocrx_word' id='word_1_586' title='bbox 727 4209 878 4280; x_wconf 86' lang='lat' dir='ltr'><strong>corporali·</strong></span> 
     </span>
     <span class='ocr_line' id='line_1_62' title="bbox 74 4293 878 4368; baseline 0.005 -18"><span class='ocrx_word' id='word_1_587' title='bbox 74 4298 171 4362; x_wconf 89' lang='lat' dir='ltr'><strong>tatem,</strong></span> <span class='ocrx_word' id='word_1_588' title='bbox 186 4301 214 4349; x_wconf 88' lang='lat' dir='ltr'><strong>et</strong></span> <span class='ocrx_word' id='word_1_589' title='bbox 228 4293 305 4360; x_wconf 87' lang='lat' dir='ltr'><strong>dicit,</strong></span> <span class='ocrx_word' id='word_1_590' title='bbox 320 4295 382 4367; x_wconf 88' lang='lat' dir='ltr'><strong>quia</strong></span> <span class='ocrx_word' id='word_1_591' title='bbox 410 4296 472 4352; x_wconf 90' lang='lat' dir='ltr'><strong>ideo</strong></span> <span class='ocrx_word' id='word_1_592' title='bbox 501 4313 610 4368; x_wconf 90' lang='lat' dir='ltr'><strong>semper</strong></span> <span class='ocrx_word' id='word_1_593' title='bbox 625 4306 705 4353; x_wconf 85' lang='lat' dir='ltr'><strong>natus</strong></span> <span class='ocrx_word' id='word_1_594' title='bbox 728 4306 770 4352; x_wconf 89' lang='lat' dir='ltr'><strong>est</strong></span> <span class='ocrx_word' id='word_1_595' title='bbox 785 4298 878 4365; x_wconf 84' lang='lat' dir='ltr'><strong>Filius,</strong></span> 
     </span>
     <span class='ocr_line' id='line_1_63' title="bbox 74 4383 880 4453; baseline 0.002 -15"><span class='ocrx_word' id='word_1_596' title='bbox 74 4383 140 4453; x_wconf 90' lang='lat' dir='ltr'><strong>quia</strong></span> <span class='ocrx_word' id='word_1_597' title='bbox 155 4383 227 4438; x_wconf 87' lang='lat' dir='ltr'><strong>sicut</strong></span> <span class='ocrx_word' id='word_1_598' title='bbox 248 4399 369 4453; x_wconf 87' lang='lat' dir='ltr'><strong>semper,</strong></span> <span class='ocrx_word' id='word_1_599' title='bbox 385 4383 412 4438; x_wconf 94' lang='lat' dir='ltr'><strong>id</strong></span> <span class='ocrx_word' id='word_1_600' title='bbox 423 4393 462 4438; x_wconf 86' lang='lat' dir='ltr'><strong>est</strong></span> <span class='ocrx_word' id='word_1_601' title='bbox 473 4383 508 4439; x_wconf 91' lang='lat' dir='ltr'><strong>ab</strong></span> <span class='ocrx_word' id='word_1_602' title='bbox 521 4394 624 4440; x_wconf 75' lang='lat' dir='ltr'><strong>aterno</strong></span> <span class='ocrx_word' id='word_1_603' title='bbox 642 4387 720 4441; x_wconf 91' lang='lat' dir='ltr'><strong>Pater</strong></span> <span class='ocrx_word' id='word_1_604' title='bbox 734 4394 785 4452; x_wconf 87' lang='lat' dir='ltr'><strong>est,</strong></span> <span class='ocrx_word' id='word_1_605' title='bbox 800 4386 836 4440; x_wconf 91' lang='lat' dir='ltr'><strong>ita</strong></span> <span class='ocrx_word' id='word_1_606' title='bbox 852 4393 880 4441; x_wconf 93' lang='lat' dir='ltr'><strong>et</strong></span> 
     </span>
    </p>
   </div>
   <div class='ocr_carea' id='block_1_13' title="bbox 75 4457 918 4547">
    <p class='ocr_par' dir='ltr' id='par_1_15' title="bbox 75 4457 918 4547">
     <span class='ocr_line' id='line_1_64' title="bbox 75 4457 918 4547; baseline 0.005 -21"><span class='ocrx_word' id='word_1_607' title='bbox 75 4471 162 4526; x_wconf 88' lang='lat' dir='ltr'><strong>Filius</strong></span> <span class='ocrx_word' id='word_1_608' title='bbox 185 4486 304 4542; x_wconf 87' lang='lat' dir='ltr'><strong>semper,</strong></span> <span class='ocrx_word' id='word_1_609' title='bbox 320 4471 348 4526; x_wconf 93' lang='lat' dir='ltr'><strong>id</strong></span> <span class='ocrx_word' id='word_1_610' title='bbox 370 4479 411 4528; x_wconf 88' lang='lat' dir='ltr'><strong>est</strong></span> <span class='ocrx_word' id='word_1_611' title='bbox 438 4472 474 4527; x_wconf 92' lang='lat' dir='ltr'><strong>ab</strong></span> <span class='ocrx_word' id='word_1_612' title='bbox 497 4481 599 4528; x_wconf 73' lang='lat' dir='ltr'><strong>esterno</strong></span> <span class='ocrx_word' id='word_1_613' title='bbox 614 4478 657 4529; x_wconf 89' lang='lat' dir='ltr'><strong>est</strong></span> <span class='ocrx_word' id='word_1_614' title='bbox 683 4474 775 4531; x_wconf 85' lang='lat' dir='ltr'><strong>Filius.</strong></span> <span class='ocrx_word' id='word_1_615' title='bbox 793 4457 918 4547; x_wconf 87' lang='lat' dir='ltr'><strong>lgiturD</strong></span> 
     </span>
    </p>
   </div>
   <div class='ocr_carea' id='block_1_14' title="bbox 75 4559 878 4633">
    <p class='ocr_par' dir='ltr' id='par_1_16' title="bbox 75 4559 878 4633">
     <span class='ocr_line' id='line_1_65' title="bbox 75 4559 878 4633; baseline 0.009 -19"><span class='ocrx_word' id='word_1_616' title='bbox 75 4567 121 4614; x_wconf 92' lang='lat' dir='ltr'><strong>aut</strong></span> <span class='ocrx_word' id='word_1_617' title='bbox 133 4559 288 4632; x_wconf 88' lang='lat' dir='ltr'><strong>perlectum</strong></span> <span class='ocrx_word' id='word_1_618' title='bbox 302 4559 399 4632; x_wconf 85' lang='lat' dir='ltr'><strong>genuit</strong></span> <span class='ocrx_word' id='word_1_619' title='bbox 415 4562 493 4616; x_wconf 89' lang='lat' dir='ltr'><strong>Pater</strong></span> <span class='ocrx_word' id='word_1_620' title='bbox 507 4562 613 4627; x_wconf 82' lang='lat' dir='ltr'><strong>Filium,</strong></span> <span class='ocrx_word' id='word_1_621' title='bbox 624 4570 671 4617; x_wconf 87' lang='lat' dir='ltr'><strong>aut</strong></span> <span class='ocrx_word' id='word_1_622' title='bbox 680 4564 878 4633; x_wconf 87' lang='lat' dir='ltr'><strong>imperleotum.</strong></span> 
     </span>
    </p>
   </div>
   <div class='ocr_carea' id='block_1_15' title="bbox 933 3490 1760 4632">
    <p class='ocr_par' dir='ltr' id='par_1_17' title="bbox 933 3490 1760 4632">
     <span class='ocr_line' id='line_1_66' title="bbox 934 3490 1733 3564; baseline -0.011 -10"><span class='ocrx_word' id='word_1_623' title='bbox 934 3499 992 3554; x_wconf 89' lang='lat' dir='ltr'><strong>sine</strong></span> <span class='ocrx_word' id='word_1_624' title='bbox 1006 3496 1085 3561; x_wconf 84' lang='lat' dir='ltr'><strong>Filio,</strong></span> <span class='ocrx_word' id='word_1_625' title='bbox 1103 3494 1163 3549; x_wconf 73' lang='lat' dir='ltr'><strong>telae</strong></span> <span class='ocrx_word' id='word_1_626' title='bbox 1185 3509 1345 3549; x_wconf 85' lang='lat' dir='ltr'><strong>aranearum</strong></span> <span class='ocrx_word' id='word_1_627' title='bbox 1372 3492 1506 3548; x_wconf 85' lang='lat' dir='ltr'><strong>lraereticae</strong></span> <span class='ocrx_word' id='word_1_628' title='bbox 1523 3490 1666 3564; x_wconf 81' lang='lat' dir='ltr'><strong>pravitatis</strong></span> <span class='ocrx_word' id='word_1_629' title='bbox 1682 3490 1733 3547; x_wconf 85' lang='lat' dir='ltr'><strong>ial-</strong></span> 
     </span>
     <span class='ocr_line' id='line_1_67' title="bbox 933 3578 1734 3653; baseline -0.01 -10"><span class='ocrx_word' id='word_1_630' title='bbox 933 3587 1008 3643; x_wconf 92' lang='lat' dir='ltr'><strong>laciis</strong></span> <span class='ocrx_word' id='word_1_631' title='bbox 1022 3586 1187 3640; x_wconf 83' lang='lat' dir='ltr'><strong>intexuntur.</strong></span> <span class='ocrx_word' id='word_1_632' title='bbox 1205 3583 1364 3653; x_wconf 86' lang='lat' dir='ltr'><strong>Assunrptio</strong></span> <span class='ocrx_word' id='word_1_633' title='bbox 1379 3597 1446 3637; x_wconf 86' lang='lat' dir='ltr'><strong>vero</strong></span> <span class='ocrx_word' id='word_1_634' title='bbox 1462 3598 1523 3651; x_wconf 87' lang='lat' dir='ltr'><strong>quae</strong></span> <span class='ocrx_word' id='word_1_635' title='bbox 1538 3579 1669 3652; x_wconf 91' lang='lat' dir='ltr'><strong>sequitur,</strong></span> <span class='ocrx_word' id='word_1_636' title='bbox 1686 3578 1734 3635; x_wconf 88' lang='lat' dir='ltr'><strong>sed</strong></span> 
     </span>
     <span class='ocr_line' id='line_1_68' title="bbox 933 3667 1760 3745; baseline -0.012 -13"><span class='ocrx_word' id='word_1_637' title='bbox 933 3690 1073 3745; x_wconf 91' lang='lat' dir='ltr'><strong>nunquam</strong></span> <span class='ocrx_word' id='word_1_638' title='bbox 1095 3670 1143 3726; x_wconf 90' lang='lat' dir='ltr'><strong>luit</strong></span> <span class='ocrx_word' id='word_1_639' title='bbox 1161 3671 1244 3726; x_wconf 85' lang='lat' dir='ltr'><strong>Pater</strong></span> <span class='ocrx_word' id='word_1_640' title='bbox 1257 3672 1316 3728; x_wconf 90' lang='lat' dir='ltr'><strong>sine</strong></span> <span class='ocrx_word' id='word_1_641' title='bbox 1340 3671 1418 3739; x_wconf 79' lang='lat' dir='ltr'><strong>Filio,</strong></span> <span class='ocrx_word' id='word_1_642' title='bbox 1436 3670 1500 3740; x_wconf 89' lang='lat' dir='ltr'><strong>quia</strong></span> <span class='ocrx_word' id='word_1_643' title='bbox 1515 3667 1671 3738; x_wconf 84' lang='lat' dir='ltr'><strong>Filiuaejus</strong></span> <span class='ocrx_word' id='word_1_644' title='bbox 1685 3682 1735 3723; x_wconf 88' lang='lat' dir='ltr'><strong>sa·</strong></span> <span class='ocrx_word' id='word_1_645' title='bbox 1756 3726 1760 3735; x_wconf 63' lang='grc'>,</span> 
     </span>
     <span class='ocr_line' id='line_1_69' title="bbox 933 3759 1735 3836; baseline -0.012 -15"><span class='ocrx_word' id='word_1_646' title='bbox 933 3766 1033 3836; x_wconf 91' lang='lat' dir='ltr'><strong>pientia</strong></span> <span class='ocrx_word' id='word_1_647' title='bbox 1045 3766 1103 3834; x_wconf 86' lang='lat' dir='ltr'><strong>ejus</strong></span> <span class='ocrx_word' id='word_1_648' title='bbox 1125 3770 1177 3833; x_wconf 90' lang='lat' dir='ltr'><strong>est,</strong></span> <span class='ocrx_word' id='word_1_649' title='bbox 1199 3779 1260 3834; x_wconf 79' lang='lat' dir='ltr'><strong>quae</strong></span> <span class='ocrx_word' id='word_1_650' title='bbox 1281 3761 1385 3818; x_wconf 85' lang='lat' dir='ltr'><strong>candor</strong></span> <span class='ocrx_word' id='word_1_651' title='bbox 1400 3767 1442 3815; x_wconf 92' lang='lat' dir='ltr'><strong>est</strong></span> <span class='ocrx_word' id='word_1_652' title='bbox 1465 3759 1532 3814; x_wconf 88' lang='lat' dir='ltr'><strong>lucis</strong></span> <span class='ocrx_word' id='word_1_653' title='bbox 1549 3765 1670 3825; x_wconf 78' lang='lat' dir='ltr'><strong>seternae,</strong></span> <span class='ocrx_word' id='word_1_654' title='bbox 1684 3772 1735 3812; x_wconf 80' lang='lat' dir='ltr'><strong>ve·</strong></span> 
     </span>
     <span class='ocr_line' id='line_1_70' title="bbox 934 3845 1736 3919; baseline -0.01 -10"><span class='ocrx_word' id='word_1_655' title='bbox 934 3854 1040 3909; x_wconf 89' lang='lat' dir='ltr'><strong>rissima</strong></span> <span class='ocrx_word' id='word_1_656' title='bbox 1055 3861 1106 3908; x_wconf 85' lang='lat' dir='ltr'><strong>est.</strong></span> <span class='ocrx_word' id='word_1_657' title='bbox 1123 3854 1177 3910; x_wconf 92' lang='lat' dir='ltr'><strong>Sed</strong></span> <span class='ocrx_word' id='word_1_658' title='bbox 1203 3850 1275 3907; x_wconf 86' lang='lat' dir='ltr'><strong>eninr</strong></span> <span class='ocrx_word' id='word_1_659' title='bbox 1292 3850 1319 3904; x_wconf 93' lang='lat' dir='ltr'><strong>id</strong></span> <span class='ocrx_word' id='word_1_660' title='bbox 1346 3848 1543 3919; x_wconf 81' lang='lat' dir='ltr'><strong>iinponitur,ut</strong></span> <span class='ocrx_word' id='word_1_661' title='bbox 1556 3845 1661 3902; x_wconf 83' lang='lat' dir='ltr'><strong>salsitas</strong></span> <span class='ocrx_word' id='word_1_662' title='bbox 1675 3845 1736 3901; x_wconf 72' lang='lat' dir='ltr'><strong>haec</strong></span> 
     </span>
     <span class='ocr_line' id='line_1_71' title="bbox 933 3932 1736 4013; baseline -0.012 -16"><span class='ocrx_word' id='word_1_663' title='bbox 933 3943 1200 4013; x_wconf 91' lang='lat' dir='ltr'><strong>inleratur:Semper</strong></span> <span class='ocrx_word' id='word_1_664' title='bbox 1215 3955 1283 4012; x_wconf 86' lang='lat' dir='ltr'><strong>orgo</strong></span> <span class='ocrx_word' id='word_1_665' title='bbox 1308 3938 1398 4011; x_wconf 89' lang='lat' dir='ltr'><strong>gignit</strong></span> <span class='ocrx_word' id='word_1_666' title='bbox 1413 3937 1503 4003; x_wconf 87' lang='lat' dir='ltr'><strong>Pater,</strong></span> <span class='ocrx_word' id='word_1_667' title='bbox 1521 3944 1546 3991; x_wconf 93' lang='lat' dir='ltr'><strong>et</strong></span> <span class='ocrx_word' id='word_1_668' title='bbox 1571 3950 1681 4005; x_wconf 88' lang='lat' dir='ltr'><strong>semper</strong></span> <span class='ocrx_word' id='word_1_669' title='bbox 1695 3932 1736 4006; x_wconf 87' lang='lat' dir='ltr'><strong>gi·</strong></span> 
     </span>
     <span class='ocr_line' id='line_1_72' title="bbox 933 4022 1738 4103; baseline -0.01 -18"><span class='ocrx_word' id='word_1_670' title='bbox 933 4033 1024 4103; x_wconf 92' lang='lat' dir='ltr'><strong>guitur</strong></span> <span class='ocrx_word' id='word_1_671' title='bbox 1039 4031 1140 4101; x_wconf 86' lang='lat' dir='ltr'><strong>Filius;</strong></span> <span class='ocrx_word' id='word_1_672' title='bbox 1156 4030 1230 4102; x_wconf 93' lang='lat' dir='ltr'><strong>quod</strong></span> <span class='ocrx_word' id='word_1_673' title='bbox 1245 4028 1356 4083; x_wconf 88' lang='lat' dir='ltr'><strong>minime</strong></span> <span class='ocrx_word' id='word_1_674' title='bbox 1382 4025 1516 4096; x_wconf 91' lang='lat' dir='ltr'><strong>procedit,</strong></span> <span class='ocrx_word' id='word_1_675' title='bbox 1533 4024 1596 4094; x_wconf 90' lang='lat' dir='ltr'><strong>quia</strong></span> <span class='ocrx_word' id='word_1_676' title='bbox 1611 4022 1658 4078; x_wconf 92' lang='lat' dir='ltr'><strong>illa</strong></span> <span class='ocrx_word' id='word_1_677' title='bbox 1684 4037 1738 4094; x_wconf 86' lang='lat' dir='ltr'><strong>ge-</strong></span> 
     </span>
     <span class='ocr_line' id='line_1_73' title="bbox 933 4109 1736 4184; baseline -0.014 -10"><span class='ocrx_word' id='word_1_678' title='bbox 933 4120 1040 4175; x_wconf 89' lang='lat' dir='ltr'><strong>neratio</strong></span> <span class='ocrx_word' id='word_1_679' title='bbox 1054 4135 1108 4175; x_wconf 92' lang='lat' dir='ltr'><strong>non</strong></span> <span class='ocrx_word' id='word_1_680' title='bbox 1134 4120 1193 4184; x_wconf 84' lang='lat' dir='ltr'><strong>luit,</strong></span> <span class='ocrx_word' id='word_1_681' title='bbox 1211 4133 1261 4174; x_wconf 90' lang='lat' dir='ltr'><strong>nec</strong></span> <span class='ocrx_word' id='word_1_682' title='bbox 1276 4125 1317 4172; x_wconf 91' lang='lat' dir='ltr'><strong>est</strong></span> <span class='ocrx_word' id='word_1_683' title='bbox 1341 4115 1421 4171; x_wconf 91' lang='lat' dir='ltr'><strong>actio.</strong></span> <span class='ocrx_word' id='word_1_684' title='bbox 1438 4114 1480 4168; x_wconf 90' lang='lat' dir='ltr'><strong>Ad</strong></span> <span class='ocrx_word' id='word_1_685' title='bbox 1494 4115 1547 4169; x_wconf 88' lang='lat' dir='ltr'><strong>hoc</strong></span> <span class='ocrx_word' id='word_1_686' title='bbox 1574 4112 1645 4167; x_wconf 90' lang='lat' dir='ltr'><strong>enim</strong></span> <span class='ocrx_word' id='word_1_687' title='bbox 1668 4109 1736 4164; x_wconf 91' lang='lat' dir='ltr'><strong>nite·</strong></span> 
     </span>
     <span class='ocr_line' id='line_1_74' title="bbox 933 4197 1736 4279; baseline -0.014 -16"><span class='ocrx_word' id='word_1_688' title='bbox 933 4209 1031 4263; x_wconf 91' lang='lat' dir='ltr'><strong>bantur</strong></span> <span class='ocrx_word' id='word_1_689' title='bbox 1044 4208 1149 4274; x_wconf 88' lang='lat' dir='ltr'><strong>Ariani,</strong></span> <span class='ocrx_word' id='word_1_690' title='bbox 1164 4211 1195 4262; x_wconf 91' lang='lat' dir='ltr'><strong>ut</strong></span> <span class='ocrx_word' id='word_1_691' title='bbox 1224 4205 1372 4279; x_wconf 91' lang='lat' dir='ltr'><strong>probarent</strong></span> <span class='ocrx_word' id='word_1_692' title='bbox 1399 4201 1545 4258; x_wconf 89' lang='lat' dir='ltr'><strong>Dominum</strong></span> <span class='ocrx_word' id='word_1_693' title='bbox 1574 4201 1677 4265; x_wconf 84' lang='lat' dir='ltr'><strong>lesum,</strong></span> <span class='ocrx_word' id='word_1_694' title='bbox 1694 4197 1736 4255; x_wconf 86' lang='lat' dir='ltr'><strong>rel</strong></span> 
     </span>
     <span class='ocr_line' id='line_1_75' title="bbox 933 4290 1733 4367; baseline -0.015 -16"><span class='ocrx_word' id='word_1_695' title='bbox 933 4313 986 4352; x_wconf 84' lang='lat' dir='ltr'><strong>unu</strong></span> <span class='ocrx_word' id='word_1_696' title='bbox 1002 4313 1112 4367; x_wconf 89' lang='lat' dir='ltr'><strong>semper</strong></span> <span class='ocrx_word' id='word_1_697' title='bbox 1125 4301 1232 4363; x_wconf 88' lang='lat' dir='ltr'><strong>natum,</strong></span> <span class='ocrx_word' id='word_1_698' title='bbox 1249 4298 1276 4350; x_wconf 89' lang='grc' dir='ltr'><strong>ει</strong></span> <span class='ocrx_word' id='word_1_699' title='bbox 1290 4293 1352 4348; x_wconf 92' lang='lat' dir='ltr'><strong>ideo</strong></span> <span class='ocrx_word' id='word_1_700' title='bbox 1379 4290 1453 4346; x_wconf 83' lang='lat' dir='ltr'><strong>Patri</strong></span> <span class='ocrx_word' id='word_1_701' title='bbox 1480 4306 1534 4345; x_wconf 92' lang='lat' dir='ltr'><strong>non</strong></span> <span class='ocrx_word' id='word_1_702' title='bbox 1557 4298 1733 4356; x_wconf 81' lang='lat' dir='ltr'><strong>coaeternum,</strong></span> 
     </span>
     <span class='ocr_line' id='line_1_76' title="bbox 933 4374 1737 4456; baseline -0.015 -16"><span class='ocrx_word' id='word_1_703' title='bbox 933 4385 979 4456; x_wconf 93' lang='lat' dir='ltr'><strong>qui</strong></span> <span class='ocrx_word' id='word_1_704' title='bbox 1007 4385 1155 4456; x_wconf 89' lang='lat' dir='ltr'><strong>aliquando</strong></span> <span class='ocrx_word' id='word_1_705' title='bbox 1184 4383 1260 4439; x_wconf 89' lang='lat' dir='ltr'><strong>nasci</strong></span> <span class='ocrx_word' id='word_1_706' title='bbox 1290 4381 1418 4453; x_wconf 81' lang='lat' dir='ltr'><strong>coepisset</strong></span> <span class='ocrx_word' id='word_1_707' title='bbox 1430 4386 1456 4434; x_wconf 87' lang='lat' dir='ltr'><strong>et</strong></span> <span class='ocrx_word' id='word_1_708' title='bbox 1470 4378 1596 4434; x_wconf 88' lang='lat' dir='ltr'><strong>desiisset</strong></span> <span class='ocrx_word' id='word_1_709' title='bbox 1612 4397 1620 4443; x_wconf 85' lang='lat'>;</span> <span class='ocrx_word' id='word_1_710' title='bbox 1650 4374 1737 4432; x_wconf 81' lang='lat' dir='ltr'><strong>celsi</strong></span> 
     </span>
     <span class='ocr_line' id='line_1_77' title="bbox 935 4464 1737 4544; baseline -0.012 -16"><span class='ocrx_word' id='word_1_711' title='bbox 935 4482 1012 4529; x_wconf 88' lang='lat' dir='ltr'><strong>uatus</strong></span> <span class='ocrx_word' id='word_1_712' title='bbox 1021 4490 1132 4544; x_wconf 87' lang='lat' dir='ltr'><strong>semper</strong></span> <span class='ocrx_word' id='word_1_713' title='bbox 1141 4482 1224 4538; x_wconf 88' lang='lat' dir='ltr'><strong>esset,</strong></span> <span class='ocrx_word' id='word_1_714' title='bbox 1236 4487 1346 4542; x_wconf 90' lang='lat' dir='ltr'><strong>semper</strong></span> <span class='ocrx_word' id='word_1_715' title='bbox 1370 4476 1538 4536; x_wconf 90' lang='lat' dir='ltr'><strong>nasceretur,</strong></span> <span class='ocrx_word' id='word_1_716' title='bbox 1554 4471 1581 4520; x_wconf 89' lang='lat' dir='ltr'><strong>et</strong></span> <span class='ocrx_word' id='word_1_717' title='bbox 1609 4466 1671 4521; x_wconf 92' lang='lat' dir='ltr'><strong>ideo</strong></span> <span class='ocrx_word' id='word_1_718' title='bbox 1685 4464 1737 4518; x_wconf 90' lang='lat' dir='ltr'><strong>im·</strong></span> 
     </span>
     <span class='ocr_line' id='line_1_78' title="bbox 935 4553 1737 4632; baseline -0.012 -16"><span class='ocrx_word' id='word_1_719' title='bbox 935 4564 1074 4632; x_wconf 88' lang='lat' dir='ltr'><strong>perlectus</strong></span> <span class='ocrx_word' id='word_1_720' title='bbox 1101 4562 1248 4619; x_wconf 88' lang='lat' dir='ltr'><strong>videretur.</strong></span> <span class='ocrx_word' id='word_1_721' title='bbox 1263 4560 1315 4614; x_wconf 91' lang='lat' dir='ltr'><strong>Per</strong></span> <span class='ocrx_word' id='word_1_722' title='bbox 1343 4574 1453 4630; x_wconf 82' lang='lat' dir='ltr'><strong>semper</strong></span> <span class='ocrx_word' id='word_1_723' title='bbox 1476 4555 1559 4625; x_wconf 84' lang='lat' dir='ltr'><strong>enirn,</strong></span> <span class='ocrx_word' id='word_1_724' title='bbox 1584 4553 1658 4624; x_wconf 89' lang='lat' dir='ltr'><strong>quasi</strong></span> <span class='ocrx_word' id='word_1_725' title='bbox 1686 4566 1737 4607; x_wconf 88' lang='lat' dir='ltr'><strong>ou-</strong></span> 
     </span>
    </p>
   </div>
   <div class='ocr_carea' id='block_1_16' title="bbox 77 4641 1736 4725">
    <p class='ocr_par' dir='ltr' id='par_1_18' title="bbox 77 4641 1736 4725">
     <span class='ocr_line' id='line_1_79' title="bbox 77 4641 1736 4725; baseline -0.005 -22"><span class='ocrx_word' id='word_1_726' title='bbox 77 4649 105 4703; x_wconf 91' lang='lat' dir='ltr'><strong>Si</strong></span> <span class='ocrx_word' id='word_1_727' title='bbox 118 4647 325 4719; x_wconf 77' lang='lat' dir='ltr'><strong>imperfectum,</strong></span> <span class='ocrx_word' id='word_1_728' title='bbox 341 4664 408 4720; x_wconf 90' lang='lat' dir='ltr'><strong>ergo</strong></span> <span class='ocrx_word' id='word_1_729' title='bbox 425 4659 471 4704; x_wconf 89' lang='lat' dir='ltr'><strong>aut</strong></span> <span class='ocrx_word' id='word_1_730' title='bbox 484 4651 580 4720; x_wconf 88' lang='lat' dir='ltr'><strong>noluit,</strong></span> <span class='ocrx_word' id='word_1_731' title='bbox 596 4659 641 4706; x_wconf 93' lang='lat' dir='ltr'><strong>aut</strong></span> <span class='ocrx_word' id='word_1_732' title='bbox 658 4668 711 4706; x_wconf 93' lang='lat' dir='ltr'><strong>non</strong></span> <span class='ocrx_word' id='word_1_733' title='bbox 727 4653 814 4723; x_wconf 92' lang='lat' dir='ltr'><strong>potuit</strong></span> <span class='ocrx_word' id='word_1_734' title='bbox 827 4669 879 4725; x_wconf 89' lang='lat' dir='ltr'><strong>ge·</strong></span> <span class='ocrx_word' id='word_1_735' title='bbox 930 4651 1040 4719; x_wconf 87' lang='lat' dir='ltr'><strong>jusdam</strong></span> <span class='ocrx_word' id='word_1_736' title='bbox 1055 4651 1169 4708; x_wconf 87' lang='lat' dir='ltr'><strong>actionis</strong></span> <span class='ocrx_word' id='word_1_737' title='bbox 1198 4647 1390 4720; x_wconf 86' lang='lat' dir='ltr'><strong>intelligebant</strong></span> <span class='ocrx_word' id='word_1_738' title='bbox 1418 4643 1664 4702; x_wconf 88' lang='lat' dir='ltr'><strong>continuationem.</strong></span> <span class='ocrx_word' id='word_1_739' title='bbox 1682 4641 1736 4696; x_wconf 85' lang='lat' dir='ltr'><strong>Sed</strong></span> 
     </span>
    </p>
   </div>
   <div class='ocr_carea' id='block_1_17' title="bbox 74 4735 893 5164">
    <p class='ocr_par' dir='ltr' id='par_1_19' title="bbox 74 4735 893 5164">
     <span class='ocr_line' id='line_1_80' title="bbox 77 4735 879 4809; baseline 0.006 -18"><span class='ocrx_word' id='word_1_740' title='bbox 77 4752 182 4792; x_wconf 87' lang='lat' dir='ltr'><strong>nerare</strong></span> <span class='ocrx_word' id='word_1_741' title='bbox 209 4735 373 4808; x_wconf 86' lang='lat' dir='ltr'><strong>perlectum.</strong></span> <span class='ocrx_word' id='word_1_742' title='bbox 395 4737 423 4794; x_wconf 94' lang='lat' dir='ltr'><strong>Si</strong></span> <span class='ocrx_word' id='word_1_743' title='bbox 447 4739 545 4805; x_wconf 91' lang='lat' dir='ltr'><strong>noluit,</strong></span> <span class='ocrx_word' id='word_1_744' title='bbox 562 4739 669 4794; x_wconf 82' lang='lat' dir='ltr'><strong>invidus</strong></span> <span class='ocrx_word' id='word_1_745' title='bbox 687 4748 748 4809; x_wconf 90' lang='lat' dir='ltr'><strong>est;</strong></span> <span class='ocrx_word' id='word_1_746' title='bbox 773 4741 795 4795; x_wconf 90' lang='lat' dir='ltr'><strong>si</strong></span> <span class='ocrx_word' id='word_1_747' title='bbox 825 4757 879 4798; x_wconf 90' lang='lat' dir='ltr'><strong>non</strong></span> 
     </span>
     <span class='ocr_line' id='line_1_81' title="bbox 74 4817 893 4902; baseline 0.01 -24"><span class='ocrx_word' id='word_1_748' title='bbox 74 4826 175 4897; x_wconf 90' lang='lat' dir='ltr'><strong>potuit,</strong></span> <span class='ocrx_word' id='word_1_749' title='bbox 190 4826 365 4897; x_wconf 87' lang='lat' dir='ltr'><strong>omnipotens</strong></span> <span class='ocrx_word' id='word_1_750' title='bbox 384 4841 437 4882; x_wconf 91' lang='lat' dir='ltr'><strong>non</strong></span> <span class='ocrx_word' id='word_1_751' title='bbox 454 4835 505 4883; x_wconf 93' lang='lat' dir='ltr'><strong>est.</strong></span> <span class='ocrx_word' id='word_1_752' title='bbox 522 4828 674 4883; x_wconf 85' lang='lat' dir='ltr'><strong>Perfectum</strong></span> <span class='ocrx_word' id='word_1_753' title='bbox 689 4845 755 4902; x_wconf 91' lang='lat' dir='ltr'><strong>ergo</strong></span> <span class='ocrx_word' id='word_1_754' title='bbox 775 4817 893 4902; x_wconf 72' lang='lat' dir='ltr'><strong>genuit.</strong></span> 
     </span>
     <span class='ocr_line' id='line_1_82' title="bbox 76 4912 881 4988; baseline 0.001 -18"><span class='ocrx_word' id='word_1_755' title='bbox 76 4915 194 4985; x_wconf 80' lang='lat' dir='ltr'><strong>Semper</strong></span> <span class='ocrx_word' id='word_1_756' title='bbox 209 4928 277 4986; x_wconf 86' lang='lat' dir='ltr'><strong>ergo</strong></span> <span class='ocrx_word' id='word_1_757' title='bbox 293 4912 429 4985; x_wconf 85' lang='lat' dir='ltr'><strong>perlectus</strong></span> <span class='ocrx_word' id='word_1_758' title='bbox 443 4922 494 4983; x_wconf 87' lang='lat' dir='ltr'><strong>est,</strong></span> <span class='ocrx_word' id='word_1_759' title='bbox 510 4924 537 4971; x_wconf 90' lang='lat' dir='ltr'><strong>et</strong></span> <span class='ocrx_word' id='word_1_760' title='bbox 551 4931 661 4988; x_wconf 91' lang='lat' dir='ltr'><strong>semper</strong></span> <span class='ocrx_word' id='word_1_761' title='bbox 675 4922 755 4971; x_wconf 90' lang='lat' dir='ltr'><strong>natus</strong></span> <span class='ocrx_word' id='word_1_762' title='bbox 769 4927 818 4973; x_wconf 92' lang='lat' dir='ltr'><strong>est.</strong></span> <span class='ocrx_word' id='word_1_763' title='bbox 828 4917 881 4986; x_wconf 87' lang='lat' dir='ltr'><strong>Qui</strong></span> 
     </span>
     <span class='ocr_line' id='line_1_83' title="bbox 75 5003 878 5073; baseline 0.004 -16"><span class='ocrx_word' id='word_1_764' title='bbox 75 5017 186 5073; x_wconf 86' lang='lat' dir='ltr'><strong>semper</strong></span> <span class='ocrx_word' id='word_1_765' title='bbox 209 5010 288 5057; x_wconf 87' lang='lat' dir='ltr'><strong>natus</strong></span> <span class='ocrx_word' id='word_1_766' title='bbox 311 5010 363 5068; x_wconf 87' lang='lat' dir='ltr'><strong>est,</strong></span> <span class='ocrx_word' id='word_1_767' title='bbox 385 5019 440 5059; x_wconf 94' lang='lat' dir='ltr'><strong>non</strong></span> <span class='ocrx_word' id='word_1_768' title='bbox 462 5003 511 5058; x_wconf 86' lang='lat' dir='ltr'><strong>suit</strong></span> <span class='ocrx_word' id='word_1_769' title='bbox 535 5003 616 5058; x_wconf 84' lang='lat' dir='ltr'><strong>Filius</strong></span> <span class='ocrx_word' id='word_1_770' title='bbox 639 5015 701 5061; x_wconf 90' lang='lat' dir='ltr'><strong>anto</strong></span> <span class='ocrx_word' id='word_1_771' title='bbox 721 5004 763 5061; x_wconf 90' lang='lat' dir='ltr'><strong>vel</strong></span> <span class='ocrx_word' id='word_1_772' title='bbox 789 5015 878 5061; x_wconf 89' lang='lat' dir='ltr'><strong>natus.</strong></span> 
     </span>
     <span class='ocr_line' id='line_1_84' title="bbox 74 5090 880 5164; baseline 0.007 -20"><span class='ocrx_word' id='word_1_773' title='bbox 74 5090 164 5161; x_wconf 87' lang='lat' dir='ltr'><strong>lgitnr</strong></span> <span class='ocrx_word' id='word_1_774' title='bbox 184 5104 239 5145; x_wconf 89' lang='lat' dir='ltr'><strong>noa</strong></span> <span class='ocrx_word' id='word_1_775' title='bbox 262 5105 372 5162; x_wconf 87' lang='lat' dir='ltr'><strong>semper</strong></span> <span class='ocrx_word' id='word_1_776' title='bbox 391 5091 519 5158; x_wconf 89' lang='lat' dir='ltr'><strong>nascitur,</strong></span> <span class='ocrx_word' id='word_1_777' title='bbox 539 5092 603 5164; x_wconf 91' lang='lat' dir='ltr'><strong>quia</strong></span> <span class='ocrx_word' id='word_1_778' title='bbox 628 5093 806 5163; x_wconf 80' lang='lat' dir='ltr'><strong>imperfectus</strong></span> <span class='ocrx_word' id='word_1_779' title='bbox 820 5111 880 5150; x_wconf 87' lang='lat' dir='ltr'><strong>csse</strong></span> 
     </span>
    </p>
   </div>
   <div class='ocr_carea' id='block_1_18' title="bbox 74 5186 880 5639">
    <p class='ocr_par' dir='ltr' id='par_1_20' title="bbox 74 5186 880 5639">
     <span class='ocr_line' id='line_1_85' title="bbox 75 5186 878 5257; baseline 0.007 -15"><span class='ocrx_word' id='word_1_780' title='bbox 75 5188 223 5253; x_wconf 87' lang='lat' dir='ltr'><strong>rideretur,</strong></span> <span class='ocrx_word' id='word_1_781' title='bbox 239 5186 264 5243; x_wconf 84' lang='lat' dir='ltr'><strong>ai</strong></span> <span class='ocrx_word' id='word_1_782' title='bbox 287 5203 397 5257; x_wconf 86' lang='lat' dir='ltr'><strong>semper</strong></span> <span class='ocrx_word' id='word_1_783' title='bbox 421 5197 589 5247; x_wconf 83' lang='lat' dir='ltr'><strong>nasceretur.</strong></span> <span class='ocrx_word' id='word_1_784' title='bbox 615 5190 675 5247; x_wconf 86' lang='lat' dir='ltr'><strong>Nou</strong></span> <span class='ocrx_word' id='word_1_785' title='bbox 696 5191 761 5245; x_wconf 88' lang='lat' dir='ltr'><strong>mitri</strong></span> <span class='ocrx_word' id='word_1_786' title='bbox 790 5199 878 5248; x_wconf 88' lang='lat' dir='ltr'><strong>tamen</strong></span> 
     </span>
     <span class='ocr_line' id='line_1_86' title="bbox 74 5285 880 5359; baseline 0.006 -20"><span class='ocrx_word' id='word_1_787' title='bbox 74 5285 237 5358; x_wconf 81' lang='lat' dir='ltr'><strong>ambiguum</strong></span> <span class='ocrx_word' id='word_1_788' title='bbox 252 5294 301 5349; x_wconf 87' lang='lat' dir='ltr'><strong>est,</strong></span> <span class='ocrx_word' id='word_1_789' title='bbox 317 5285 390 5356; x_wconf 89' lang='lat' dir='ltr'><strong>quod</strong></span> <span class='ocrx_word' id='word_1_790' title='bbox 417 5286 472 5342; x_wconf 85' lang='lat' dir='ltr'><strong>sint</strong></span> <span class='ocrx_word' id='word_1_791' title='bbox 500 5288 609 5359; x_wconf 89' lang='lat' dir='ltr'><strong>quidam</strong></span> <span class='ocrx_word' id='word_1_792' title='bbox 638 5286 739 5345; x_wconf 77' lang='lat' dir='ltr'><strong>diuinae</strong></span> <span class='ocrx_word' id='word_1_793' title='bbox 757 5288 880 5346; x_wconf 86' lang='lat' dir='ltr'><strong>lectionis</strong></span> 
     </span>
     <span class='ocr_line' id='line_1_87' title="bbox 76 5385 880 5458; baseline 0.004 -19"><span class='ocrx_word' id='word_1_794' title='bbox 76 5385 161 5440; x_wconf 86' lang='lat' dir='ltr'><strong>etiam</strong></span> <span class='ocrx_word' id='word_1_795' title='bbox 189 5392 338 5455; x_wconf 88' lang='lat' dir='ltr'><strong>amatores,</strong></span> <span class='ocrx_word' id='word_1_796' title='bbox 367 5385 412 5454; x_wconf 91' lang='lat' dir='ltr'><strong>qui</strong></span> <span class='ocrx_word' id='word_1_797' title='bbox 441 5393 536 5457; x_wconf 83' lang='lat' dir='ltr'><strong>putent</strong></span> <span class='ocrx_word' id='word_1_798' title='bbox 564 5389 593 5442; x_wconf 85' lang='lat' dir='ltr'><strong>B.</strong></span> <span class='ocrx_word' id='word_1_799' title='bbox 610 5387 789 5458; x_wconf 84' lang='lat' dir='ltr'><strong>Augustinum</strong></span> <span class='ocrx_word' id='word_1_800' title='bbox 818 5386 880 5442; x_wconf 89' lang='lat' dir='ltr'><strong>huic</strong></span> 
     </span>
     <span class='ocr_line' id='line_1_88' title="bbox 74 5479 879 5554; baseline 0.002 -16"><span class='ocrx_word' id='word_1_801' title='bbox 74 5479 222 5538; x_wconf 79' lang='lat' dir='ltr'><strong>sententiar</strong></span> <span class='ocrx_word' id='word_1_802' title='bbox 233 5480 412 5547; x_wconf 72' lang='lat' dir='ltr'><strong>maeemisse,</strong></span> <span class='ocrx_word' id='word_1_803' title='bbox 428 5482 500 5554; x_wconf 91' lang='lat' dir='ltr'><strong>quod</strong></span> <span class='ocrx_word' id='word_1_804' title='bbox 525 5483 608 5539; x_wconf 81' lang='lat' dir='ltr'><strong>Filius</strong></span> <span class='ocrx_word' id='word_1_805' title='bbox 635 5484 684 5539; x_wconf 77' lang='lat' dir='ltr'><strong>liei</strong></span> <span class='ocrx_word' id='word_1_806' title='bbox 700 5500 808 5553; x_wconf 89' lang='lat' dir='ltr'><strong>semper</strong></span> <span class='ocrx_word' id='word_1_807' title='bbox 828 5501 879 5540; x_wconf 90' lang='lat' dir='ltr'><strong>na-</strong></span> 
     </span>
     <span class='ocr_line' id='line_1_89' title="bbox 75 5577 879 5639; baseline 0.002 -1"><span class='ocrx_word' id='word_1_808' title='bbox 75 5586 173 5639; x_wconf 80' lang='lat' dir='ltr'><strong>scatur</strong></span> <span class='ocrx_word' id='word_1_809' title='bbox 187 5577 224 5635; x_wconf 88' lang='lat' dir='ltr'><strong>de</strong></span> <span class='ocrx_word' id='word_1_810' title='bbox 237 5578 328 5636; x_wconf 84' lang='lat' dir='ltr'><strong>Patre.</strong></span> <span class='ocrx_word' id='word_1_811' title='bbox 344 5577 473 5635; x_wconf 87' lang='lat' dir='ltr'><strong>Scribens</strong></span> <span class='ocrx_word' id='word_1_812' title='bbox 491 5580 563 5637; x_wconf 90' lang='lat' dir='ltr'><strong>enim</strong></span> <span class='ocrx_word' id='word_1_813' title='bbox 583 5580 619 5637; x_wconf 89' lang='lat' dir='ltr'><strong>ad</strong></span> <span class='ocrx_word' id='word_1_814' title='bbox 642 5581 813 5639; x_wconf 76' lang='lat' dir='ltr'><strong>tenendum</strong></span> <span class='ocrx_word' id='word_1_815' title='bbox 828 5597 879 5639; x_wconf 84' lang='lat' dir='ltr'><strong>co-</strong></span> 
     </span>
    </p>
   </div>
   <div class='ocr_carea' id='block_1_19' title="bbox 933 4732 1751 5161">
    <p class='ocr_par' dir='ltr' id='par_1_21' title="bbox 933 4732 1751 5161">
     <span class='ocr_line' id='line_1_90' title="bbox 934 4732 1736 4812; baseline -0.015 -17"><span class='ocrx_word' id='word_1_816' title='bbox 934 4756 1046 4812; x_wconf 82' lang='lat' dir='ltr'><strong>remper</strong></span> <span class='ocrx_word' id='word_1_817' title='bbox 1069 4740 1112 4794; x_wconf 91' lang='lat' dir='ltr'><strong>hic</strong></span> <span class='ocrx_word' id='word_1_818' title='bbox 1139 4754 1194 4793; x_wconf 91' lang='lat' dir='ltr'><strong>non</strong></span> <span class='ocrx_word' id='word_1_819' title='bbox 1211 4737 1330 4791; x_wconf 92' lang='lat' dir='ltr'><strong>nominat</strong></span> <span class='ocrx_word' id='word_1_820' title='bbox 1344 4732 1573 4791; x_wconf 86' lang='lat' dir='ltr'><strong>continuationem</strong></span> <span class='ocrx_word' id='word_1_821' title='bbox 1596 4738 1736 4800; x_wconf 89' lang='lat' dir='ltr'><strong>tempora·</strong></span> 
     </span>
     <span class='ocr_line' id='line_1_91' title="bbox 936 4818 1737 4898; baseline -0.015 -15"><span class='ocrx_word' id='word_1_822' title='bbox 936 4830 998 4894; x_wconf 87' lang='lat' dir='ltr'><strong>lem,</strong></span> <span class='ocrx_word' id='word_1_823' title='bbox 1031 4828 1079 4883; x_wconf 91' lang='lat' dir='ltr'><strong>sed</strong></span> <span class='ocrx_word' id='word_1_824' title='bbox 1114 4826 1321 4898; x_wconf 89' lang='lat' dir='ltr'><strong>intemporalem</strong></span> <span class='ocrx_word' id='word_1_825' title='bbox 1353 4820 1605 4893; x_wconf 83' lang='lat' dir='ltr'><strong>sempiternitatem,</strong></span> <span class='ocrx_word' id='word_1_826' title='bbox 1636 4818 1663 4872; x_wconf 93' lang='lat' dir='ltr'><strong>id</strong></span> <span class='ocrx_word' id='word_1_827' title='bbox 1696 4824 1737 4873; x_wconf 91' lang='grc' dir='ltr'><strong>εει</strong></span> 
     </span>
     <span class='ocr_line' id='line_1_92' title="bbox 934 4907 1737 4987; baseline -0.015 -15"><span class='ocrx_word' id='word_1_828' title='bbox 934 4917 1121 4981; x_wconf 74' lang='lat' dir='ltr'><strong>eternitatem,</strong></span> <span class='ocrx_word' id='word_1_829' title='bbox 1138 4932 1199 4987; x_wconf 76' lang='lat' dir='ltr'><strong>quae</strong></span> <span class='ocrx_word' id='word_1_830' title='bbox 1227 4929 1278 4970; x_wconf 90' lang='lat' dir='ltr'><strong>nec</strong></span> <span class='ocrx_word' id='word_1_831' title='bbox 1308 4912 1400 4968; x_wconf 92' lang='lat' dir='ltr'><strong>habuit</strong></span> <span class='ocrx_word' id='word_1_832' title='bbox 1427 4910 1543 4975; x_wconf 92' lang='lat' dir='ltr'><strong>initium,</strong></span> <span class='ocrx_word' id='word_1_833' title='bbox 1559 4924 1610 4964; x_wconf 89' lang='lat' dir='ltr'><strong>nec</strong></span> <span class='ocrx_word' id='word_1_834' title='bbox 1624 4907 1737 4963; x_wconf 87' lang='lat' dir='ltr'><strong>habebit</strong></span> 
     </span>
     <span class='ocr_line' id='line_1_93' title="bbox 935 4998 1751 5076; baseline -0.017 -16"><span class='ocrx_word' id='word_1_835' title='bbox 935 5005 1025 5060; x_wconf 82' lang='lat' dir='ltr'><strong>finem.</strong></span> <span class='ocrx_word' id='word_1_836' title='bbox 1037 5005 1176 5060; x_wconf 84' lang='lat' dir='ltr'><strong>Falluntur</strong></span> <span class='ocrx_word' id='word_1_837' title='bbox 1189 5019 1267 5076; x_wconf 89' lang='lat' dir='ltr'><strong>ergo,</strong></span> <span class='ocrx_word' id='word_1_838' title='bbox 1282 5003 1326 5073; x_wconf 91' lang='lat' dir='ltr'><strong>qui</strong></span> <span class='ocrx_word' id='word_1_839' title='bbox 1352 5003 1380 5056; x_wconf 88' lang='lat' dir='ltr'><strong>B.</strong></span> <span class='ocrx_word' id='word_1_840' title='bbox 1392 4999 1534 5073; x_wconf 75' lang='lat' dir='ltr'><strong>Augustini</strong></span> <span class='ocrx_word' id='word_1_841' title='bbox 1547 5005 1642 5070; x_wconf 79' lang='lat' dir='ltr'><strong>put-int</strong></span> <span class='ocrx_word' id='word_1_842' title='bbox 1664 4998 1734 5053; x_wconf 90' lang='lat' dir='ltr'><strong>hauc</strong></span> <span class='ocrx_word' id='word_1_843' title='bbox 1748 5038 1751 5046; x_wconf 61' lang='lat'><strong>.</strong></span> 
     </span>
     <span class='ocr_line' id='line_1_94' title="bbox 933 5084 1733 5161; baseline -0.011 -11"><span class='ocrx_word' id='word_1_844' title='bbox 933 5111 994 5151; x_wconf 90' lang='lat' dir='ltr'><strong>esse</strong></span> <span class='ocrx_word' id='word_1_845' title='bbox 1023 5094 1224 5151; x_wconf 88' lang='lat' dir='ltr'><strong>conclusionem</strong></span> <span class='ocrx_word' id='word_1_846' title='bbox 1242 5109 1249 5148; x_wconf 93' lang='lat'>:</span> <span class='ocrx_word' id='word_1_847' title='bbox 1266 5092 1317 5147; x_wconf 92' lang='lat' dir='ltr'><strong>hoc</strong></span> <span class='ocrx_word' id='word_1_848' title='bbox 1331 5092 1392 5161; x_wconf 90' lang='lat' dir='ltr'><strong>ipse</strong></span> <span class='ocrx_word' id='word_1_849' title='bbox 1421 5088 1543 5147; x_wconf 89' lang='lat' dir='ltr'><strong>declarat</strong></span> <span class='ocrx_word' id='word_1_850' title='bbox 1569 5103 1647 5143; x_wconf 88' lang='lat' dir='ltr'><strong>versu</strong></span> <span class='ocrx_word' id='word_1_851' title='bbox 1676 5084 1733 5142; x_wconf 89' lang='lat' dir='ltr'><strong>sire</strong></span> 
     </span>
    </p>
   </div>
   <div class='ocr_carea' id='block_1_20' title="bbox 933 5186 1735 5659">
    <p class='ocr_par' dir='ltr' id='par_1_22' title="bbox 933 5186 1735 5659">
     <span class='ocr_line' id='line_1_95' title="bbox 933 5186 1735 5263; baseline -0.012 -17"><span class='ocrx_word' id='word_1_852' title='bbox 933 5193 1154 5263; x_wconf 85' lang='lat' dir='ltr'><strong>interpretatione</strong></span> <span class='ocrx_word' id='word_1_853' title='bbox 1168 5189 1300 5262; x_wconf 89' lang='lat' dir='ltr'><strong>sequenti,</strong></span> <span class='ocrx_word' id='word_1_854' title='bbox 1317 5188 1357 5244; x_wconf 92' lang='lat' dir='ltr'><strong>sic</strong></span> <span class='ocrx_word' id='word_1_855' title='bbox 1372 5187 1497 5260; x_wconf 89' lang='lat' dir='ltr'><strong>inquiens</strong></span> <span class='ocrx_word' id='word_1_856' title='bbox 1514 5203 1519 5239; x_wconf 96' lang='lat'><strong>:</strong></span> <span class='ocrx_word' id='word_1_857' title='bbox 1539 5209 1550 5234; x_wconf 84' lang='lat' dir='ltr'><strong>n</strong></span> <span class='ocrx_word' id='word_1_858' title='bbox 1568 5186 1626 5241; x_wconf 89' lang='lat' dir='ltr'><strong>lloc</strong></span> <span class='ocrx_word' id='word_1_859' title='bbox 1641 5197 1735 5238; x_wconf 89' lang='lat' dir='ltr'><strong>rursus</strong></span> 
     </span>
     <span class='ocr_line' id='line_1_96' title="bbox 934 5280 1734 5359; baseline -0.01 -16"><span class='ocrx_word' id='word_1_860' title='bbox 934 5288 1085 5345; x_wconf 89' lang='lat' dir='ltr'><strong>timendum</strong></span> <span class='ocrx_word' id='word_1_861' title='bbox 1103 5296 1152 5355; x_wconf 90' lang='lat' dir='ltr'><strong>est,</strong></span> <span class='ocrx_word' id='word_1_862' title='bbox 1168 5303 1202 5343; x_wconf 94' lang='lat' dir='ltr'><strong>ne</strong></span> <span class='ocrx_word' id='word_1_863' title='bbox 1229 5293 1336 5359; x_wconf 90' lang='lat' dir='ltr'><strong>putetur</strong></span> <span class='ocrx_word' id='word_1_864' title='bbox 1361 5284 1522 5357; x_wconf 85' lang='lat' dir='ltr'><strong>imperfecta</strong></span> <span class='ocrx_word' id='word_1_865' title='bbox 1540 5281 1695 5355; x_wconf 87' lang='lat' dir='ltr'><strong>generatio,</strong></span> <span class='ocrx_word' id='word_1_866' title='bbox 1712 5280 1734 5336; x_wconf 91' lang='lat' dir='ltr'><strong>si</strong></span> 
     </span>
     <span class='ocr_line' id='line_1_97' title="bbox 934 5379 1734 5450; baseline -0.006 -10"><span class='ocrx_word' id='word_1_867' title='bbox 934 5402 988 5441; x_wconf 92' lang='lat' dir='ltr'><strong>non</strong></span> <span class='ocrx_word' id='word_1_868' title='bbox 1017 5385 1138 5441; x_wconf 88' lang='lat' dir='ltr'><strong>dieamus</strong></span> <span class='ocrx_word' id='word_1_869' title='bbox 1163 5392 1257 5440; x_wconf 91' lang='lat' dir='ltr'><strong>natum</strong></span> <span class='ocrx_word' id='word_1_870' title='bbox 1285 5400 1355 5449; x_wconf 83' lang='lat' dir='ltr'><strong>esse,</strong></span> <span class='ocrx_word' id='word_1_871' title='bbox 1371 5383 1421 5438; x_wconf 92' lang='lat' dir='ltr'><strong>sed</strong></span> <span class='ocrx_word' id='word_1_872' title='bbox 1435 5381 1519 5437; x_wconf 88' lang='lat' dir='ltr'><strong>nasci.</strong></span> <span class='ocrx_word' id='word_1_873' title='bbox 1537 5402 1546 5430; x_wconf 77' lang='lat' dir='ltr'><strong>r</strong></span> <span class='ocrx_word' id='word_1_874' title='bbox 1567 5379 1622 5436; x_wconf 90' lang='lat' dir='ltr'><strong>Sed</strong></span> <span class='ocrx_word' id='word_1_875' title='bbox 1650 5394 1734 5450; x_wconf 87' lang='lat' dir='ltr'><strong>quare</strong></span> 
     </span>
     <span class='ocr_line' id='line_1_98' title="bbox 934 5478 1732 5555; baseline -0.006 -16"><span class='ocrx_word' id='word_1_876' title='bbox 934 5499 989 5539; x_wconf 92' lang='lat' dir='ltr'><strong>non</strong></span> <span class='ocrx_word' id='word_1_877' title='bbox 1017 5483 1155 5540; x_wconf 85' lang='lat' dir='ltr'><strong>vibramus</strong></span> <span class='ocrx_word' id='word_1_878' title='bbox 1178 5482 1275 5555; x_wconf 91' lang='lat' dir='ltr'><strong>pilum,</strong></span> <span class='ocrx_word' id='word_1_879' title='bbox 1293 5481 1366 5555; x_wconf 91' lang='lat' dir='ltr'><strong>quod</strong></span> <span class='ocrx_word' id='word_1_880' title='bbox 1382 5478 1474 5535; x_wconf 89' lang='lat' dir='ltr'><strong>tandiu</strong></span> <span class='ocrx_word' id='word_1_881' title='bbox 1493 5487 1619 5537; x_wconf 89' lang='lat' dir='ltr'><strong>tenemus</strong></span> <span class='ocrx_word' id='word_1_882' title='bbox 1639 5493 1732 5546; x_wconf 90' lang='lat' dir='ltr'><strong>manu,</strong></span> 
     </span>
     <span class='ocr_line' id='line_1_99' title="bbox 935 5577 1731 5659; baseline -0.006 -21"><span class='ocrx_word' id='word_1_883' title='bbox 935 5582 1007 5655; x_wconf 93' lang='lat' dir='ltr'><strong>quod</strong></span> <span class='ocrx_word' id='word_1_884' title='bbox 1017 5582 1148 5659; x_wconf 84' lang='lat' dir='ltr'><strong>magister</strong></span> <span class='ocrx_word' id='word_1_885' title='bbox 1160 5581 1204 5641; x_wconf 90' lang='lat' dir='ltr'><strong>bic</strong></span> <span class='ocrx_word' id='word_1_886' title='bbox 1216 5579 1356 5640; x_wconf 77' lang='lat' dir='ltr'><strong>fabricarit</strong></span> <span class='ocrx_word' id='word_1_887' title='bbox 1371 5586 1398 5636; x_wconf 91' lang='lat' dir='ltr'><strong>et</strong></span> <span class='ocrx_word' id='word_1_888' title='bbox 1412 5577 1544 5645; x_wconf 88' lang='lat' dir='ltr'><strong>elimarit,</strong></span> <span class='ocrx_word' id='word_1_889' title='bbox 1559 5584 1585 5637; x_wconf 89' lang='lat' dir='ltr'><strong>et</strong></span> <span class='ocrx_word' id='word_1_890' title='bbox 1606 5591 1655 5634; x_wconf 88' lang='lat' dir='ltr'><strong>ora</strong></span> <span class='ocrx_word' id='word_1_891' title='bbox 1664 5590 1731 5633; x_wconf 85' lang='lat' dir='ltr'><strong>con-</strong></span> 
     </span>
    </p>
   </div>
   <div class='ocr_carea' id='block_1_21' title="bbox 0 0 1868 6000">
    <p class='ocr_par' dir='ltr' id='par_1_23' title="bbox 0 0 1868 6000">
     <span class='ocr_line' id='line_1_100' title="bbox 0 0 1868 6000; baseline 0 0"><span class='ocrx_word' id='word_1_892' title='bbox 0 0 1868 6000; x_wconf 95' lang='lat' dir='ltr'><strong> </strong></span> 
     </span>
    </p>
   </div>
  </div>
 </body>
</html>
