3728 6000
108 238 162 295 lid

467 244 513 301 DE
541 243 834 304 absrtttttttlorttt
852 247 1006 305 tubaria
1025 249 1053 306 S.
1074 249 1220 306 utnrlttt
1238 248 1391 308 TORNAC.

1701 254 1752 311 ili

108 379 174 434 quar
184 364 258 434 juste
272 365 370 421 exarsit
387 367 510 442 mitigare
533 369 668 436 studeant,
684 371 757 429 dona
771 372 905 443 preclara
918 375 946 436 Α
960 374 1078 431 diturum
1092 375 1258 448 spopondit;
1274 378 1323 434 sed
1338 384 1484 449 antequam
1498 374 1532 432 da
1546 376 1668 432 manibus
1682 376 1757 434 mili-

107 450 261 522 pollicetur,
277 454 300 508 si
315 455 372 526 regi
387 464 414 510 et
428 458 537 528 proprio
551 458 621 513 solio
634 475 696 514 eum
708 461 905 517 reconsiliatum

107 539 288 607 reddiderint,
300 541 480 615 effectumque
495 545 632 616 petitionis
656 548 779 604 celeriter
805 564 906 605 conse·

106 637 189 683 rutus
203 628 292 686 luerit.
307 630 469 688 sciscitante
484 650 549 690 aare
563 635 671 701 comite,
684 642 710 690 et
723 637 906 710 interrogante

107 732 170 786 quae
180 726 252 773 esset
266 728 481 788 recompensatio
496 720 602 777 talionis
616 738 666 793 pro
682 724 816 795 legatione
828 726 906 794 hujus

107 805 222 877 negotii,
239 807 380 877 respondit
394 808 541 880 episcopus
557 825 564 864 :
583 834 594 858 a
610 811 739 867 Possideo
754 811 781 867 in
793 813 905 884 regione

106 893 364 966 flandrensique
395 893 489 952 ditioni
522 904 619 953 vestrae
649 898 781 969 subjacet,
808 900 905 956 altaria

108 982 270 1052 quamplura
283 998 317 1037 ex
331 982 428 1055 quibus
445 1000 482 1039 arr
496 984 672 1056 locupletiora
689 988 767 1043 robis
789 996 817 1043 et
843 988 905 1044 liliis

108 1069 205 1123 restris
214 1085 264 1141 per
278 1078 332 1125 tres
347 1072 539 1143 generationes
551 1074 671 1130 tenenda
690 1075 787 1139 trado;
806 1085 905 1148 quarta

106 1166 200 1212 autem
212 1160 420 1215 mrenantnrad
434 1162 604 1233 episcopum.
624 1164 656 1218 Et
671 1180 704 1218 ne
714 1163 784 1220 inter
797 1180 905 1221 succes-

107 1260 186 1301 sores
200 1262 275 1303 meoa
290 1255 316 1303 et
339 1257 461 1319 posteros
480 1258 586 1306 vestros
603 1251 700 1307 exinde
724 1253 813 1324 aliqua
837 1269 905 1309 con-

106 1333 239 1389 trorersia
263 1336 375 1401 oriatur,
392 1345 583 1393 testamentum
603 1339 813 1395 conllrmationis
827 1341 905 1398 vobis

107 1421 189 1489 facio,
205 1423 233 1477 in
247 1438 301 1495 quo
322 1433 429 1494 tempus
448 1427 667 1497 determinatum,
682 1437 708 1484 et
728 1430 836 1484 nomina
862 1430 906 1484 al-

105 1510 205 1564 tarium
217 1520 297 1582 atque
311 1513 418 1568 testium
433 1511 515 1571 aurire
540 1531 607 1571 meaa
625 1531 658 1572 ac
674 1524 771 1571 vestrae
786 1516 832 1589 qui
860 1518 905 1573 in-

106 1596 250 1653 terfuerint
278 1615 476 1674 assensumque
497 1604 669 1674 prebuerint,
686 1606 833 1660 annotabo.
850 1606 905 1662 Co·

960 471 1015 519 tum
1030 480 1062 518 aa
1077 465 1223 520 tenentium
1247 466 1331 520 libera
1354 464 1449 521 fierent
1476 472 1562 520 morte
1589 474 1753 536 praerentus,

959 568 1014 607 non
1028 552 1148 624 implerit
1163 552 1235 624 quod
1250 562 1436 626 proposuerat.
1453 556 1514 623 lpse
1530 569 1636 625 quoque
1647 555 1752 625 episco-

959 656 1011 710 pus
1032 656 1084 696 uon
1106 641 1189 697 rnulto
1211 646 1273 712 post
1293 642 1405 713 longum
1427 649 1533 711 tempus
1556 641 1673 695 moriens
1694 640 1752 713 (an.

960 730 1050 798 1093),
1066 729 1140 799 quod
1160 731 1297 800 inceperat
1318 746 1372 785 non
1386 729 1556 799 terminarit3
1574 729 1623 783 sed
1641 728 1675 785 ad
1702 743 1755 785 au-

958 827 1097 889 gmentum
1120 816 1310 872 destructionis
1334 818 1517 889 episcopatus,
1535 825 1621 872 terras
1637 816 1754 873 arabiles

958 905 1078 976 episcopi
1092 904 1166 960 circa
1181 905 1331 960 Tornaoum
1360 905 1527 961 Theoderico
1553 905 1712 975 monetario,
1728 912 1756 962 et

959 991 1019 1047 aliis
1033 992 1200 1063 primoribus
1222 994 1302 1064 bujus
1316 994 1435 1065 regionis
1463 992 1592 1048 vendidit.
1608 994 1710 1049 Nemus
1727 1001 1755 1049 et

958 1080 1055 1135 silvam
1070 1079 1105 1137 de
1117 1081 1219 1149 Heleia,
1237 1089 1264 1136 et
1282 1080 1316 1136 de
1345 1081 1444 1137 Sancto
1471 1080 1590 1136 Genesio
1616 1080 1753 1147 distraxit,

958 1167 1067 1224 tradens
1081 1169 1202 1241 singulos
1216 1168 1342 1224 bonarios
1355 1168 1389 1223 ad
1403 1167 1536 1224 redditum
1560 1176 1678 1241 quatuor
1702 1168 1754 1226 dc·

959 1256 1096 1312 uariorum
1111 1256 1226 1330 siugulis
1240 1258 1319 1311 anuis
1334 1257 1386 1311 sibi
1400 1256 1602 1312 solvendorum.
1618 1257 1668 1312 llic
1681 1257 1753 1313 inter

958 1354 1060 1400 cratera
1073 1361 1133 1415 quae
1147 1343 1318 1399 laudabiliter
1331 1344 1401 1413 lecit,
1413 1344 1492 1399 etiam
1519 1344 1672 1400 caenobium
1700 1358 1753 1401 ue·

957 1440 1052 1498 strum,
1066 1432 1139 1503 quod
1153 1432 1303 1487 abarbaris
1318 1433 1455 1503 quondam
1479 1433 1643 1488 destructum
1669 1431 1754 1491 luisse

958 1519 1105 1586 ferebatur,
1122 1529 1277 1576 restaurare
1293 1520 1396 1576 curavit
1411 1536 1481 1576 anno
1497 1520 1646 1577 Dominicis
1659 1522 1752 1578 lucar-

957 1607 1075 1663 nationis
1090 1609 1168 1665 1092.
1185 1607 1297 1664 Rabodo
1311 1608 1442 1664 successit
1455 1608 1605 1664 baldricus.

104 1701 250 1757 mesergo,
263 1688 506 1756 mercedeeffusus,
524 1708 617 1765 regem
638 1708 763 1748 socerum
787 1691 834 1747 lilii
862 1695 944 1784 auiB
992 1699 1039 1751 97.
1060 1696 1126 1751 Cum
1141 1712 1210 1769 ergo
1221 1696 1278 1766 jam
1293 1712 1342 1768 per
1356 1704 1490 1753 trecentos
1505 1695 1560 1752 iere
1584 1712 1670 1753 annos
1696 1696 1752 1753 Ee·

103 1774 180 1842 adiit,
197 1791 305 1845 precem
320 1793 368 1848 pro
383 1779 510 1851 episcopo
525 1780 601 1846 indit,
615 1780 722 1836 reniam
748 1778 826 1836 iacile
848 1782 902 1837 im·
957 1783 1041 1840 clesia
1065 1784 1248 1839 Tornacensis
1269 1792 1378 1855 pastore
1398 1785 1507 1856 proprio
1521 1783 1631 1840 viduata
1646 1783 1751 1854 luisset,

103 1863 232 1932 patrarit,
249 1881 365 1935 eumque
381 1868 451 1938 regi,
470 1877 497 1922 et
512 1869 622 1939 proprio
647 1868 717 1923 solio
733 1869 788 1924 cito
803 1885 904 1925 recon-
957 1877 1079 1940 ternpore
1094 1870 1188 1925 domni
1201 1872 1323 1942 liugonis
1338 1871 1522 1927 cluniacensia
1546 1871 1659 1940 abbatia,
1674 1870 1753 1941 cujus

102 1949 225 2005 ciliatum
240 1952 375 2026 reddidit;
391 1954 488 2011 deinde
498 1956 595 2011 altaria
609 1956 660 2011 sibi
671 1955 797 2028 delegata
807 1957 903 2024 tenuit,
957 1958 1083 2029 superius
1102 1959 1265 2014 mentionem
1281 1959 1401 2025 lecimus,
1418 1959 1519 2014 accidit
1532 1967 1560 2013 ut
1574 1958 1684 2031 quidam
1698 1960 1754 2017 lie-

107 2054 221 2110 quorum
236 2042 296 2096 haec
308 2051 369 2097 sunt
383 2043 493 2098 nomina
509 2060 515 2099 :
534 2046 573 2100 Oe
594 2045 760 2110 Corluriaco,
776 2044 810 2100 de
839 2046 902 2099 Put-

104 2135 162 2190 tcn,
175 2127 210 2182 de
224 2128 325 2196 Turult‚
342 2132 376 2187 de
387 2131 560 2200 aldenardia,
574 2133 739 2200 dallenuiia,
750 2133 902 2199 ileHulten,

103 2217 139 2272 de
155 2216 258 2282 Dunza,
274 2217 308 2272 de
322 2219 437 2283 Nivella,
463 2221 497 2276 de
511 2221 684 2288 liorleubruc,
703 2223 737 2279 de
759 2222 902 2290 alenbruc,

103 2304 138 2360 de
152 2305 328 2378 llallengbin,
344 2306 379 2363 de
393 2308 516 2378 Sclipies.
537 2309 597 2379 Qua
615 2311 761 2367 donatione
777 2311 813 2367 ab
841 2308 901 2380 epi-

104 2409 188 2464 scopo
202 2394 285 2461 lacta,
299 2396 441 2465 optimates
457 2396 670 2453 Flandrensesa
691 2399 790 2455 comite
820 2396 903 2468 petic-

103 2489 167 2536 rnul
196 2482 247 2537 sibi
276 2497 307 2539 ea
334 2485 446 2540 concedi
478 2484 773 2556 inbenefieium,quae
790 2491 903 2555 accepta

104 2571 248 2640 optimates
263 2572 392 2626 militibus
405 2573 455 2627 sibi
466 2573 646 2629 servientibus
661 2590 756 2629 rursus
785 2572 813 2628 iu
840 2573 902 2628 seo·

104 2658 169 2713 dum
184 2658 389 2723 distribuerunt,
405 2661 498 2732 sicque
512 2662 640 2732 paulatim
663 2663 697 2718 de
712 2663 772 2730 iure
791 2658 902 2730 pontili-

103 2747 156 2801 cali
185 2747 291 2817 penitus
312 2748 338 2802 in
356 2749 401 2817 J'us
420 2750 534 2804 militum
561 2750 736 2804 transierunt.
756 2750 813 2805 linc
837 2764 903 2821 ergo

103 2842 184 2905 pacto
197 2836 379 2891 Tornacensis
394 2836 519 2892 Ecclesia
529 2853 568 2892 xu
583 2837 677 2892 altaria
691 2837 819 2908 perdidit.
836 2836 903 2904 Qum

103 2922 126 2975 ai
140 2922 470 2991 episcopusTornacensis
485 2924 519 2979 ad
533 2941 653 2980 mensam
668 2941 744 2981 suam
759 2926 825 2980 sicul
836 2924 901 2979 olim

102 3009 187 3064 libera
220 3011 377 3081 possideret,
401 3014 499 3068 multos
522 3015 620 3069 exinde
648 3028 784 3084 pauperes
811 3028 901 3068 secum

958 2046 1062 2102 mensis
1079 2046 1206 2103 Ecclesiae
1229 2046 1374 2101 canonicus
1402 2062 1511 2119 magnes
1533 2047 1674 2116 probitatis
1701 2046 1752 2113 vir,

957 2135 1068 2190 nomine
1093 2134 1162 2204 Ode,
1178 2135 1258 2193 ritem
1283 2135 1444 2190 saecularem
1481 2134 1656 2204 relinqueret,
1672 2141 1697 2190 et
1725 2135 1754 2189 iu

957 2224 1052 2279 eadem
1067 2222 1240 2279 cluniacensi
1256 2222 1378 2278 Ecclesia
1394 2224 1543 2278 monachus
1566 2221 1652 2278 tieret.
1673 2221 1754 2278 Cum·

958 2329 1009 2385 que
1027 2312 1064 2367 ibi
1079 2327 1127 2382 per
1139 2311 1239 2381 aliquot
1255 2325 1342 2365 annos
1357 2309 1560 2381 religiosissime
1586 2309 1709 2380 risisset,
1726 2319 1754 2367 et

957 2400 1072 2456 domnus
1091 2415 1163 2470 papa
1173 2397 1321 2471 Gregorius
1335 2399 1384 2454 llll
1403 2398 1493 2453 eidem
1521 2398 1621 2452 domno
1646 2399 1754 2471 liugoni

957 2489 1046 2544 abbati
1061 2488 1216 2542 mandasset
1230 2494 1259 2542 ut
1273 2486 1324 2540 sibi
1339 2485 1445 2556 aliquos
1466 2485 1499 2542 de
1528 2486 1668 2541 monachia
1695 2486 1756 2543 suia

958 2578 1031 2632 riroa
1063 2576 1196 2646 sapientes
1229 2575 1434 2641 transmitteret,
1460 2588 1529 2645 quos
1567 2577 1755 2644 competenter

957 2666 1101 2737 episcopos
1120 2664 1246 2718 ordinare
1275 2668 1376 2732 posset,
1393 2662 1510 2716 domnus
1525 2662 1603 2734 Ilugo
1631 2662 1657 2716 ai
1686 2662 1755 2718 inter

957 2747 1225 2817 caeterospraesatum
1241 2745 1364 2802 Odouem
1387 2745 1540 2809 transmisit,
1570 2761 1652 2818 quem
1682 2761 1753 2817 papa

956 2839 982 2893 in
1000 2837 1063 2891 urbo
1079 2835 1197 2892 Ostiensi
1224 2833 1382 2904 episcopum
1411 2833 1593 2889 consecrarit.
1620 2832 1755 2909 Defuncto

957 2942 1027 2998 papa
1044 2924 1179 2996 Gregorio
1196 2923 1286 2978 Victor
1297 2921 1417 2977 succedit
1428 2930 1503 2992 ;pcst
1512 2936 1594 2992 quern
1607 2920 1679 2975 idom
1693 2919 1754 2978 Ode

957 3014 992 3069 ad
1006 3013 1162 3085 apostolicae
1177 3011 1248 3067 sedis
1275 3007 1458 3080 pontificatum
1483 3009 1600 3082 eligitur,
1617 3017 1644 3063 et
1660 3010 1752 3065 Urba·

102 3096 215 3153 relicere
231 3106 336 3169 posset.
355 3101 493 3156 Harduino
520 3102 647 3158 successit
674 3102 764 3174 Hugo,
791 3099 899 3173 Hugoni
915 3073 940 3136 C
955 3119 1004 3157 nus
1020 3101 1185 3156 nominatur.
1202 3098 1264 3167 Qui,
1281 3097 1410 3170 quoniam
1424 3097 1452 3151 iu
1471 3096 1592 3153 Ecclesia
1620 3097 1754 3153 ticinensi

102 3186 262 3252 balduinus,
277 3187 408 3242 Baltluino
423 3189 560 3245 ilalrodus.

138 3278 183 3331 96.
200 3274 284 3343 liujus
297 3274 401 3330 Rabodi
428 3284 548 3345 ternpore
575 3276 730 3332 comitatum
754 3277 901 3333 Flandren-

101 3380 162 3419 aem
185 3364 294 3420 tenebat
319 3365 453 3422 Robenm
479 3364 550 3420 filius
577 3366 698 3420 balduini
724 3365 851 3434 lusulani,
874 3373 901 3420 el

100 3452 199 3508 Adelae
213 3451 276 3509 liliae
290 3454 371 3526 regis.
384 3453 479 3523 quibus
506 3453 569 3509 data
593 3454 702 3510 fuerant
721 3455 830 3509 altaria.
849 3452 900 3508 Ve-

99 3540 181 3596 niens
195 3557 263 3612 ergo
277 3540 313 3597 ad
327 3557 388 3596 cum
409 3542 538 3598 liabedns
560 3543 703 3613 episcopus
730 3542 818 3597 orarit
837 3557 898 3597 eum

100 3637 131 3685 ut
143 3643 186 3684 ιιι
200 3629 294 3684 altaria
310 3646 371 3702 qnae
385 3630 541 3686 Harduinua
555 3630 589 3686 de
607 3645 701 3685 mensa
724 3628 900 3685 Tornacenais

99 3718 225 3789 episcopi
256 3718 361 3785 tulerat,
377 3728 401 3774 et
424 3719 554 3774 Bnlduino
583 3719 701 3774 Barbato
729 3718 819 3775 comiti
847 3733 899 3775 arc

99 3807 164 3877 ejus
191 3818 372 3872 concesserat,
387 3806 554 3863 'lomacensi
583 3807 712 3863 Ecclesiae
731 3822 781 3879 pro
809 3806 898 3861 anima

99 3910 151 3948 aua
167 3895 308 3961 redderet,
332 3894 460 3965 quoniam
476 3896 533 3963 jam
554 3903 660 3966 tempus
689 3895 899 3965 transieratque

100 3982 210 4038 reddita
220 3998 281 4038 ease
291 3982 468 4048 debuissent;
484 3992 539 4038 tres
554 3984 624 4038 enim
633 3983 747 4040 comites
761 3999 792 4038 ea
806 3991 899 4038 tenera

100 4070 255 4125 debuerant
279 4071 392 4141 quiJ'am
418 4070 604 4140 decesserant,
627 4072 728 4127 scilicet
752 4071 899 4126 balduinus

100 4158 241 4226 barbatus,
265 4173 331 4214 arus
345 4159 427 4228 hujus
450 4160 569 4229 lidberti,
588 4159 735 4215 balduinus
758 4161 900 4215 insulanus

100 4254 182 4318 paler
199 4247 267 4317 ejus,
282 4246 430 4303 lietduinus
453 4249 648 4304 ilasnoniensis
672 4248 756 4302 irater
775 4248 899 4318 ejusdem

100 4334 227 4390 lieberti.
246 4333 333 4403 Quem
348 4351 408 4391 cum
425 4335 568 4407 episcopus
591 4343 700 4408 rogaret
718 4335 810 4390 alaris
836 4334 900 4390 red·

954 3192 1083 3246 educatus
1094 3187 1189 3256 iuerat,
1205 3187 1284 3243 valde
1304 3202 1362 3241 earn
1379 3201 1462 3256 super
1477 3185 1544 3240 alias
1561 3185 1710 3258 deligebat,
1724 3194 1752 3242 et

955 3285 984 3333 ut
997 3279 1134 3348 antiquam
1146 3276 1170 3331 ei
1185 3275 1344 3347 dignitatem
1363 3287 1401 3328 au
1423 3274 1611 3344 episcopcrum
1638 3273 1753 3330 reddare

954 3375 1047 3437 pn<set
1062 3382 1114 3422 nou
1137 3379 1231 3435 parurn
1253 3362 1434 3418 desiderabat.
1451 3362 1517 3415 Cum
1537 3376 1603 3433 ergo
1626 3362 1752 3430 superius

955 3463 1130 3508 memoratum
1158 3451 1316 3507 Gnalterum
1341 3450 1564 3505 cameracensem
1592 3448 1750 3518 episcopum

954 3558 1004 3613 pro
1019 3540 1169 3595 simoniain
1188 3537 1302 3594 concilio
1325 3535 1540 3592 claromontensi
1563 3536 1751 3591 excorumuni·

953 3637 1051 3694 cassel,
1073 3628 1196 3698 protinus
1224 3625 1450 3680 atrebatensibus
1471 3624 1608 3680 mandarit
1639 3633 1669 3679 ut
1698 3624 1750 3679 sibi

954 3718 1091 3789 proprium
1106 3716 1233 3787 eligerent
1250 3714 1419 3785 episcopum,
1432 3712 1567 3784 privilegii
1582 3710 1624 3767 sui
1652 3720 1748 3769 aucto·

953 3807 1032 3862 ritate
1046 3805 1144 3860 urbem
1159 3803 1362 3857 atrebatensem
1373 3817 1389 3856 a
1402 3799 1607 3856 Cameracensis
1624 3800 1751 3873 episcopi

954 3893 1122 3962 subjectione
1133 3891 1247 3946 liberam
1262 3890 1389 3961 deinceps
1403 3898 1430 3944 et
1444 3889 1591 3944 immunem
1601 3905 1660 3944 esse
1679 3904 1750 3947 con·

953 3982 1043 4047 cessit,
1060 3989 1086 4035 et
1099 3989 1128 4034 ut
1142 3979 1299 4050 episcopum
1327 3978 1468 4048 proprium
1496 3992 1610 4047 semper
1636 3977 1750 4032 haberat

953 4064 1132 4121 confirmavit.
1148 4061 1288 4117 Mandavit
1302 4061 1381 4117 etiam
1396 4059 1502 4116 clericis
1519 4060 1747 4127 Tornacansibua,

954 4161 982 4209 ut
997 4154 1032 4208 ad
1045 4168 1104 4208 eum
1121 4148 1490 4221 irentrecepturilibertatam
1504 4147 1608 4219 proprii
1616 4146 1747 4218 episcopi.

954 4240 1078 4297 Protinus
1093 4238 1214 4295 canonici
1231 4238 1297 4292 duos
1311 4235 1484 4291 honorabiles
1506 4235 1582 4290 viros
1597 4234 1631 4290 de
1652 4233 1749 4290 Eccle-

953 4329 994 4384 sia
1009 4343 1059 4383 sua
1074 4329 1186 4385 Romam
1203 4326 1341 4391 miserunt,
1356 4324 1495 4379 Elberlum
1515 4322 1616 4377 scilicet
1638 4328 1664 4376 el
1678 4321 1749 4378 Gol-

100 4421 180 4486 dere,
194 4421 352 4478 dilationem
368 4423 519 4494 postularit,
534 4423 621 4479 donee
634 4438 650 4478 a
665 4430 750 4479 matra
769 4438 822 4478 sua
851 4439 897 4479 re·
911 4425 937 4487 ι)
952 4416 1075 4479 dullum;
1092 4415 1141 4470 sed
1155 4430 1251 4486 pallam
1266 4414 1407 4470 Urbanum
1417 4412 1476 4482 jam
1499 4409 1654 4465 d⁰s⁰1¹⁰il¹ffl
1675 4410 1749 4466 inre-

100 4510 210 4565 ritatem
220 4510 301 4580 huius
315 4511 353 4567 rei
375 4512 492 4567 audiret.
514 4514 580 4568 Cum
599 4526 665 4583 ergo
689 4519 802 4568 matrem
825 4526 901 4567 suam

100 4596 247 4670 prefatam
263 4598 376 4655 adelam
394 4600 450 4669 (tl)
467 4616 551 4670 super
565 4601 618 4655 hoc
647 4599 838 4667 consuluisset,
854 4598 902 4654 illa

101 4693 201 4759 utpote
214 4686 344 4760 religiosa
358 4697 384 4744 et
399 4687 494 4744 timens
508 4689 595 4744 Deum
608 4687 785 4758 respuuntur
803 4687 901 4744 Verum

101 4790 157 4851 est,
172 4783 269 4856 iuquit,
282 4784 330 4849 lili,
347 4784 476 4857 quiajam
491 4792 600 4856 tempus
614 4784 721 4839 transiit
735 4801 788 4857 quo
820 4802 835 4840 a
850 4802 901 4857 pa-

104 4891 146 4937 tre
162 4889 218 4945 tuo,
234 4889 261 4937 et
275 4897 326 4938 aro
351 4881 488 4953 promissa
515 4882 620 4936 luerent
635 4881 724 4936 reddi.
744 4880 816 4952 Quia
835 4897 902 4956 ergo

104 4979 156 5035 tibi
172 4977 437 5035 Oeushaareditatem
454 4986 523 5034 tuam
540 4994 620 5049 quam
635 4978 786 5050 perdidisti,
803 4978 831 5033 id
860 4987 902 5034 est

105 5076 275 5143 Flandriam,
299 5076 425 5158 reddidit,
442 5093 626 5150 magnumque
644 5076 746 5135 exinde
772 5080 901 5135 honorem

104 5175 156 5230 tibi
167 5174 241 5242 iecit,
256 5172 372 5231 consulo
384 5172 431 5229 tibi
447 5181 475 5229 ut
488 5174 569 5229 etiam
591 5191 672 5246 super
693 5176 745 5230 boo
772 5176 902 5230 honorem

104 5268 240 5340 aisaciae,
254 5279 281 5328 et
294 5270 400 5328 Sanctae
414 5272 507 5327 llariae
522 5270 618 5326 matris
639 5271 701 5341 ejus
733 5271 828 5328 altaria
855 5288 904 5327 sua

104 5368 219 5426 reddas
237 5391 249 5419 r
264 5368 313 5424 His
327 5384 420 5425 comes
433 5375 610 5441 compunctus
620 5368 785 5441 episcopose
799 5385 832 5426 ea
843 5370 903 5425 rad-

956 4512 1060 4568 neruut,
1076 4510 1104 4558 et
1125 4503 1183 4558 sine
1206 4501 1303 4557 effectu
1323 4499 1470 4555 redierunt.
1488 4500 1594 4554 Urbano
1616 4498 1748 4553 successit

955 4600 1095 4668 Reinerus,
1111 4600 1197 4655 abbas
1212 4599 1304 4655 Sancti
1313 4597 1395 4665 Pauli,
1412 4603 1436 4651 et
1452 4602 1563 4651 uocatus
1573 4602 1615 4649 est
1628 4594 1752 4651 Pascha-

956 4698 1007 4766 lis;
1023 4697 1102 4768 cujus
1126 4705 1249 4766 tempore
1271 4711 1331 4750 curn
1357 4692 1448 4750 elerici
1475 4692 1623 4747 Romanam
1649 4690 1752 4747 curiam

955 4787 1054 4859 saepius
1069 4786 1270 4856 frequentarent
1284 4798 1335 4855 pro
1349 4780 1517 4836 dissensione
1532 4779 1676 4852 quainter
1699 4795 1750 4839 noa

956 4893 983 4942 et
994 4886 1070 4957 ipsos
1084 4888 1154 4951 erat,
1166 4880 1279 4939 itomaui
1293 4879 1338 4950 qui
1351 4893 1460 4949 semper
1474 4892 1612 4933 novorum
1626 4878 1751 4951 negotio·

955 5001 1016 5040 rum
1032 4992 1095 5039 sunt
1107 4981 1209 5054 cupidi,
1224 4984 1362 5050 coeperunt
1375 4992 1425 5032 nos
1453 4974 1564 5031 incitare
1578 4975 1613 5031 ad
1626 4984 1753 5049 repeten.

955 5082 1019 5138 dum
1033 5080 1173 5153 proprium
1187 5077 1363 5149 episcopum
1379 5073 1476 5130 accidit
1497 5083 1600 5141 autern,
1616 5090 1677 5130 cum
1689 5074 1749 5144 jam

955 5179 1095 5234 nobiscum
1111 5175 1265 5233 concordati
1281 5171 1404 5240 luissent,
1421 5179 1449 5227 ut
1475 5171 1592 5228 domnus
1612 5170 1751 5227 Baldricua

957 5275 1103 5345 episcopus
1117 5278 1217 5336 noster,
1232 5284 1281 5341 pro
1296 5268 1412 5341 quadam
1423 5280 1504 5325 causa
1513 5272 1674 5335 commotus,
1688 5267 1752 5323 aba·

958 5389 1010 5443 que
1023 5371 1098 5428 omui
1111 5368 1247 5426 audientia
1261 5376 1288 5424 et
1307 5365 1410 5437 judicio
1437 5364 1578 5436 canonico,
1602 5365 1693 5421 missis
1707 5364 1753 5422 lit-

145 5538 203 5609 (st)
219 5538 346 5596 letalem.
362 5537 429 5594 llaec
443 5536 566 5595 lentavit
580 5536 720 5595 abbatiam
734 5538 848 5595 mental.
866 5534 1113 5607 benedictinarum,
1124 5532 1236 5595 uomina
1248 5535 1383 5593 ldaasinaz
1397 5548 1486 5607 prope
1500 5535 1587 5605 lpraa.
