3728 6000
344 244 414 302 tto.
437 247 483 302 [ιιι
503 247 753 305 tttsntttcottott
774 249 818 305 bt
835 252 1001 311 JUSTl'l'lA.
1019 286 1055 297 -—
1067 256 1155 314 vAtts
1170 260 1216 314 ιιι.

1552 263 1603 318 osc

78 366 123 423 vt.
141 367 216 439 Quod
232 369 290 424 loco
301 367 345 424 nel
359 374 482 440 temporo
493 371 535 426 nel
559 371 734 440 promotione
764 365 792 425 Α
805 375 903 445 solum,
920 380 971 435 sed
986 390 1100 452 propter
1118 383 1187 439 alios
1202 384 1292 438 datur:
1308 390 1334 439 et
1349 383 1410 439 iden
1425 399 1535 438 necesse
1550 390 1600 448 est,

79 438 222 495 mnnndna
236 441 275 494 rit
295 442 343 513 qni
357 441 459 498 illicite
474 442 637 497 ordinatur.

91 553 121 600 ut
134 545 172 600 ait
186 546 259 601 Leo:
279 568 290 594 ιι
307 545 337 601 Si
352 546 400 617 qui
415 561 431 600 a
446 547 688 619 pseudoepiscopis
704 563 750 603 or·

78 634 169 702 verint,
186 639 278 704 potest
291 643 352 690 rata
367 635 461 691 baberi
475 636 537 690 talis
552 636 696 703 ordinatio,
715 635 752 690 ita

78 722 104 777 is
118 721 185 778 locis
200 731 384 791 perseverent.
404 744 415 773 ι
439 724 527 779 Aliter
549 740 620 780 vana
644 733 684 779 est
699 725 751 778 ha-

78 811 120 866 llis
135 811 278 867 ordinatio.
289 813 360 867 Ecce
371 813 470 884 aliquis
487 813 630 868 ordinatus
643 828 660 868 a
675 829 752 884 psau-

78 915 132 970 spc,
160 900 182 954 si
207 901 295 956 locum
318 917 374 956 suae
397 902 574 957 ordinationis
596 902 750 969 mutaverit,

78 987 153 1043 leat
174 988 233 1044 sine
265 989 505 1045 administratione
534 991 587 1046 erit
616 990 753 1045 ordinatio

78 1092 180 1147 empore
195 1093 272 1144 vcro,
289 1078 368 1133 nteit
384 1079 561 1135 Innocentius
575 1079 608 1134 de
623 1078 753 1134 ordinatis

78 1180 117 1221 to:
135 1187 147 1213 s
168 1165 246 1235 erod
262 1182 313 1236 pro
329 1168 492 1223 necessitate
515 1169 650 1238 temporis
664 1175 752 1225 statu-

78 1297 80 1312 .
96 1257 220 1310 cessante
236 1256 408 1323 necessitate,
425 1255 505 1312 debet
526 1258 630 1328 pariter
645 1271 753 1313 cessare

79 1343 185 1415 gebat5
202 1343 352 1414 quisalius
376 1351 417 1399 est
442 1345 508 1400 ordo
523 1344 672 1417 legitimus,
698 1344 753 1398 alia

78 1431 196 1503 *patina
219 1433 295 1503 Ergo
319 1433 420 1503 aliquis
444 1433 499 1489 alio
522 1441 646 1504 tempore
670 1432 706 1487 ab
721 1446 754 1486 co

78 1534 123 1575 oso
136 1521 170 1575 sit
182 1520 278 1575 similis
301 1521 455 1589 ordinatus,
480 1522 600 1577 cessabit
614 1521 649 1575 ab
664 1519 754 1575 calmi·

78 1623 126 1674 ne,
141 1625 202 1680 quae
216 1625 268 1681 pro
288 1611 450 1665 necessitate
475 1611 549 1665 illius
565 1610 692 1680 temporis
705 1608 755 1663 iuit

805 470 834 519 nt
848 481 914 522 varo
929 469 1023 536 carde,
1046 471 1201 544 mundaque
1224 471 1402 542 conscientia,
1422 475 1552 544 quantum
1568 471 1604 526 ad

806 568 836 609 se
851 565 959 611 sumant
972 567 1105 630 quantum
1125 561 1160 615 ad
1186 560 1257 617 alios
1282 577 1349 617 varo
1370 577 1423 616 non
1441 561 1526 616 solnm
1542 560 1602 614 sine

806 646 881 697 omni
894 645 984 715 culpa,
1001 648 1049 703 sed
1066 656 1091 704 et
1106 649 1164 704 aine
1187 649 1262 705 omni
1276 650 1388 705 infamia
1401 657 1509 721 propter
1523 664 1603 705 scan-

807 730 897 786 dalum
915 734 1047 791 fratrum:
1065 737 1099 792 ad
1115 755 1231 810 quorum
1245 738 1391 795 utilitatem
1406 754 1460 792 non
1474 739 1561 794 solum
1575 743 1605 792 ιιι

806 821 924 890 prosint,
947 824 1096 880 sedetiam
1127 834 1155 881 ut
1183 828 1271 898 prosit
1301 826 1487 883 sacerdotium
1510 826 1602 881 datur.

807 908 884 965 Unde
900 911 1077 984 llieronymus
1091 915 1119 968 in
1144 915 1256 970 lliclraea
1273 932 1280 969 :
1306 938 1317 963 ι
1335 915 1367 970 ιιι
1383 930 1557 985 quoscunque
1569 914 1605 969 (ιο

808 995 912 1053 affectis
926 1000 983 1055 suis
996 1000 1163 1071 ordinantes,
1180 1009 1206 1058 et
1222 1005 1304 1059 vitam
1330 1019 1426 1058 eorum
1443 1003 1471 1057 in
1487 1002 1602 1059 scande·

808 1085 863 1140 lum
880 1089 972 1158 populi
988 1098 1168 1161 exponentes,
1196 1092 1237 1147 rei
1252 1097 1315 1147 sunt
1329 1092 1494 1147 infidelitatis
1508 1106 1604 1147 earum

807 1175 852 1247 qui
869 1177 1097 1233 scandalizantur.
1120 1202 1131 1228 ι
1148 1180 1253 1236 Revera
1268 1181 1368 1236 etenim
1383 1181 1427 1252 erui
1443 1180 1477 1235 ad
1489 1180 1541 1237 boc
1555 1178 1605 1234 eli·

807 1272 917 1335 guntur,
934 1273 963 1320 ut
977 1267 1085 1323 caeteris
1099 1268 1220 1339 praesint,
1237 1270 1310 1326 sicut
1327 1267 1543 1341 praeordinantur
1558 1267 1604 1323 di·

807 1353 920 1423 gnitate,
937 1355 977 1411 sic
992 1357 1167 1426 praeeminere
1187 1357 1287 1413 debent
1309 1357 1461 1414 sanctitate.
1477 1355 1604 1429 Alioquin
1681 1412 1684 1417 .

808 1455 857 1495 cur
871 1443 975 1497 coeteris
993 1444 1184 1514 praelerunlur,
1208 1447 1252 1515 qui
1276 1446 1350 1501 nulla
1365 1446 1521 1501 meritorum
1536 1460 1602 1518 gra-

807 1529 845 1584 tia
866 1532 990 1587 acaeteri
1015 1542 1200 1590 secernuntur.
1226 1534 1303 1591 Unde
1331 1534 1508 1604 Symmachus
1531 1535 1603 1589 Lau-

808 1619 895 1674 rentio
907 1620 1100 1677 llediolanensi
1125 1623 1278 1695 episcopo:
1307 1645 1318 1670 a
1337 1622 1474 1679 vilissimo
1489 1637 1603 1694 compa-

78 1713 101 1752 t·
131 1699 198 1753 Item
223 1700 404 1770 Ριοιῐιθῐίῠῠθ,
425 1708 454 1754 ut
469 1701 506 1753 nit
522 1698 592 1754 1120:
619 1722 630 1748 ·
649 1699 678 1754 Si
693 1697 753 1769 uuis
767 1720 793 1783 B
808 1709 909 1763 candus
923 1714 974 1776 est,
1000 1710 1050 1766 nisi
1073 1712 1210 1783 praecellat
1229 1712 1351 1778 scientia,
1378 1711 1424 1783 qui
1445 1719 1486 1767 est
1500 1711 1603 1768 bonore

78 1803 95 1843 e
121 1787 319 1843 communionis
352 1789 515 1858 contagione
540 1804 570 1844 se
598 1787 750 1848 macularit,

78 1889 175 1946 magno
197 1875 330 1931 beneficio
350 1875 458 1944 lrabeat,
482 1876 505 1931 si
525 1877 655 1947 adempta
679 1875 752 1932 omui

81 1964 220 2030 motionis,
244 1964 274 2018 in
299 1981 351 2035 quo
367 1965 503 2021 iuvenitur
526 1966 622 2022 ordine
641 1979 753 2035 perma-

78 2053 144 2109 Ecce
162 2053 186 2107 si
210 2052 326 2109 clericus
350 2054 392 2110 vel
414 2055 583 2110 ordinatione
599 2054 644 2109 vel
666 2052 753 2125 quoli-

78 2144 199 2196 ramcnlo
223 2141 357 2198 haereticis
390 2143 581 2211 communicat,
605 2157 714 2199 cessans
737 2157 753 2196 a

78 2244 135 2295 one,
151 2230 198 2285 vix
213 2230 240 2284 in
251 2231 406 2286 sucordine
416 2241 587 2302 perseverat.
604 2232 666 2286 Non
680 2230 750 2286 enim

78 2328 305 2387 concremento,
326 2328 354 2375 ut
369 2320 403 2376 de
418 2320 536 2376 caeteris.
552 2321 659 2376 Cretera
679 2319 750 2375 enim

79 2407 156 2479 ulpas
171 2408 324 2464 abluendas
340 2410 447 2477 dantur,
473 2416 502 2462 ut
526 2409 689 2479 baptismus,
706 2409 752 2463 vel

78 2497 125 2564 tia,
142 2498 185 2552 vel
200 2514 250 2568 pro
261 2498 349 2567 culpis
364 2513 417 2551 non
443 2498 472 2551 in
494 2504 637 2563 aeternum,
653 2498 703 2552 sed
718 2497 752 2551 ad

80 2591 197 2657 eganlur
210 2593 238 2640 ut
259 2586 436 2651 eucharistia,
464 2603 523 2659 quae
538 2594 628 2641 tamen
640 2586 667 2641 in
683 2585 748 2640 arti-

78 2673 135 2729 ntis
154 2674 296 2745 paenitenti
330 2675 410 2730 etiam
436 2675 470 2730 de
493 2674 605 2731 nefariis
629 2675 749 2746 peccatis

80 2779 122 2819 nr.
139 2764 197 2819 lloc
211 2764 301 2818 solum
315 2780 370 2819 rron
386 2763 473 2819 solum
484 2781 533 2836 pro
547 2763 626 2834 culpa
637 2765 685 2820 sed
701 2779 751 2833 pro

89 2851 269 2915 interdicitur,
302 2852 349 2906 sed
373 2868 425 2923 pro
449 2853 591 2908 imminuta
614 2853 751 2908 munditiae

78 2939 128 2996 let
150 2940 326 3012 perfectionis
349 2941 512 2997 extrinsecae
529 2943 569 2997 vel
594 2942 750 2998 intrinsece

78 3028 147 3096 tiva,
162 3037 189 3084 ut
199 3029 327 3101 digamis,
344 3029 386 3084 vel
404 3029 492 3086 vidua>
508 3028 622 3097 maritis,
637 3031 679 3086 vel
694 3031 749 3085 illi-

807 1798 990 1867 proestantior.
1009 1821 1021 1848 ι

808 1896 872 1951 Cea.
887 1895 960 1953 le.
977 1898 1053 1967 Quod
1062 1898 1216 1956 domnolus
1226 1900 1443 1956 silAnortrnlua
1452 1915 1527 1972 popu
1535 1915 1601 1955 cnm
1664 1958 1668 1969 ,

843 1983 892 2022 ano
907 1968 1027 2029 decreto.
1037 1985 1089 2042 qno
1104 1975 1205 2026 contro
1215 1973 1418 2027 anctoritatem
1433 1974 1601 2026 conclarum

842 2038 988 2094 ordinatos
1001 2040 1035 2096 oi
1049 2043 1149 2098 Anneio
1160 2041 1533 2098 domnotoubrolncroniane
1543 2045 1598 2097 cvl.

842 2135 930 2190 Addit
945 2144 1037 2192 nmen
1062 2139 1157 2193 Petrus
1181 2138 1330 2195 Damianos
1355 2141 1389 2196 ad
1413 2155 1506 2195 eorum
1530 2138 1604 2210 quia

808 2221 970 2279 Simonincis
990 2225 1150 2281 ordinantur
1175 2228 1386 2294 excusationem,
1404 2228 1445 2284 vel
1460 2226 1600 2284 defensio-

807 2326 880 2380 nem,
893 2312 1024 2368 Acacium
1039 2315 1368 2386 constantinopolitanum
1379 2316 1535 2388 episcopum
1549 2318 1602 2371 bae·

806 2401 921 2456 reticum
936 2410 963 2458 et
972 2403 1033 2473 ejus
1043 2404 1192 2470 ordinatos,
1205 2421 1253 2475 pro
1268 2421 1300 2461 eo
1311 2405 1432 2461 maxime
1446 2405 1519 2478 quod
1529 2408 1604 2461 Ana·

806 2489 903 2545 stasius
914 2507 982 2563 papa
992 2493 1138 2549 Anastasio
1151 2493 1316 2564 imperiatori
1326 2494 1522 2550 ordinationem
1531 2493 1604 2551 illius

806 2581 930 2651 quamvis
946 2580 1063 2636 baeretici
1085 2581 1122 2637 ita
1146 2590 1232 2636 ratam
1257 2584 1398 2654 approbat,
1423 2589 1449 2637 ut
1465 2582 1506 2638 eis
1520 2580 1602 2638 etiam

806 2684 876 2738 quos
889 2675 951 2740 post
976 2669 1181 2724 damnationem
1207 2687 1283 2725 saram
1306 2670 1451 2743 baptizavit
1467 2671 1508 2726 vel
1524 2670 1602 2726 ordi·

805 2757 880 2813 navit
894 2757 920 2811 in
937 2757 1009 2814 nullo
1025 2759 1148 2814 nocuisse
1159 2774 1231 2814 ream
1242 2776 1388 2830 personam
1397 2768 1506 2817 asserat.
1522 2758 1602 2830 Quod

806 2862 867 2901 eum
884 2846 976 2903 illicite
991 2853 1017 2903 et
1038 2864 1093 2903 non
1114 2848 1290 2919 canonice...,
1314 2849 1361 2905 sed
1385 2857 1476 2906 contra
1492 2849 1602 2907 decreta

806 2936 1040 3005 prscdecesscrum
1055 2944 1081 2991 et
1096 2953 1285 2993 antecessorum
1301 2955 1414 2994 snorum
1429 2938 1528 3009 probat
1541 2937 1599 2994 Ge-

805 3024 899 3093 lasius,
918 3025 963 3096 qui
979 3025 1104 3081 Acacium
1113 3035 1175 3082 ante
1190 3027 1363 3083 Anastasium
1380 3025 1603 3083 excommunica-

78 3117 115 3174 vel
130 3118 253 3189 corporis
275 3119 397 3189 qualibet
412 3128 489 3190 parte
512 3119 612 3174 vitiatis
626 3120 748 3192 denega·
806 3122 912 3184 verunt,
927 3121 954 3169 et
970 3114 1126 3180 llormisda,
1143 3116 1187 3188 qui
1205 3116 1239 3172 ab
1259 3118 1318 3189 ipso
1343 3116 1488 3172 Anastasio
1508 3117 1603 3171 tertius

101 3207 213 3278 digamo
237 3208 281 3261 vel
305 3206 430 3262 illiterato
455 3206 499 3263 vel
519 3223 633 3280 corpore
659 3208 750 3265 vitiato

85 3296 239 3366 baptismus
252 3296 294 3352 vel
312 3297 485 3352 eucharistia.

77 3412 111 3468 ιι.
130 3411 206 3480 Quod
223 3414 291 3467 tolia
305 3413 451 3483 episcopus
464 3413 630 3468 conceditur
644 3417 748 3469 corioro

78 3484 397 3626 Ζεῗέἑιιξιὲιιηιηιιινιινε,
410 3485 457 3555 qni
471 3488 567 3539 turncn
581 3484 749 3556 prohibetur

78 3661 92 3706 t
106 3652 164 3707 talis
181 3652 324 3723 episcopus
347 3657 438 3721 polest
462 3660 557 3707 caetera
583 3659 751 3707 sacramenta

78 3747 156 3802 trare,
175 3742 220 3812 qui
236 3750 324 3796 tamen
334 3739 406 3795 istud
421 3740 509 3795 solum
530 3756 585 3795 non
601 3741 670 3796 valet
685 3756 752 3796 eon·

78 3832 88 3884 l
110 3829 182 3885 enim
199 3831 238 3885 ait
253 3831 307 3885 Leo
328 3829 425 3900 (Epist.
452 3831 496 3896 87,
512 3845 539 3882 n.
555 3833 599 3898 l):
628 3830 681 3885 asi
706 3828 752 3902 qui

85 3916 165 3973 talem
175 3919 392 3973 consecraverint
402 3917 583 3982 sacerdotem,
592 3918 699 3989 qualem
711 3934 753 3972 es-

78 4005 162 4072 liceat,
183 4007 290 4062 etiamsi
312 4006 488 4077 aliquomodo
505 4007 633 4060 damnum
649 4006 752 4078 proprii

78 4095 225 4158 evaserint,
237 4095 414 4149 ordinationis
420 4097 467 4165 jus
479 4095 589 4150 ulterius
598 4111 650 4150 nou
666 4096 750 4150 babe-

78 4200 105 4239 ιο
128 4199 246 4255 unquam
269 4184 307 4238 illi
320 4192 490 4240 sacramento
505 4186 667 4249 intererunt,
679 4184 752 4253 quod

78 4272 297 4345 >praestiterunt
322 4295 332 4319 -ι
352 4273 421 4326 Ecce
437 4288 496 4327 cum
513 4273 624 4328 honoris
639 4274 749 4344 pericu·

78 4360 160 4429 vdent,
177 4368 206 4414 ut
228 4368 326 4417 catera
350 4369 521 4415 sacramenta
547 4362 752 4417 sacerdotaliter

78 4466 144 4506 rare
165 4449 364 4519 permittantur,
389 4448 422 4502 ab
447 4450 499 4505 hoc
515 4449 575 4505 soto
599 4466 653 4506 raon
670 4450 751 4506 modo

78 4538 113 4594 esi
129 4538 173 4594 vel
188 4538 309 4611 qualibet
324 4537 421 4607 majori
446 4538 535 4608 culpa,
559 4537 608 4594 scd
623 4555 673 4610 pro
693 4540 752 4594 sola

78 4625 126 4682 itia
141 4635 325 4683 removentur.

78 4742 168 4797 tvttl.
198 4743 273 4811 Quod
292 4743 477 4813 proeminere
501 4743 581 4798 debet
596 4746 751 4799 sanctitate

157 4815 204 4884 qui
218 4817 383 4884 praeeminet
397 4814 548 4883 dignitate.

81 4929 132 4981 bus
156 4928 284 4982 omnibns
308 4927 591 4982 notandumsollieita
614 4937 664 4993 est,
680 4929 754 4998 quod

80 5024 156 5072 ntum
176 5017 354 5071 sacerdotalis
374 5017 551 5084 promotionis
573 5033 631 5087 prae
646 5019 753 5072 caeturis

78 5122 83 5159 ι
97 5106 185 5177 magis
198 5113 325 5162 accurate
345 5106 388 5158 vel
411 5104 494 5175 digne
509 5105 630 5160 dandum
648 5107 690 5162 vel
705 5123 753 5161 ac-

78 5211 114 5250 tm
137 5203 197 5261 est;
221 5194 284 5265 quia
313 5194 364 5248 nisi
387 5194 435 5247 rite
457 5195 537 5248 luerit
556 5194 695 5262 collatum,
720 5212 754 5251 eo

78 5300 133 5339 ease
148 5292 245 5345 ratum,
268 5299 322 5355 quo
346 5298 399 5337 non
419 5283 499 5337 luerit
523 5283 643 5351 perfecte
659 5284 754 5353 perle-

79 5381 160 5428 aetera
173 5372 245 5425 enim
257 5380 426 5427 sacramenta
440 5371 587 5441 unicuique
601 5381 755 5442 propterea

94 5468 122 5514 et
140 5459 285 5531 unicuique
306 5458 368 5514 talia
384 5461 494 5524 inerint,
509 5460 581 5531 quali
608 5462 690 5516 corde
712 5462 754 5516 vel

78 5547 125 5605 ttic
137 5548 315 5622 accipiantur.
333 5548 406 5602 istud
427 5549 514 5602 solum
530 5564 584 5603 non
600 5557 711 5621 propter
725 5566 755 5607 se

805 3202 930 3257 cumdem
950 3203 1074 3258 Acacium
1090 3213 1185 3275 postea
1207 3205 1357 3259 damnavit.
1383 3204 1459 3261 Unde
1474 3203 1554 3259 etiarn
1569 3203 1604 3258 ab

805 3290 927 3346 llcclesia
947 3291 1070 3347 Romana
1089 3293 1258 3363 repudiatus,
1283 3300 1310 3347 ct
1335 3308 1350 3347 a
1374 3293 1433 3347 Dec
1458 3308 1605 3363 permissus

805 3378 889 3434 fuisse
904 3380 1004 3452 legitur
1015 3380 1042 3435 in
1053 3382 1142 3436 Gestis
1158 3383 1339 3438 Romanorum
1351 3380 1521 3452 pontificum,
1530 3380 1603 3435 idem

804 3468 975 3538 Anastasius,
992 3471 1043 3524 boc
1058 3469 1163 3525 modo:
1183 3493 1193 3517 v
1218 3470 1377 3526 Anastasius
1399 3469 1536 3524 sectandus
1550 3468 1604 3523 luit

806 3558 913 3612 natione
935 3558 1098 3627 Romanus5
1124 3557 1172 3612 luit
1198 3558 1224 3612 in
1255 3557 1421 3630 temporibus
1444 3556 1604 3613 Theoderici

805 3646 892 3718 regis.
908 3646 1011 3701 Eodem
1028 3651 1150 3717 temporo
1166 3646 1241 3701 multi
1256 3645 1349 3703 clerici
1365 3645 1559 3718 etpresbyteri
1573 3661 1604 3701 se

806 3734 1027 3791 acommunione
1042 3735 1115 3790 illius
1129 3735 1290 3808 abegerunt,
1310 3751 1343 3792 eo
1359 3735 1432 3807 quod
1448 3734 1604 3791 communi-

805 3833 893 3879 casset
910 3822 969 3879 sinc
984 3823 1109 3880 concillio
1120 3825 1312 3895 episcoporum
1327 3825 1370 3879 vel
1381 3824 1604 3896 presbyterorum

807 3913 1006 3970 etclericorum
1033 3922 1137 3969 cunctae
1164 3914 1296 3970 Ecclesiae
1319 3913 1461 3970 catholicae
1488 3913 1605 3969 diacono

805 4001 1041 4057 Thessalonicensi
1078 4002 1187 4057 nomine
1214 4002 1335 4069 Fautino,
1351 4003 1398 4076 qui
1414 4001 1603 4058 communica-

806 4095 882 4146 verat
897 4090 1006 4158 Acacio,
1022 4095 1049 4146 et
1065 4090 1129 4162 quia
1153 4093 1258 4148 occulte
1280 4090 1364 4149 voluit
1378 4106 1513 4147 renovare
1527 4092 1605 4147 Act·

806 4179 888 4246 cium,
900 4185 927 4235 et
940 4195 994 4237 non
1010 4180 1104 4252 potuit.
1118 4178 1171 4250 Qui
1183 4186 1251 4236 nutu
1262 4181 1354 4236 divino
1368 4196 1515 4253 percussus
1529 4187 1578 4235 est.
1591 4202 1602 4227 n

806 4304 871 4359 Ctn.
883 4303 939 4358 tx.
949 4305 1157 4377 Decretumqno
1166 4304 1246 4360 Felix
1251 4320 1325 4376 popo
1333 4304 1605 4360 domnclAcncinm.

766 4431 792 4491 D
844 4401 878 4455 iit
892 4409 922 4454 ut
936 4409 1024 4469 pateat
1037 4402 1064 4454 in
1087 4401 1139 4456 boc
1160 4415 1208 4455 suo
1228 4399 1338 4455 decreto
1358 4416 1419 4454 eram
1434 4397 1605 4456 contrarium

808 4488 890 4544 luisse
920 4488 977 4543 suis
1005 4487 1255 4559 praedecessoribus
1278 4487 1320 4543 vel
1335 4487 1537 4553 sucessoribus,
1566 4487 1605 4544 ait

806 4577 878 4632 Felix
894 4578 941 4641 lll,
957 4592 1017 4647 cap.
1034 4577 1067 4631 ιι
1082 4577 1173 4646 tepist.
1186 4577 1229 4645 6);
1248 4599 1260 4624 ι
1275 4575 1349 4631 Felix
1364 4575 1511 4645 episcopus
1523 4575 1602 4631 urbis

805 4666 899 4722 Romae
918 4664 1027 4721 Acacio.
1038 4664 1182 4719 llultarnm
1205 4662 1459 4736 transgressionum
1475 4663 1605 4736 reperiris

806 4753 992 4821 obnoxius,et
1015 4752 1042 4805 in
1065 4752 1228 4806 venerabilis
1248 4752 1358 4808 concilii
1383 4753 1486 4807 Nicteni
1509 4759 1605 4809 conto·

808 4841 913 4896 melium
922 4856 995 4912 saepe
1011 4847 1143 4894 versatus.
1160 4839 1316 4895 Alienarum
1327 4841 1528 4911 provinciarum
1541 4841 1605 4913 jura

808 4929 854 4985 tibi
870 4937 973 4984 temere
987 4928 1139 4993 vindicasti,
1160 4929 1307 4985 baereticos
1336 4937 1363 4984 et
1377 4944 1551 5000 pervasores,
1567 4936 1605 4985 at·

808 5034 860 5088 que
878 5017 912 5071 ab
929 5017 1067 5073 ltaerelicis
1082 5018 1231 5084 ordinatos,
1255 5022 1282 5072 et
1296 5033 1366 5090 quos
1381 5016 1441 5088 ipse
1456 5018 1605 5074 damnave-

808 5124 861 5174 ras,
885 5113 966 5178 atque
984 5106 1018 5160 ab
1040 5105 1193 5176 apostolica
1207 5105 1273 5162 sede
1288 5105 1377 5176 petisti
1399 5107 1530 5172 damnari,
1551 5121 1606 5163 non

809 5195 890 5250 modo
905 5195 1091 5251 communioni
1113 5201 1163 5249 tuae
1186 5194 1358 5264 recipiendos
1373 5193 1471 5266 putasti
1488 5209 1495 5262 3
1512 5212 1605 5251 verum

809 5284 890 5340 etiam
914 5283 1043 5339 Ecclesiis
1066 5282 1136 5348 aliis,
1162 5283 1235 5354 qnod
1258 5298 1308 5338 nec
1331 5282 1366 5338 da
1388 5282 1534 5339 Catholicis
1548 5282 1606 5339 lieri

809 5379 923 5443 poterat,
940 5369 1087 5442 praesidere
1112 5370 1211 5437 iecisti,
1241 5378 1321 5442 alque
1349 5373 1432 5427 etiam
1457 5372 1607 5431 bonoribus

810 5476 877 5531 quos
891 5475 944 5515 non
969 5458 1144 5515 merebantur
1166 5458 1276 5513 auxisti.
1305 5458 1382 5515 llabe
1405 5475 1472 5532 ergo
1491 5477 1552 5517 cum
1565 5462 1608 5517 bis

810 5563 879 5623 quas
892 5547 1065 5620 amplecteris
1074 5546 1189 5603 libenter
1198 5546 1363 5619 partionem,
1381 5554 1409 5606 at
1421 5563 1458 5607 ex
1472 5551 1609 5607 sententie
