<?xml version="1.0" encoding="UTF-8"?>
<!DOCTYPE html PUBLIC "-//W3C//DTD XHTML 1.0 Transitional//EN"
    "http://www.w3.org/TR/xhtml1/DTD/xhtml1-transitional.dtd">
<html xmlns="http://www.w3.org/1999/xhtml" xml:lang="en" lang="en">
 <head>
  <title>
</title>
<meta http-equiv="Content-Type" content="text/html;charset=utf-8" />
  <meta name='ocr-system' content='tesseract 3.04.00' />
  <meta name='ocr-capabilities' content='ocr_page ocr_carea ocr_par ocr_line ocrx_word'/>
</head>
<body>
  <div class='ocr_page' id='page_1' title='image "./patrologiaecurs13unkngoog_0186.png"; bbox 0 0 3728 6000; ppageno 0'>
   <div class='ocr_carea' id='block_1_1' title="bbox 63 222 1714 287">
    <p class='ocr_par' dir='ltr' id='par_1_1' title="bbox 63 222 1714 287">
     <span class='ocr_line' id='line_1_1' title="bbox 63 222 1714 287; baseline 0.004 -6"><span class='ocrx_word' id='word_1_1' title='bbox 63 228 113 282; x_wconf 75' lang='lat'>351</span> <span class='ocrx_word' id='word_1_2' title='bbox 653 225 697 278; x_wconf 89' lang='lat' dir='ltr'>DE</span> <span class='ocrx_word' id='word_1_3' title='bbox 717 222 960 280; x_wconf 57' lang='lat' dir='ltr'>sechrttth&#39;h&#39;ru</span> <span class='ocrx_word' id='word_1_4' title='bbox 979 226 1136 281; x_wconf 74' lang='lat' dir='ltr'>ththb&#39;.</span> <span class='ocrx_word' id='word_1_5' title='bbox 1662 235 1714 287; x_wconf 71' lang='lat'>362</span> 
     </span>
    </p>
   </div>
   <div class='ocr_carea' id='block_1_2' title="bbox 61 335 1718 599">
    <p class='ocr_par' dir='ltr' id='par_1_2' title="bbox 61 335 1718 599">
     <span class='ocr_line' id='line_1_2' title="bbox 62 335 1718 425; baseline 0.003 -21"><span class='ocrx_word' id='word_1_6' title='bbox 62 348 136 405; x_wconf 90' lang='lat' dir='ltr'>mine</span> <span class='ocrx_word' id='word_1_7' title='bbox 149 349 281 404; x_wconf 89' lang='lat' dir='ltr'>unitatem</span> <span class='ocrx_word' id='word_1_8' title='bbox 297 360 358 403; x_wconf 87' lang='lat' dir='ltr'>esse</span> <span class='ocrx_word' id='word_1_9' title='bbox 373 347 655 419; x_wconf 71' lang='lat' dir='ltr'>personaeDicebant</span> <span class='ocrx_word' id='word_1_10' title='bbox 669 364 738 419; x_wconf 84' lang='lat' dir='ltr'>ergo</span> <span class='ocrx_word' id='word_1_11' title='bbox 754 349 998 412; x_wconf 84' lang='lat' dir='ltr'>narnemAiltom</span> <span class='ocrx_word' id='word_1_12' title='bbox 1034 350 1168 420; x_wconf 88' lang='lat' dir='ltr'>triplicem</span> <span class='ocrx_word' id='word_1_13' title='bbox 1198 349 1383 406; x_wconf 78' lang='lat' dir='ltr'>definitionem</span> <span class='ocrx_word' id='word_1_14' title='bbox 1411 335 1574 408; x_wconf 35' lang='lat' dir='ltr'>carnis&#39;vel</span> <span class='ocrx_word' id='word_1_15' title='bbox 1597 355 1718 425; x_wconf 77' lang='lat' dir='ltr'>corporis</span> 
     </span>
     <span class='ocr_line' id='line_1_3' title="bbox 61 435 1714 512; baseline 0.002 -18"><span class='ocrx_word' id='word_1_16' title='bbox 61 438 139 494; x_wconf 80' lang='lat' dir='ltr'>illam</span> <span class='ocrx_word' id='word_1_17' title='bbox 162 454 225 494; x_wconf 82' lang='lat' dir='ltr'>esse</span> <span class='ocrx_word' id='word_1_18' title='bbox 249 436 299 491; x_wconf 92' lang='lat' dir='ltr'>viri</span> <span class='ocrx_word' id='word_1_19' title='bbox 323 435 487 504; x_wconf 81' lang='lat' dir='ltr'>sanctificati,</span> <span class='ocrx_word' id='word_1_20' title='bbox 507 448 532 491; x_wconf 91' lang='lat' dir='ltr'>et</span> <span class='ocrx_word' id='word_1_21' title='bbox 555 436 645 492; x_wconf 80' lang='lat' dir='ltr'>Verbo</span> <span class='ocrx_word' id='word_1_22' title='bbox 658 436 798 504; x_wconf 88' lang='lat' dir='ltr'>conjuncti</span> <span class='ocrx_word' id='word_1_23' title='bbox 818 454 865 492; x_wconf 90' lang='lat' dir='ltr'>se·</span> <span class='ocrx_word' id='word_1_24' title='bbox 922 437 982 509; x_wconf 81' lang='lat' dir='ltr'>ejus</span> <span class='ocrx_word' id='word_1_25' title='bbox 998 454 1079 509; x_wconf 91' lang='lat' dir='ltr'>qnam</span> <span class='ocrx_word' id='word_1_26' title='bbox 1099 453 1191 507; x_wconf 88' lang='lat' dir='ltr'>supra,</span> <span class='ocrx_word' id='word_1_27' title='bbox 1207 454 1260 493; x_wconf 91' lang='lat' dir='ltr'>non</span> <span class='ocrx_word' id='word_1_28' title='bbox 1277 441 1487 512; x_wconf 66' lang='lat' dir='ltr'><strong>praesumptione</strong></span> <span class='ocrx_word' id='word_1_29' title='bbox 1502 458 1564 496; x_wconf 88' lang='lat' dir='ltr'>meu</span> <span class='ocrx_word' id='word_1_30' title='bbox 1577 442 1714 507; x_wconf 88' lang='lat' dir='ltr'>adinveni,</span> 
     </span>
     <span class='ocr_line' id='line_1_4' title="bbox 62 524 1715 599; baseline 0.002 -17"><span class='ocrx_word' id='word_1_31' title='bbox 62 527 183 583; x_wconf 86' lang='lat' dir='ltr'>candum</span> <span class='ocrx_word' id='word_1_32' title='bbox 200 525 341 597; x_wconf 80' lang='lat' dir='ltr'>dignitatis</span> <span class='ocrx_word' id='word_1_33' title='bbox 355 524 495 590; x_wconf 89' lang='lat' dir='ltr'>unitatem,</span> <span class='ocrx_word' id='word_1_34' title='bbox 511 532 557 579; x_wconf 91' lang='lat' dir='ltr'>ant</span> <span class='ocrx_word' id='word_1_35' title='bbox 571 525 640 579; x_wconf 87' lang='lat' dir='ltr'>sicut</span> <span class='ocrx_word' id='word_1_36' title='bbox 664 525 784 579; x_wconf 88' lang='lat' dir='ltr'>divinam</span> <span class='ocrx_word' id='word_1_37' title='bbox 799 542 866 596; x_wconf 92' lang='lat' dir='ltr'>pos·</span> <span class='ocrx_word' id='word_1_38' title='bbox 921 544 971 581; x_wconf 89' lang='lat' dir='ltr'>uec</span> <span class='ocrx_word' id='word_1_39' title='bbox 984 543 1044 582; x_wconf 89' lang='lat' dir='ltr'>meo</span> <span class='ocrx_word' id='word_1_40' title='bbox 1064 543 1145 581; x_wconf 87' lang='lat' dir='ltr'>sensu</span> <span class='ocrx_word' id='word_1_41' title='bbox 1160 527 1284 596; x_wconf 80' lang='lat' dir='ltr'>forinovi,</span> <span class='ocrx_word' id='word_1_42' title='bbox 1302 530 1349 583; x_wconf 90' lang='lat' dir='ltr'>sed</span> <span class='ocrx_word' id='word_1_43' title='bbox 1365 530 1464 599; x_wconf 85' lang='lat' dir='ltr'>protuli</span> <span class='ocrx_word' id='word_1_44' title='bbox 1479 547 1512 585; x_wconf 81' lang='lat' dir='ltr'>ex</span> <span class='ocrx_word' id='word_1_45' title='bbox 1528 533 1636 585; x_wconf 82' lang='lat' dir='ltr'>Petrum</span> <span class='ocrx_word' id='word_1_46' title='bbox 1651 547 1715 586; x_wconf 88' lang='lat' dir='ltr'>sen-</span> 
     </span>
    </p>
   </div>
   <div class='ocr_carea' id='block_1_3' title="bbox 62 613 866 775">
    <p class='ocr_par' dir='ltr' id='par_1_3' title="bbox 62 613 866 775">
     <span class='ocr_line' id='line_1_5' title="bbox 62 613 865 685; baseline -0.002 -15"><span class='ocrx_word' id='word_1_47' title='bbox 62 615 179 672; x_wconf 86' lang='lat' dir='ltr'>sideutis</span> <span class='ocrx_word' id='word_1_48' title='bbox 194 613 400 669; x_wconf 70' lang='lat' dir='ltr'><strong>habitationem.</strong></span> <span class='ocrx_word' id='word_1_49' title='bbox 421 613 520 668; x_wconf 77' lang='lat' dir='ltr'>Contra</span> <span class='ocrx_word' id='word_1_50' title='bbox 538 629 606 685; x_wconf 89' lang='lat' dir='ltr'>quos</span> <span class='ocrx_word' id='word_1_51' title='bbox 630 613 779 668; x_wconf 75' lang='lat' dir='ltr'>Caelestino</span> <span class='ocrx_word' id='word_1_52' title='bbox 795 629 865 685; x_wconf 89' lang='lat' dir='ltr'>papa</span> 
     </span>
     <span class='ocr_line' id='line_1_6' title="bbox 63 702 866 775; baseline -0.005 -15"><span class='ocrx_word' id='word_1_53' title='bbox 63 713 90 760; x_wconf 89' lang='lat' dir='ltr'>et</span> <span class='ocrx_word' id='word_1_54' title='bbox 118 704 223 775; x_wconf 81' lang='lat' dir='ltr'>Cyrillo</span> <span class='ocrx_word' id='word_1_55' title='bbox 246 702 430 757; x_wconf 75' lang='lat' dir='ltr'>Alexandrino</span> <span class='ocrx_word' id='word_1_56' title='bbox 456 702 639 756; x_wconf 74' lang='lat' dir='ltr'>adnitentibus</span> <span class='ocrx_word' id='word_1_57' title='bbox 667 702 802 757; x_wconf 87' lang='lat' dir='ltr'>celebrata</span> <span class='ocrx_word' id='word_1_58' title='bbox 825 711 866 757; x_wconf 89' lang='lat' dir='ltr'>est</span> 
     </span>
    </p>
   </div>
   <div class='ocr_carea' id='block_1_4' title="bbox 62 789 866 948">
    <p class='ocr_par' dir='ltr' id='par_1_4' title="bbox 62 789 866 948">
     <span class='ocr_line' id='line_1_7' title="bbox 62 789 865 865; baseline -0.006 -15"><span class='ocrx_word' id='word_1_59' title='bbox 62 793 207 865; x_wconf 74' lang='lat' dir='ltr'>Ephesius</span> <span class='ocrx_word' id='word_1_60' title='bbox 228 790 358 862; x_wconf 74' lang='lat' dir='ltr'>synodus,</span> <span class='ocrx_word' id='word_1_61' title='bbox 369 806 422 845; x_wconf 90' lang='lat' dir='ltr'>nna</span> <span class='ocrx_word' id='word_1_62' title='bbox 437 790 471 845; x_wconf 93' lang='lat' dir='ltr'>de</span> <span class='ocrx_word' id='word_1_63' title='bbox 487 799 613 861; x_wconf 87' lang='lat' dir='ltr'>quatuor,</span> <span class='ocrx_word' id='word_1_64' title='bbox 633 806 701 861; x_wconf 90' lang='lat' dir='ltr'>quas</span> <span class='ocrx_word' id='word_1_65' title='bbox 715 792 745 845; x_wconf 91' lang='lat' dir='ltr'>B.</span> <span class='ocrx_word' id='word_1_66' title='bbox 757 789 865 861; x_wconf 78' lang='lat' dir='ltr'>Grego-</span> 
     </span>
     <span class='ocr_line' id='line_1_8' title="bbox 63 877 866 948; baseline -0.009 -11"><span class='ocrx_word' id='word_1_67' title='bbox 63 882 120 937; x_wconf 85' lang='lat' dir='ltr'>rius</span> <span class='ocrx_word' id='word_1_68' title='bbox 134 881 163 934; x_wconf 94' lang='lat' dir='ltr'>iu</span> <span class='ocrx_word' id='word_1_69' title='bbox 184 894 292 933; x_wconf 87' lang='lat' dir='ltr'>summo</span> <span class='ocrx_word' id='word_1_70' title='bbox 311 877 429 933; x_wconf 87' lang='lat' dir='ltr'>culmine</span> <span class='ocrx_word' id='word_1_71' title='bbox 444 877 613 932; x_wconf 69' lang='lat' dir='ltr'>auctoritatis</span> <span class='ocrx_word' id='word_1_72' title='bbox 629 877 750 931; x_wconf 82' lang='lat' dir='ltr'>instituit.</span> <span class='ocrx_word' id='word_1_73' title='bbox 768 878 796 930; x_wconf 93' lang='lat' dir='ltr'>ln</span> <span class='ocrx_word' id='word_1_74' title='bbox 813 893 866 948; x_wconf 90' lang='lat' dir='ltr'>qua</span> 
     </span>
    </p>
   </div>
   <div class='ocr_carea' id='block_1_5' title="bbox 63 965 869 1660">
    <p class='ocr_par' dir='ltr' id='par_1_5' title="bbox 63 965 869 1660">
     <span class='ocr_line' id='line_1_9' title="bbox 65 965 867 1039; baseline -0.007 -15"><span class='ocrx_word' id='word_1_75' title='bbox 65 974 166 1026; x_wconf 87' lang='lat' dir='ltr'>eontra</span> <span class='ocrx_word' id='word_1_76' title='bbox 177 966 343 1039; x_wconf 81' lang='lat' dir='ltr'>pestiferam</span> <span class='ocrx_word' id='word_1_77' title='bbox 354 981 475 1020; x_wconf 90' lang='lat' dir='ltr'>errorem</span> <span class='ocrx_word' id='word_1_78' title='bbox 485 966 661 1021; x_wconf 70' lang='lat' dir='ltr'>delirantium</span> <span class='ocrx_word' id='word_1_79' title='bbox 670 965 790 1035; x_wconf 84' lang='lat' dir='ltr'>episcopi</span> <span class='ocrx_word' id='word_1_80' title='bbox 801 965 867 1018; x_wconf 89' lang='lat' dir='ltr'>inibi</span> 
     </span>
     <span class='ocr_line' id='line_1_10' title="bbox 64 1053 868 1131; baseline -0.007 -16"><span class='ocrx_word' id='word_1_81' title='bbox 64 1055 237 1131; x_wconf 72' lang='lat' dir='ltr'>congregati,</span> <span class='ocrx_word' id='word_1_82' title='bbox 254 1055 383 1110; x_wconf 86' lang='lat' dir='ltr'>Nestorin</span> <span class='ocrx_word' id='word_1_83' title='bbox 397 1055 477 1124; x_wconf 90' lang='lat' dir='ltr'>hujus</span> <span class='ocrx_word' id='word_1_84' title='bbox 500 1055 562 1108; x_wconf 89' lang='lat' dir='ltr'>mali</span> <span class='ocrx_word' id='word_1_85' title='bbox 577 1054 709 1124; x_wconf 89' lang='lat' dir='ltr'>repertori</span> <span class='ocrx_word' id='word_1_86' title='bbox 726 1053 770 1109; x_wconf 88' lang='lat' dir='ltr'>sic</span> <span class='ocrx_word' id='word_1_87' title='bbox 792 1053 868 1109; x_wconf 90' lang='lat' dir='ltr'>inve-</span> 
     </span>
     <span class='ocr_line' id='line_1_11' title="bbox 63 1142 867 1214; baseline -0.007 -12"><span class='ocrx_word' id='word_1_88' title='bbox 63 1148 178 1202; x_wconf 88' lang='lat' dir='ltr'>niuntur</span> <span class='ocrx_word' id='word_1_89' title='bbox 201 1144 320 1200; x_wconf 79' lang='lat' dir='ltr'>scribere</span> <span class='ocrx_word' id='word_1_90' title='bbox 336 1143 409 1214; x_wconf 71' lang='lat' dir='ltr'>(tit):</span> <span class='ocrx_word' id='word_1_91' title='bbox 429 1168 439 1190; x_wconf 87' lang='lat'><strong>·</strong></span> <span class='ocrx_word' id='word_1_92' title='bbox 459 1143 497 1197; x_wconf 86' lang='lat' dir='ltr'>hd</span> <span class='ocrx_word' id='word_1_93' title='bbox 521 1142 723 1198; x_wconf 89' lang='lat' dir='ltr'>benedictiones</span> <span class='ocrx_word' id='word_1_94' title='bbox 737 1142 867 1214; x_wconf 80' lang='lat' dir='ltr'>mysticas</span> 
     </span>
     <span class='ocr_line' id='line_1_12' title="bbox 64 1231 867 1303; baseline -0.007 -11"><span class='ocrx_word' id='word_1_95' title='bbox 64 1234 226 1292; x_wconf 85' lang='lat' dir='ltr'>accedimus</span> <span class='ocrx_word' id='word_1_96' title='bbox 241 1241 268 1288; x_wconf 91' lang='lat' dir='ltr'>et</span> <span class='ocrx_word' id='word_1_97' title='bbox 286 1231 493 1295; x_wconf 85' lang='lat' dir='ltr'>sanctificamur,</span> <span class='ocrx_word' id='word_1_98' title='bbox 509 1233 655 1303; x_wconf 79' lang='lat' dir='ltr'>participes</span> <span class='ocrx_word' id='word_1_99' title='bbox 666 1232 753 1286; x_wconf 89' lang='lat' dir='ltr'>saneti</span> <span class='ocrx_word' id='word_1_100' title='bbox 767 1247 867 1301; x_wconf 87' lang='lat' dir='ltr'>corpo-</span> 
     </span>
     <span class='ocr_line' id='line_1_13' title="bbox 64 1319 867 1395; baseline -0.007 -16"><span class='ocrx_word' id='word_1_101' title='bbox 64 1325 103 1380; x_wconf 87' lang='lat' dir='ltr'>ris</span> <span class='ocrx_word' id='word_1_102' title='bbox 118 1333 147 1380; x_wconf 88' lang='lat' dir='ltr'>et</span> <span class='ocrx_word' id='word_1_103' title='bbox 161 1321 273 1395; x_wconf 80' lang='lat' dir='ltr'>pretiosi</span> <span class='ocrx_word' id='word_1_104' title='bbox 295 1321 436 1391; x_wconf 81' lang='lat' dir='ltr'>sanguinis</span> <span class='ocrx_word' id='word_1_105' title='bbox 450 1319 537 1375; x_wconf 86' lang='lat' dir='ltr'>eflecti</span> <span class='ocrx_word' id='word_1_106' title='bbox 550 1336 557 1388; x_wconf 77' lang='lat'><em>3</em></span> <span class='ocrx_word' id='word_1_107' title='bbox 580 1336 634 1375; x_wconf 92' lang='lat' dir='ltr'>non</span> <span class='ocrx_word' id='word_1_108' title='bbox 649 1328 679 1374; x_wconf 94' lang='lat' dir='ltr'>ut</span> <span class='ocrx_word' id='word_1_109' title='bbox 692 1335 867 1375; x_wconf 86' lang='lat' dir='ltr'>cornmuuem</span> 
     </span>
     <span class='ocr_line' id='line_1_14' title="bbox 64 1407 868 1482; baseline -0.009 -13"><span class='ocrx_word' id='word_1_110' title='bbox 64 1428 184 1470; x_wconf 86' lang='lat' dir='ltr'>carnem</span> <span class='ocrx_word' id='word_1_111' title='bbox 195 1410 391 1482; x_wconf 85' lang='lat' dir='ltr'>percipientes;</span> <span class='ocrx_word' id='word_1_112' title='bbox 409 1409 483 1478; x_wconf 93' lang='lat' dir='ltr'>quod</span> <span class='ocrx_word' id='word_1_113' title='bbox 498 1407 585 1463; x_wconf 86' lang='lat' dir='ltr'>ahsitl</span> <span class='ocrx_word' id='word_1_114' title='bbox 603 1424 654 1463; x_wconf 91' lang='lat' dir='ltr'>uec</span> <span class='ocrx_word' id='word_1_115' title='bbox 670 1416 698 1462; x_wconf 89' lang='lat' dir='ltr'>ut</span> <span class='ocrx_word' id='word_1_116' title='bbox 708 1407 759 1462; x_wconf 88' lang='lat' dir='ltr'>viri</span> <span class='ocrx_word' id='word_1_117' title='bbox 771 1408 868 1463; x_wconf 81' lang='lat' dir='ltr'>sancti·</span> 
     </span>
     <span class='ocr_line' id='line_1_15' title="bbox 66 1496 868 1568; baseline -0.01 -10"><span class='ocrx_word' id='word_1_118' title='bbox 66 1501 142 1558; x_wconf 83' lang='lat' dir='ltr'>sicuti</span> <span class='ocrx_word' id='word_1_119' title='bbox 158 1509 186 1556; x_wconf 87' lang='lat' dir='ltr'>et</span> <span class='ocrx_word' id='word_1_120' title='bbox 197 1498 288 1555; x_wconf 74' lang='lat' dir='ltr'>Verbo</span> <span class='ocrx_word' id='word_1_121' title='bbox 302 1497 438 1566; x_wconf 87' lang='lat' dir='ltr'>conjuncti</span> <span class='ocrx_word' id='word_1_122' title='bbox 454 1497 604 1551; x_wconf 87' lang='lat' dir='ltr'>secuudum</span> <span class='ocrx_word' id='word_1_123' title='bbox 621 1496 761 1568; x_wconf 82' lang='lat' dir='ltr'>dignitatis</span> <span class='ocrx_word' id='word_1_124' title='bbox 778 1496 868 1550; x_wconf 89' lang='lat' dir='ltr'>unita-</span> 
     </span>
     <span class='ocr_line' id='line_1_16' title="bbox 65 1582 869 1660; baseline -0.011 -14"><span class='ocrx_word' id='word_1_125' title='bbox 65 1598 131 1660; x_wconf 87' lang='lat' dir='ltr'>tem,</span> <span class='ocrx_word' id='word_1_126' title='bbox 140 1595 189 1644; x_wconf 84' lang='lat' dir='ltr'>ant</span> <span class='ocrx_word' id='word_1_127' title='bbox 203 1587 272 1643; x_wconf 85' lang='lat' dir='ltr'>sicut</span> <span class='ocrx_word' id='word_1_128' title='bbox 285 1587 407 1641; x_wconf 88' lang='lat' dir='ltr'>divinam</span> <span class='ocrx_word' id='word_1_129' title='bbox 418 1585 580 1656; x_wconf 87' lang='lat' dir='ltr'>possidentis</span> <span class='ocrx_word' id='word_1_130' title='bbox 590 1585 802 1653; x_wconf 83' lang='lat' dir='ltr'>habitationem3</span> <span class='ocrx_word' id='word_1_131' title='bbox 821 1582 869 1638; x_wconf 80' lang='lat' dir='ltr'>sed</span> 
     </span>
    </p>
   </div>
   <div class='ocr_carea' id='block_1_6' title="bbox 894 615 1720 1656">
    <p class='ocr_par' dir='ltr' id='par_1_6' title="bbox 894 615 1720 1656">
     <span class='ocr_line' id='line_1_17' title="bbox 921 615 1716 691; baseline 0.01 -24"><span class='ocrx_word' id='word_1_132' title='bbox 921 616 1014 669; x_wconf 72' lang='lat' dir='ltr'>trintiis</span> <span class='ocrx_word' id='word_1_133' title='bbox 1036 624 1063 669; x_wconf 93' lang='lat' dir='ltr'>ut</span> <span class='ocrx_word' id='word_1_134' title='bbox 1088 615 1174 670; x_wconf 86' lang='lat' dir='ltr'>videat</span> <span class='ocrx_word' id='word_1_135' title='bbox 1199 624 1223 668; x_wconf 88' lang='lat' dir='ltr'>et</span> <span class='ocrx_word' id='word_1_136' title='bbox 1243 616 1390 684; x_wconf 88' lang='lat' dir='ltr'>discernat,</span> <span class='ocrx_word' id='word_1_137' title='bbox 1413 619 1517 674; x_wconf 89' lang='lat' dir='ltr'>scilicet</span> <span class='ocrx_word' id='word_1_138' title='bbox 1534 620 1716 691; x_wconf 88' lang='lat' dir='ltr'>quemadmo-</span> 
     </span>
     <span class='ocr_line' id='line_1_18' title="bbox 921 698 1716 770; baseline 0.009 -19"><span class='ocrx_word' id='word_1_139' title='bbox 921 701 984 751; x_wconf 89' lang='lat' dir='ltr'>dum</span> <span class='ocrx_word' id='word_1_140' title='bbox 1000 698 1054 752; x_wconf 84' lang='lat' dir='ltr'>illic</span> <span class='ocrx_word' id='word_1_141' title='bbox 1070 706 1165 768; x_wconf 82' lang='lat' dir='ltr'>ogattrr</span> <span class='ocrx_word' id='word_1_142' title='bbox 1181 698 1214 752; x_wconf 89' lang='lat' dir='ltr'>de</span> <span class='ocrx_word' id='word_1_143' title='bbox 1233 715 1406 770; x_wconf 90' lang='lat' dir='ltr'>corporeseu</span> <span class='ocrx_word' id='word_1_144' title='bbox 1420 703 1454 756; x_wconf 90' lang='lat' dir='ltr'>de</span> <span class='ocrx_word' id='word_1_145' title='bbox 1469 718 1549 758; x_wconf 89' lang='lat' dir='ltr'>carne</span> <span class='ocrx_word' id='word_1_146' title='bbox 1564 704 1643 770; x_wconf 77' lang='lat' dir='ltr'>lesu,</span> <span class='ocrx_word' id='word_1_147' title='bbox 1661 704 1716 758; x_wconf 87' lang='lat' dir='ltr'>sic·</span> 
     </span>
     <span class='ocr_line' id='line_1_19' title="bbox 921 786 1712 857; baseline 0.011 -20"><span class='ocrx_word' id='word_1_148' title='bbox 921 802 972 857; x_wconf 85' lang='lat' dir='ltr'>qne</span> <span class='ocrx_word' id='word_1_149' title='bbox 988 786 1022 840; x_wconf 74' lang='lat' dir='ltr'>ael</span> <span class='ocrx_word' id='word_1_150' title='bbox 1037 787 1179 857; x_wconf 83' lang='lat' dir='ltr'>scriptoris</span> <span class='ocrx_word' id='word_1_151' title='bbox 1194 803 1314 857; x_wconf 89' lang='lat' dir='ltr'>sensum,</span> <span class='ocrx_word' id='word_1_152' title='bbox 1330 805 1406 844; x_wconf 87' lang='lat' dir='ltr'>snum</span> <span class='ocrx_word' id='word_1_153' title='bbox 1423 790 1520 846; x_wconf 75' lang='lat' dir='ltr'>tanniu</span> <span class='ocrx_word' id='word_1_154' title='bbox 1535 791 1712 847; x_wconf 86' lang='lat' dir='ltr'>intellectum.</span> 
     </span>
     <span class='ocr_line' id='line_1_20' title="bbox 921 874 1718 951; baseline 0.006 -23"><span class='ocrx_word' id='word_1_155' title='bbox 921 874 1007 929; x_wconf 79' lang='lat' dir='ltr'>Aliter</span> <span class='ocrx_word' id='word_1_156' title='bbox 1019 875 1091 928; x_wconf 89' lang='lat' dir='ltr'>enirn</span> <span class='ocrx_word' id='word_1_157' title='bbox 1108 875 1253 943; x_wconf 73' lang='lat' dir='ltr'>cogitanda</span> <span class='ocrx_word' id='word_1_158' title='bbox 1269 884 1309 929; x_wconf 89' lang='lat' dir='ltr'>est</span> <span class='ocrx_word' id='word_1_159' title='bbox 1323 893 1385 932; x_wconf 88' lang='lat' dir='ltr'>earo</span> <span class='ocrx_word' id='word_1_160' title='bbox 1397 877 1450 946; x_wconf 90' lang='lat' dir='ltr'>illa,</span> <span class='ocrx_word' id='word_1_161' title='bbox 1467 879 1510 933; x_wconf 88' lang='lat' dir='ltr'>vel</span> <span class='ocrx_word' id='word_1_162' title='bbox 1525 895 1635 950; x_wconf 86' lang='lat' dir='ltr'>eorpus,</span> <span class='ocrx_word' id='word_1_163' title='bbox 1645 880 1718 951; x_wconf 89' lang='lat' dir='ltr'>quod</span> 
     </span>
     <span class='ocr_line' id='line_1_21' title="bbox 921 962 1719 1033; baseline 0.01 -17"><span class='ocrx_word' id='word_1_164' title='bbox 921 963 1049 1033; x_wconf 75' lang='lat' dir='ltr'>pependit</span> <span class='ocrx_word' id='word_1_165' title='bbox 1067 962 1093 1016; x_wconf 92' lang='lat' dir='ltr'>in</span> <span class='ocrx_word' id='word_1_166' title='bbox 1119 962 1204 1032; x_wconf 85' lang='lat' dir='ltr'>ligne,</span> <span class='ocrx_word' id='word_1_167' title='bbox 1228 972 1253 1017; x_wconf 91' lang='lat' dir='ltr'>et</span> <span class='ocrx_word' id='word_1_168' title='bbox 1277 965 1444 1021; x_wconf 81' lang='lat' dir='ltr'>sacrificatur</span> <span class='ocrx_word' id='word_1_169' title='bbox 1467 967 1493 1020; x_wconf 92' lang='lat' dir='ltr'>in</span> <span class='ocrx_word' id='word_1_170' title='bbox 1515 966 1595 1022; x_wconf 84' lang='lat' dir='ltr'>alteri</span> <span class='ocrx_word' id='word_1_171' title='bbox 1613 983 1619 1021; x_wconf 91' lang='lat'>:</span> <span class='ocrx_word' id='word_1_172' title='bbox 1640 968 1719 1024; x_wconf 88' lang='lat' dir='ltr'>aliter</span> 
     </span>
     <span class='ocr_line' id='line_1_22' title="bbox 922 1052 1716 1125; baseline 0.006 -19"><span class='ocrx_word' id='word_1_173' title='bbox 922 1066 983 1106; x_wconf 86' lang='lat' dir='ltr'>caro</span> <span class='ocrx_word' id='word_1_174' title='bbox 1003 1052 1070 1120; x_wconf 88' lang='lat' dir='ltr'>ejus,</span> <span class='ocrx_word' id='word_1_175' title='bbox 1088 1052 1130 1105; x_wconf 86' lang='lat' dir='ltr'>rel</span> <span class='ocrx_word' id='word_1_176' title='bbox 1154 1066 1265 1121; x_wconf 85' lang='lat' dir='ltr'>corpus,</span> <span class='ocrx_word' id='word_1_177' title='bbox 1281 1053 1353 1124; x_wconf 90' lang='lat' dir='ltr'>quod</span> <span class='ocrx_word' id='word_1_178' title='bbox 1369 1055 1417 1125; x_wconf 88' lang='lat' dir='ltr'>qui</span> <span class='ocrx_word' id='word_1_179' title='bbox 1429 1055 1643 1122; x_wconf 78' lang='lat' dir='ltr'>manducaverit,</span> <span class='ocrx_word' id='word_1_180' title='bbox 1664 1059 1716 1111; x_wconf 92' lang='lat' dir='ltr'>ha-</span> 
     </span>
     <span class='ocr_line' id='line_1_23' title="bbox 894 1126 1717 1215; baseline 0.01 -23"><span class='ocrx_word' id='word_1_181' title='bbox 894 1126 897 1133; x_wconf 47' lang='lat'><em>⁴</em></span> <span class='ocrx_word' id='word_1_182' title='bbox 922 1139 966 1193; x_wconf 89' lang='lat' dir='ltr'>bet</span> <span class='ocrx_word' id='word_1_183' title='bbox 977 1139 1003 1192; x_wconf 92' lang='lat' dir='ltr'>in</span> <span class='ocrx_word' id='word_1_184' title='bbox 1014 1156 1044 1193; x_wconf 89' lang='lat' dir='ltr'>se</span> <span class='ocrx_word' id='word_1_185' title='bbox 1058 1139 1143 1194; x_wconf 89' lang='lat' dir='ltr'>vitam</span> <span class='ocrx_word' id='word_1_186' title='bbox 1156 1143 1403 1208; x_wconf 85' lang='lat' dir='ltr'>manentem,aliter</span> <span class='ocrx_word' id='word_1_187' title='bbox 1412 1158 1478 1198; x_wconf 90' lang='lat' dir='ltr'>coro</span> <span class='ocrx_word' id='word_1_188' title='bbox 1487 1143 1638 1215; x_wconf 88' lang='lat' dir='ltr'>vnlcorpns</span> <span class='ocrx_word' id='word_1_189' title='bbox 1647 1145 1717 1214; x_wconf 84' lang='lat' dir='ltr'>ejus,</span> 
     </span>
     <span class='ocr_line' id='line_1_24' title="bbox 922 1225 1718 1296; baseline 0.009 -17"><span class='ocrx_word' id='word_1_190' title='bbox 922 1225 993 1296; x_wconf 88' lang='lat' dir='ltr'>qnod</span> <span class='ocrx_word' id='word_1_191' title='bbox 1007 1232 1046 1280; x_wconf 90' lang='lat' dir='ltr'>est</span> <span class='ocrx_word' id='word_1_192' title='bbox 1062 1227 1191 1280; x_wconf 84' lang='lat' dir='ltr'>Ecclesia.</span> <span class='ocrx_word' id='word_1_193' title='bbox 1204 1227 1273 1280; x_wconf 81' lang='lat' dir='ltr'>Nam</span> <span class='ocrx_word' id='word_1_194' title='bbox 1286 1236 1313 1282; x_wconf 89' lang='lat' dir='ltr'>et</span> <span class='ocrx_word' id='word_1_195' title='bbox 1327 1228 1451 1284; x_wconf 81' lang='lat' dir='ltr'>Ecclesia</span> <span class='ocrx_word' id='word_1_196' title='bbox 1466 1246 1531 1284; x_wconf 88' lang='lat' dir='ltr'>cavo</span> <span class='ocrx_word' id='word_1_197' title='bbox 1540 1231 1636 1286; x_wconf 87' lang='lat' dir='ltr'>Christi</span> <span class='ocrx_word' id='word_1_198' title='bbox 1650 1232 1718 1288; x_wconf 90' lang='lat' dir='ltr'>dici·</span> 
     </span>
     <span class='ocr_line' id='line_1_25' title="bbox 923 1314 1718 1376; baseline 0.01 -8"><span class='ocrx_word' id='word_1_199' title='bbox 923 1322 965 1368; x_wconf 92' lang='lat' dir='ltr'>tur</span> <span class='ocrx_word' id='word_1_200' title='bbox 973 1322 999 1367; x_wconf 90' lang='lat' dir='ltr'>nt</span> <span class='ocrx_word' id='word_1_201' title='bbox 1008 1314 1069 1368; x_wconf 88' lang='lat' dir='ltr'>ubi:</span> <span class='ocrx_word' id='word_1_202' title='bbox 1092 1337 1103 1362; x_wconf 81' lang='lat' dir='ltr'>n</span> <span class='ocrx_word' id='word_1_203' title='bbox 1121 1315 1178 1369; x_wconf 89' lang='lat' dir='ltr'>lloc</span> <span class='ocrx_word' id='word_1_204' title='bbox 1188 1332 1260 1371; x_wconf 89' lang='lat' dir='ltr'>nunc</span> <span class='ocrx_word' id='word_1_205' title='bbox 1270 1332 1301 1370; x_wconf 93' lang='lat' dir='ltr'>os</span> <span class='ocrx_word' id='word_1_206' title='bbox 1311 1332 1346 1371; x_wconf 79' lang='lat' dir='ltr'>er</span> <span class='ocrx_word' id='word_1_207' title='bbox 1356 1319 1461 1372; x_wconf 89' lang='lat' dir='ltr'>ossibus</span> <span class='ocrx_word' id='word_1_208' title='bbox 1468 1320 1536 1373; x_wconf 91' lang='lat' dir='ltr'>meis</span> <span class='ocrx_word' id='word_1_209' title='bbox 1550 1338 1555 1373; x_wconf 91' lang='lat'>:</span> <span class='ocrx_word' id='word_1_210' title='bbox 1569 1328 1596 1374; x_wconf 90' lang='lat' dir='ltr'>et</span> <span class='ocrx_word' id='word_1_211' title='bbox 1609 1336 1673 1375; x_wconf 89' lang='lat' dir='ltr'>caro</span> <span class='ocrx_word' id='word_1_212' title='bbox 1683 1321 1718 1376; x_wconf 89' lang='lat' dir='ltr'>dc</span> 
     </span>
     <span class='ocr_line' id='line_1_26' title="bbox 922 1403 1719 1479; baseline 0.009 -23"><span class='ocrx_word' id='word_1_213' title='bbox 922 1419 1003 1457; x_wconf 89' lang='lat' dir='ltr'>carne</span> <span class='ocrx_word' id='word_1_214' title='bbox 1018 1403 1215 1471; x_wconf 77' lang='lat' dir='ltr'>meatGen.ul.</span> <span class='ocrx_word' id='word_1_215' title='bbox 1232 1428 1242 1451; x_wconf 76' lang='lat' dir='ltr'>a</span> <span class='ocrx_word' id='word_1_216' title='bbox 1254 1428 1310 1452; x_wconf 72' lang='lat' dir='ltr'>-n</span> <span class='ocrx_word' id='word_1_217' title='bbox 1328 1406 1530 1462; x_wconf 86' lang='lat' dir='ltr'>Sacramentum</span> <span class='ocrx_word' id='word_1_218' title='bbox 1539 1409 1600 1474; x_wconf 87' lang='lat' dir='ltr'>boe,</span> <span class='ocrx_word' id='word_1_219' title='bbox 1611 1434 1622 1458; x_wconf 80' lang='lat' dir='ltr'>n</span> <span class='ocrx_word' id='word_1_220' title='bbox 1632 1409 1719 1479; x_wconf 91' lang='lat' dir='ltr'>inquit</span> 
     </span>
     <span class='ocr_line' id='line_1_27' title="bbox 923 1492 1719 1566; baseline 0.013 -22"><span class='ocrx_word' id='word_1_221' title='bbox 923 1492 1100 1561; x_wconf 61' lang='lat' dir='ltr'>Apostolus«</span> <span class='ocrx_word' id='word_1_222' title='bbox 1118 1508 1246 1563; x_wconf 75' lang='lat' dir='ltr'>magnum</span> <span class='ocrx_word' id='word_1_223' title='bbox 1262 1498 1312 1548; x_wconf 91' lang='lat' dir='ltr'>est.</span> <span class='ocrx_word' id='word_1_224' title='bbox 1329 1495 1389 1566; x_wconf 84' lang='lat' dir='ltr'>Ego</span> <span class='ocrx_word' id='word_1_225' title='bbox 1397 1503 1487 1550; x_wconf 88' lang='lat' dir='ltr'>autern</span> <span class='ocrx_word' id='word_1_226' title='bbox 1504 1496 1600 1552; x_wconf 87' lang='lat' dir='ltr'>dicuin</span> <span class='ocrx_word' id='word_1_227' title='bbox 1611 1498 1719 1554; x_wconf 82' lang='lat' dir='ltr'>Christo</span> 
     </span>
     <span class='ocr_line' id='line_1_28' title="bbox 923 1579 1720 1656; baseline 0.01 -23"><span class='ocrx_word' id='word_1_228' title='bbox 923 1588 949 1633; x_wconf 93' lang='lat' dir='ltr'>et</span> <span class='ocrx_word' id='word_1_229' title='bbox 972 1579 999 1633; x_wconf 92' lang='lat' dir='ltr'>in</span> <span class='ocrx_word' id='word_1_230' title='bbox 1016 1579 1136 1634; x_wconf 84' lang='lat' dir='ltr'>Ecclesia</span> <span class='ocrx_word' id='word_1_231' title='bbox 1152 1582 1261 1652; x_wconf 82' lang='lat' dir='ltr'>(Epiros.</span> <span class='ocrx_word' id='word_1_232' title='bbox 1285 1584 1321 1650; x_wconf 81' lang='lat' dir='ltr'>v).</span> <span class='ocrx_word' id='word_1_233' title='bbox 1341 1605 1352 1629; x_wconf 79' lang='grc' dir='ltr'>ι</span> <span class='ocrx_word' id='word_1_234' title='bbox 1376 1584 1438 1638; x_wconf 83' lang='lat' dir='ltr'>Nou</span> <span class='ocrx_word' id='word_1_235' title='bbox 1462 1584 1534 1654; x_wconf 88' lang='lat' dir='ltr'>quod</span> <span class='ocrx_word' id='word_1_236' title='bbox 1558 1585 1720 1656; x_wconf 90' lang='lat' dir='ltr'>tricorpora</span> 
     </span>
    </p>
   </div>
   <div class='ocr_carea' id='block_1_7' title="bbox 66 1667 1719 1831">
    <p class='ocr_par' dir='ltr' id='par_1_7' title="bbox 66 1667 1719 1831">
     <span class='ocr_line' id='line_1_29' title="bbox 66 1667 1719 1764; baseline -0.004 -30"><span class='ocrx_word' id='word_1_237' title='bbox 66 1694 131 1734; x_wconf 84' lang='lat' dir='ltr'>rere</span> <span class='ocrx_word' id='word_1_238' title='bbox 146 1675 397 1741; x_wconf 80' lang='lat' dir='ltr'>vivificatricem,et</span> <span class='ocrx_word' id='word_1_239' title='bbox 410 1674 500 1745; x_wconf 89' lang='lat' dir='ltr'>ipsius</span> <span class='ocrx_word' id='word_1_240' title='bbox 516 1674 598 1729; x_wconf 76' lang='lat' dir='ltr'>h&#39;erbi</span> <span class='ocrx_word' id='word_1_241' title='bbox 614 1674 751 1743; x_wconf 79' lang='lat' dir='ltr'>propriam</span> <span class='ocrx_word' id='word_1_242' title='bbox 768 1673 865 1726; x_wconf 74' lang='lat' dir='ltr'>lacum</span> <span class='ocrx_word' id='word_1_243' title='bbox 881 1704 907 1764; x_wconf 77' lang='lat' dir='ltr'>B</span> <span class='ocrx_word' id='word_1_244' title='bbox 924 1668 1004 1721; x_wconf 78' lang='lat' dir='ltr'>nobis</span> <span class='ocrx_word' id='word_1_245' title='bbox 1026 1667 1151 1722; x_wconf 90' lang='lat' dir='ltr'>Christus</span> <span class='ocrx_word' id='word_1_246' title='bbox 1174 1669 1354 1735; x_wconf 85' lang='lat' dir='ltr'>describatur,</span> <span class='ocrx_word' id='word_1_247' title='bbox 1381 1671 1450 1725; x_wconf 90' lang='lat' dir='ltr'>sicut</span> <span class='ocrx_word' id='word_1_248' title='bbox 1472 1673 1506 1727; x_wconf 90' lang='lat' dir='ltr'>de</span> <span class='ocrx_word' id='word_1_249' title='bbox 1530 1672 1657 1744; x_wconf 81' lang='lat' dir='ltr'>Geryone</span> <span class='ocrx_word' id='word_1_250' title='bbox 1672 1674 1719 1729; x_wconf 88' lang='lat' dir='ltr'>illo</span> 
     </span>
     <span class='ocr_line' id='line_1_30' title="bbox 66 1756 1719 1831; baseline -0.003 -8"><span class='ocrx_word' id='word_1_251' title='bbox 66 1768 128 1823; x_wconf 82' lang='lat' dir='ltr'>l‘ita</span> <span class='ocrx_word' id='word_1_252' title='bbox 142 1765 216 1821; x_wconf 89' lang='lat' dir='ltr'>euim</span> <span class='ocrx_word' id='word_1_253' title='bbox 230 1763 388 1818; x_wconf 85' lang='lat' dir='ltr'>naturaliter</span> <span class='ocrx_word' id='word_1_254' title='bbox 405 1771 431 1816; x_wconf 93' lang='lat' dir='ltr'>nt</span> <span class='ocrx_word' id='word_1_255' title='bbox 447 1763 518 1816; x_wconf 90' lang='lat' dir='ltr'>Deus</span> <span class='ocrx_word' id='word_1_256' title='bbox 532 1762 665 1829; x_wconf 77' lang='lat' dir='ltr'>existens,</span> <span class='ocrx_word' id='word_1_257' title='bbox 682 1763 729 1831; x_wconf 92' lang='lat' dir='ltr'>qni</span> <span class='ocrx_word' id='word_1_258' title='bbox 746 1761 866 1831; x_wconf 86' lang='lat' dir='ltr'>propriae</span> <span class='ocrx_word' id='word_1_259' title='bbox 924 1756 1013 1809; x_wconf 86' lang='lat' dir='ltr'>serunt</span> <span class='ocrx_word' id='word_1_260' title='bbox 1028 1756 1136 1823; x_wconf 78' lang='lat' dir='ltr'>subulae,</span> <span class='ocrx_word' id='word_1_261' title='bbox 1153 1772 1216 1811; x_wconf 89' lang='lat' dir='ltr'>cum</span> <span class='ocrx_word' id='word_1_262' title='bbox 1232 1774 1315 1811; x_wconf 90' lang='lat' dir='ltr'>annm</span> <span class='ocrx_word' id='word_1_263' title='bbox 1331 1775 1391 1813; x_wconf 90' lang='lat' dir='ltr'>esse</span> <span class='ocrx_word' id='word_1_264' title='bbox 1405 1775 1505 1830; x_wconf 89' lang='lat' dir='ltr'>corpus</span> <span class='ocrx_word' id='word_1_265' title='bbox 1520 1761 1618 1815; x_wconf 89' lang='lat' dir='ltr'>Christi</span> <span class='ocrx_word' id='word_1_266' title='bbox 1633 1766 1719 1818; x_wconf 85' lang='lat' dir='ltr'>teste-</span> 
     </span>
    </p>
   </div>
   <div class='ocr_carea' id='block_1_8' title="bbox 65 1849 873 3156">
    <p class='ocr_par' dir='ltr' id='par_1_8' title="bbox 65 1849 873 3156">
     <span class='ocr_line' id='line_1_31' title="bbox 65 1849 870 1920; baseline -0.015 -6"><span class='ocrx_word' id='word_1_267' title='bbox 65 1856 144 1915; x_wconf 82' lang='lat' dir='ltr'>carni</span> <span class='ocrx_word' id='word_1_268' title='bbox 160 1854 252 1908; x_wconf 86' lang='lat' dir='ltr'>unitus</span> <span class='ocrx_word' id='word_1_269' title='bbox 274 1859 339 1920; x_wconf 91' lang='lat' dir='ltr'>est;</span> <span class='ocrx_word' id='word_1_270' title='bbox 365 1849 564 1907; x_wconf 84' lang='lat' dir='ltr'>vivificatricem</span> <span class='ocrx_word' id='word_1_271' title='bbox 587 1866 645 1904; x_wconf 87' lang='lat' dir='ltr'>eam</span> <span class='ocrx_word' id='word_1_272' title='bbox 671 1849 810 1920; x_wconf 85' lang='lat' dir='ltr'>protessus</span> <span class='ocrx_word' id='word_1_273' title='bbox 829 1857 870 1904; x_wconf 90' lang='lat' dir='ltr'>est</span> 
     </span>
     <span class='ocr_line' id='line_1_32' title="bbox 65 1939 869 2012; baseline -0.014 -11"><span class='ocrx_word' id='word_1_274' title='bbox 65 1961 140 2001; x_wconf 87' lang='lat' dir='ltr'>esse.</span> <span class='ocrx_word' id='word_1_275' title='bbox 160 1944 194 1997; x_wconf 87' lang='lat' dir='ltr'>Et</span> <span class='ocrx_word' id='word_1_276' title='bbox 209 1942 271 1997; x_wconf 91' lang='lat' dir='ltr'>ideo</span> <span class='ocrx_word' id='word_1_277' title='bbox 293 1940 419 2012; x_wconf 87' lang='lat' dir='ltr'>quamvis</span> <span class='ocrx_word' id='word_1_278' title='bbox 435 1939 507 1994; x_wconf 91' lang='lat' dir='ltr'>dicat</span> <span class='ocrx_word' id='word_1_279' title='bbox 521 1939 556 1992; x_wconf 87' lang='lat' dir='ltr'>ad</span> <span class='ocrx_word' id='word_1_280' title='bbox 583 1953 656 1992; x_wconf 88' lang='lat' dir='ltr'>uos:</span> <span class='ocrx_word' id='word_1_281' title='bbox 682 1940 766 1992; x_wconf 76' lang='lat' dir='ltr'>Amen</span> <span class='ocrx_word' id='word_1_282' title='bbox 790 1953 869 1991; x_wconf 87' lang='lat' dir='ltr'>amen</span> 
     </span>
     <span class='ocr_line' id='line_1_33' title="bbox 65 2025 870 2090; baseline -0.012 -2"><span class='ocrx_word' id='word_1_283' title='bbox 65 2034 128 2090; x_wconf 86' lang='lat' dir='ltr'>dico</span> <span class='ocrx_word' id='word_1_284' title='bbox 143 2030 225 2087; x_wconf 90' lang='lat' dir='ltr'>vobis</span> <span class='ocrx_word' id='word_1_285' title='bbox 241 2047 248 2084; x_wconf 91' lang='lat'>:</span> <span class='ocrx_word' id='word_1_286' title='bbox 265 2029 316 2083; x_wconf 90' lang='lat' dir='ltr'>nisi</span> <span class='ocrx_word' id='word_1_287' title='bbox 338 2027 565 2082; x_wconf 84' lang='lat' dir='ltr'>manducaveritis</span> <span class='ocrx_word' id='word_1_288' title='bbox 579 2042 689 2081; x_wconf 89' lang='lat' dir='ltr'>caruem</span> <span class='ocrx_word' id='word_1_289' title='bbox 705 2026 765 2080; x_wconf 86' lang='lat' dir='ltr'>Filii</span> <span class='ocrx_word' id='word_1_290' title='bbox 779 2025 870 2079; x_wconf 91' lang='lat' dir='ltr'>homi-</span> 
     </span>
     <span class='ocr_line' id='line_1_34' title="bbox 66 2115 869 2187; baseline -0.012 -10"><span class='ocrx_word' id='word_1_291' title='bbox 66 2122 120 2187; x_wconf 87' lang='lat' dir='ltr'>nis,</span> <span class='ocrx_word' id='word_1_292' title='bbox 135 2125 165 2176; x_wconf 91' lang='lat' dir='ltr'>et</span> <span class='ocrx_word' id='word_1_293' title='bbox 185 2117 309 2173; x_wconf 85' lang='lat' dir='ltr'>biberitis</span> <span class='ocrx_word' id='word_1_294' title='bbox 339 2116 399 2186; x_wconf 90' lang='lat' dir='ltr'>ejus</span> <span class='ocrx_word' id='word_1_295' title='bbox 423 2115 595 2187; x_wconf 73' lang='lat' dir='ltr'>sangninem,</span> <span class='ocrx_word' id='word_1_296' title='bbox 612 2130 664 2169; x_wconf 89' lang='lat' dir='ltr'>non</span> <span class='ocrx_word' id='word_1_297' title='bbox 684 2123 775 2168; x_wconf 88' lang='lat' dir='ltr'>tamen</span> <span class='ocrx_word' id='word_1_298' title='bbox 809 2129 869 2168; x_wconf 89' lang='lat' dir='ltr'>eam</span> 
     </span>
     <span class='ocr_line' id='line_1_35' title="bbox 67 2201 865 2265; baseline -0.013 0"><span class='ocrx_word' id='word_1_299' title='bbox 67 2224 178 2265; x_wconf 76' lang='lat' dir='ltr'>caruem</span> <span class='ocrx_word' id='word_1_300' title='bbox 190 2206 309 2261; x_wconf 89' lang='lat' dir='ltr'>hominis</span> <span class='ocrx_word' id='word_1_301' title='bbox 322 2205 404 2259; x_wconf 89' lang='lat' dir='ltr'>unius</span> <span class='ocrx_word' id='word_1_302' title='bbox 416 2220 448 2257; x_wconf 86' lang='lat' dir='ltr'>ex</span> <span class='ocrx_word' id='word_1_303' title='bbox 472 2203 550 2257; x_wconf 94' lang='lat' dir='ltr'>nobis</span> <span class='ocrx_word' id='word_1_304' title='bbox 571 2203 706 2257; x_wconf 82' lang='lat' dir='ltr'>aesiinrare</span> <span class='ocrx_word' id='word_1_305' title='bbox 721 2201 865 2256; x_wconf 86' lang='lat' dir='ltr'>debemus.</span> 
     </span>
     <span class='ocr_line' id='line_1_36' title="bbox 69 2291 870 2367; baseline -0.014 -14"><span class='ocrx_word' id='word_1_306' title='bbox 69 2295 217 2367; x_wconf 84' lang='lat' dir='ltr'>Quomodo</span> <span class='ocrx_word' id='word_1_307' title='bbox 240 2293 311 2349; x_wconf 90' lang='lat' dir='ltr'>enim</span> <span class='ocrx_word' id='word_1_308' title='bbox 328 2291 445 2347; x_wconf 90' lang='lat' dir='ltr'>hominis</span> <span class='ocrx_word' id='word_1_309' title='bbox 467 2307 529 2345; x_wconf 89' lang='lat' dir='ltr'>raro</span> <span class='ocrx_word' id='word_1_310' title='bbox 551 2291 628 2359; x_wconf 85' lang='lat' dir='ltr'>juxta</span> <span class='ocrx_word' id='word_1_311' title='bbox 644 2298 768 2345; x_wconf 90' lang='lat' dir='ltr'>naturam</span> <span class='ocrx_word' id='word_1_312' title='bbox 795 2305 870 2343; x_wconf 82' lang='lat' dir='ltr'>suam</span> 
     </span>
     <span class='ocr_line' id='line_1_37' title="bbox 67 2378 872 2450; baseline -0.012 -8"><span class='ocrx_word' id='word_1_313' title='bbox 67 2384 227 2444; x_wconf 84' lang='lat' dir='ltr'>vivificatrix</span> <span class='ocrx_word' id='word_1_314' title='bbox 252 2397 312 2437; x_wconf 74' lang='lat' dir='ltr'>erse</span> <span class='ocrx_word' id='word_1_315' title='bbox 328 2381 447 2450; x_wconf 85' lang='lat' dir='ltr'>potorit‘l</span> <span class='ocrx_word' id='word_1_316' title='bbox 463 2380 517 2434; x_wconf 90' lang='lat' dir='ltr'>Sed</span> <span class='ocrx_word' id='word_1_317' title='bbox 532 2387 561 2433; x_wconf 90' lang='lat' dir='ltr'>ut</span> <span class='ocrx_word' id='word_1_318' title='bbox 574 2395 640 2434; x_wconf 88' lang='lat' dir='ltr'>vere</span> <span class='ocrx_word' id='word_1_319' title='bbox 662 2378 797 2448; x_wconf 89' lang='lat' dir='ltr'>propriam</span> <span class='ocrx_word' id='word_1_320' title='bbox 812 2379 872 2448; x_wconf 88' lang='lat' dir='ltr'>ejus</span> 
     </span>
     <span class='ocr_line' id='line_1_38' title="bbox 67 2467 872 2543; baseline -0.014 -12"><span class='ocrx_word' id='word_1_321' title='bbox 67 2475 180 2539; x_wconf 64' lang='lat' dir='ltr'>ianam,</span> <span class='ocrx_word' id='word_1_322' title='bbox 198 2472 243 2543; x_wconf 90' lang='lat' dir='ltr'>qui</span> <span class='ocrx_word' id='word_1_323' title='bbox 259 2483 376 2542; x_wconf 73' lang='lat' dir='ltr'>propter</span> <span class='ocrx_word' id='word_1_324' title='bbox 399 2484 448 2524; x_wconf 92' lang='lat' dir='ltr'>nos</span> <span class='ocrx_word' id='word_1_325' title='bbox 466 2468 538 2522; x_wconf 84' lang='lat' dir='ltr'>lilius</span> <span class='ocrx_word' id='word_1_326' title='bbox 556 2467 673 2522; x_wconf 90' lang='lat' dir='ltr'>hominis</span> <span class='ocrx_word' id='word_1_327' title='bbox 687 2476 712 2521; x_wconf 89' lang='lat' dir='ltr'>et</span> <span class='ocrx_word' id='word_1_328' title='bbox 727 2467 813 2522; x_wconf 86' lang='lat' dir='ltr'>sactus</span> <span class='ocrx_word' id='word_1_329' title='bbox 830 2474 872 2520; x_wconf 88' lang='lat' dir='ltr'>est</span> 
     </span>
     <span class='ocr_line' id='line_1_39' title="bbox 67 2555 871 2624; baseline -0.014 -5"><span class='ocrx_word' id='word_1_330' title='bbox 67 2573 94 2619; x_wconf 91' lang='lat' dir='ltr'>et</span> <span class='ocrx_word' id='word_1_331' title='bbox 110 2570 236 2617; x_wconf 81' lang='lat' dir='ltr'>vocatus.</span> <span class='ocrx_word' id='word_1_332' title='bbox 255 2582 266 2607; x_wconf 74' lang='grc' dir='ltr'>ι</span> <span class='ocrx_word' id='word_1_333' title='bbox 284 2560 318 2613; x_wconf 84' lang='lat' dir='ltr'>Et</span> <span class='ocrx_word' id='word_1_334' title='bbox 332 2557 406 2613; x_wconf 89' lang='lat' dir='ltr'>circa</span> <span class='ocrx_word' id='word_1_335' title='bbox 421 2556 502 2611; x_wconf 88' lang='lat' dir='ltr'>linem</span> <span class='ocrx_word' id='word_1_336' title='bbox 518 2555 628 2610; x_wconf 88' lang='lat' dir='ltr'>concilii</span> <span class='ocrx_word' id='word_1_337' title='bbox 646 2574 652 2609; x_wconf 79' lang='grc' dir='ltr'><strong>ι</strong></span> <span class='ocrx_word' id='word_1_338' title='bbox 671 2579 682 2602; x_wconf 78' lang='lat' dir='ltr'>n</span> <span class='ocrx_word' id='word_1_339' title='bbox 700 2555 728 2610; x_wconf 91' lang='lat' dir='ltr'>Si</span> <span class='ocrx_word' id='word_1_340' title='bbox 744 2556 805 2624; x_wconf 90' lang='lat' dir='ltr'>quis</span> <span class='ocrx_word' id='word_1_341' title='bbox 818 2570 871 2609; x_wconf 91' lang='lat' dir='ltr'>non</span> 
     </span>
     <span class='ocr_line' id='line_1_40' title="bbox 67 2642 873 2709; baseline -0.012 -2"><span class='ocrx_word' id='word_1_342' title='bbox 67 2650 220 2708; x_wconf 85' lang='lat' dir='ltr'>confitetur</span> <span class='ocrx_word' id='word_1_343' title='bbox 247 2663 357 2703; x_wconf 88' lang='lat' dir='ltr'>caruem</span> <span class='ocrx_word' id='word_1_344' title='bbox 388 2645 495 2700; x_wconf 87' lang='lat' dir='ltr'>Domini</span> <span class='ocrx_word' id='word_1_345' title='bbox 520 2642 728 2699; x_wconf 83' lang='lat' dir='ltr'>vivificatricem</span> <span class='ocrx_word' id='word_1_346' title='bbox 753 2659 823 2709; x_wconf 88' lang='lat' dir='ltr'>esse,</span> <span class='ocrx_word' id='word_1_347' title='bbox 846 2652 873 2697; x_wconf 92' lang='lat' dir='ltr'>et</span> 
     </span>
     <span class='ocr_line' id='line_1_41' title="bbox 68 2731 873 2812; baseline -0.009 -20"><span class='ocrx_word' id='word_1_348' title='bbox 68 2740 211 2812; x_wconf 88' lang='lat' dir='ltr'>propriam</span> <span class='ocrx_word' id='word_1_349' title='bbox 230 2738 313 2809; x_wconf 83' lang='lat' dir='ltr'>ipsius</span> <span class='ocrx_word' id='word_1_350' title='bbox 327 2736 408 2791; x_wconf 86' lang='lat' dir='ltr'>Verbi</span> <span class='ocrx_word' id='word_1_351' title='bbox 425 2735 474 2788; x_wconf 89' lang='lat' dir='ltr'>Dei</span> <span class='ocrx_word' id='word_1_352' title='bbox 492 2734 585 2799; x_wconf 85' lang='lat' dir='ltr'>Patris,</span> <span class='ocrx_word' id='word_1_353' title='bbox 602 2732 650 2786; x_wconf 83' lang='lat' dir='ltr'>sed</span> <span class='ocrx_word' id='word_1_354' title='bbox 674 2731 743 2786; x_wconf 87' lang='lat' dir='ltr'>velut</span> <span class='ocrx_word' id='word_1_355' title='bbox 760 2731 873 2785; x_wconf 86' lang='lat' dir='ltr'>alterius</span> 
     </span>
     <span class='ocr_line' id='line_1_42' title="bbox 67 2819 873 2902; baseline -0.014 -18"><span class='ocrx_word' id='word_1_356' title='bbox 67 2846 119 2902; x_wconf 87' lang='lat' dir='ltr'>per</span> <span class='ocrx_word' id='word_1_357' title='bbox 134 2831 224 2899; x_wconf 90' lang='lat' dir='ltr'>ipsum</span> <span class='ocrx_word' id='word_1_358' title='bbox 240 2824 377 2894; x_wconf 85' lang='lat' dir='ltr'>conjuncti</span> <span class='ocrx_word' id='word_1_359' title='bbox 391 2824 477 2877; x_wconf 87' lang='lat' dir='ltr'>eidem</span> <span class='ocrx_word' id='word_1_360' title='bbox 490 2838 538 2892; x_wconf 90' lang='lat' dir='ltr'>per</span> <span class='ocrx_word' id='word_1_361' title='bbox 553 2822 725 2891; x_wconf 82' lang='lat' dir='ltr'>dignitatem,</span> <span class='ocrx_word' id='word_1_362' title='bbox 735 2826 781 2873; x_wconf 90' lang='lat' dir='ltr'>aut</span> <span class='ocrx_word' id='word_1_363' title='bbox 796 2819 873 2888; x_wconf 89' lang='lat' dir='ltr'>quasi</span> 
     </span>
     <span class='ocr_line' id='line_1_43' title="bbox 68 2908 873 2978; baseline -0.019 -5"><span class='ocrx_word' id='word_1_364' title='bbox 68 2917 193 2973; x_wconf 85' lang='lat' dir='ltr'>divinam</span> <span class='ocrx_word' id='word_1_365' title='bbox 210 2914 335 2968; x_wconf 89' lang='lat' dir='ltr'>habentis</span> <span class='ocrx_word' id='word_1_366' title='bbox 358 2910 563 2978; x_wconf 76' lang='lat' dir='ltr'>habitationem,</span> <span class='ocrx_word' id='word_1_367' title='bbox 580 2917 607 2963; x_wconf 90' lang='lat' dir='ltr'>et</span> <span class='ocrx_word' id='word_1_368' title='bbox 626 2924 681 2963; x_wconf 91' lang='lat' dir='ltr'>uon</span> <span class='ocrx_word' id='word_1_369' title='bbox 698 2908 787 2976; x_wconf 91' lang='lat' dir='ltr'>potins</span> <span class='ocrx_word' id='word_1_370' title='bbox 801 2908 873 2963; x_wconf 90' lang='lat' dir='ltr'>vivi-</span> 
     </span>
     <span class='ocr_line' id='line_1_44' title="bbox 69 2996 872 3072; baseline -0.014 -11"><span class='ocrx_word' id='word_1_371' title='bbox 69 3005 222 3061; x_wconf 82' lang='lat' dir='ltr'>ficatricem</span> <span class='ocrx_word' id='word_1_372' title='bbox 241 3018 311 3067; x_wconf 74' lang='lat' dir='ltr'>aare,</span> <span class='ocrx_word' id='word_1_373' title='bbox 327 3000 391 3072; x_wconf 90' lang='lat' dir='ltr'>qnia</span> <span class='ocrx_word' id='word_1_374' title='bbox 415 2999 486 3054; x_wconf 86' lang='lat' dir='ltr'>lacta</span> <span class='ocrx_word' id='word_1_375' title='bbox 509 3007 548 3052; x_wconf 91' lang='lat' dir='ltr'>est</span> <span class='ocrx_word' id='word_1_376' title='bbox 564 2999 677 3069; x_wconf 83' lang='lat' dir='ltr'>propria</span> <span class='ocrx_word' id='word_1_377' title='bbox 698 2997 777 3051; x_wconf 84' lang='lat' dir='ltr'>Verbi</span> <span class='ocrx_word' id='word_1_378' title='bbox 801 2996 872 3051; x_wconf 87' lang='lat' dir='ltr'>uivi-</span> 
     </span>
     <span class='ocr_line' id='line_1_45' title="bbox 68 3087 555 3156; baseline -0.027 -6"><span class='ocrx_word' id='word_1_379' title='bbox 68 3094 155 3150; x_wconf 83' lang='lat' dir='ltr'>ficare</span> <span class='ocrx_word' id='word_1_380' title='bbox 175 3091 303 3156; x_wconf 86' lang='lat' dir='ltr'>valentis,</span> <span class='ocrx_word' id='word_1_381' title='bbox 320 3089 463 3144; x_wconf 86' lang='lat' dir='ltr'>anathema</span> <span class='ocrx_word' id='word_1_382' title='bbox 475 3087 522 3140; x_wconf 90' lang='lat' dir='ltr'>sit.</span> <span class='ocrx_word' id='word_1_383' title='bbox 544 3105 555 3135; x_wconf 70' lang='lat' dir='ltr'>a</span> 
     </span>
    </p>
   </div>
   <div class='ocr_carea' id='block_1_9' title="bbox 270 3210 665 3390">
    <p class='ocr_par' dir='ltr' id='par_1_9' title="bbox 270 3210 665 3390">
     <span class='ocr_line' id='line_1_46' title="bbox 372 3210 563 3267; baseline -0.01 -1"><span class='ocrx_word' id='word_1_384' title='bbox 372 3212 482 3267; x_wconf 69' lang='lat' dir='ltr'>CAPUT</span> <span class='ocrx_word' id='word_1_385' title='bbox 500 3210 563 3265; x_wconf 82' lang='grc' dir='ltr'>ΧΠ.</span> 
     </span>
     <span class='ocr_line' id='line_1_47' title="bbox 270 3317 665 3390; baseline -0.023 -13"><span class='ocrx_word' id='word_1_386' title='bbox 270 3323 309 3377; x_wconf 85' lang='lat' dir='ltr'>Dc</span> <span class='ocrx_word' id='word_1_387' title='bbox 324 3321 399 3376; x_wconf 76' lang='lat' dir='ltr'>hino</span> <span class='ocrx_word' id='word_1_388' title='bbox 412 3333 526 3390; x_wconf 84' lang='lat' dir='ltr'>corpore</span> <span class='ocrx_word' id='word_1_389' title='bbox 542 3317 665 3373; x_wconf 84' lang='lat' dir='ltr'>Domini.</span> 
     </span>
    </p>
   </div>
   <div class='ocr_carea' id='block_1_10' title="bbox 65 3420 874 3679">
    <p class='ocr_par' dir='ltr' id='par_1_10' title="bbox 65 3420 874 3679">
     <span class='ocr_line' id='line_1_48' title="bbox 104 3420 872 3503; baseline -0.016 -15"><span class='ocrx_word' id='word_1_390' title='bbox 104 3429 239 3503; x_wconf 85' lang='lat' dir='ltr'>Quisquis</span> <span class='ocrx_word' id='word_1_391' title='bbox 254 3442 319 3498; x_wconf 77' lang='lat' dir='ltr'>ergo</span> <span class='ocrx_word' id='word_1_392' title='bbox 335 3426 364 3479; x_wconf 93' lang='lat' dir='ltr'>in</span> <span class='ocrx_word' id='word_1_393' title='bbox 380 3432 530 3479; x_wconf 88' lang='lat' dir='ltr'>sauctorum</span> <span class='ocrx_word' id='word_1_394' title='bbox 548 3424 653 3476; x_wconf 83' lang='lat' dir='ltr'>Patrem</span> <span class='ocrx_word' id='word_1_395' title='bbox 669 3420 828 3476; x_wconf 88' lang='lat' dir='ltr'>tractatibus</span> <span class='ocrx_word' id='word_1_396' title='bbox 842 3436 872 3476; x_wconf 88' lang='lat' dir='ltr'>se</span> 
     </span>
     <span class='ocr_line' id='line_1_49' title="bbox 65 3508 872 3583; baseline -0.02 -4"><span class='ocrx_word' id='word_1_397' title='bbox 65 3535 215 3583; x_wconf 83' lang='lat' dir='ltr'>exercens,</span> <span class='ocrx_word' id='word_1_398' title='bbox 231 3517 258 3571; x_wconf 92' lang='lat' dir='ltr'>in</span> <span class='ocrx_word' id='word_1_399' title='bbox 272 3515 317 3569; x_wconf 88' lang='lat' dir='ltr'>his</span> <span class='ocrx_word' id='word_1_400' title='bbox 336 3521 364 3568; x_wconf 91' lang='lat' dir='ltr'>et</span> <span class='ocrx_word' id='word_1_401' title='bbox 378 3512 510 3567; x_wconf 81' lang='lat' dir='ltr'>similibus</span> <span class='ocrx_word' id='word_1_402' title='bbox 525 3509 658 3565; x_wconf 85' lang='lat' dir='ltr'>inoffenso</span> <span class='ocrx_word' id='word_1_403' title='bbox 675 3508 732 3567; x_wconf 89' lang='lat' dir='ltr'>vult</span> <span class='ocrx_word' id='word_1_404' title='bbox 747 3510 816 3578; x_wconf 91' lang='lat' dir='ltr'>pede</span> <span class='ocrx_word' id='word_1_405' title='bbox 831 3509 872 3563; x_wconf 90' lang='lat' dir='ltr'>iu·</span> 
     </span>
     <span class='ocr_line' id='line_1_50' title="bbox 67 3595 874 3679; baseline -0.022 -12"><span class='ocrx_word' id='word_1_406' title='bbox 67 3611 192 3667; x_wconf 80' lang='lat' dir='ltr'>cedere:</span> <span class='ocrx_word' id='word_1_407' title='bbox 208 3604 314 3679; x_wconf 80' lang='lat' dir='ltr'>primas</span> <span class='ocrx_word' id='word_1_408' title='bbox 328 3601 379 3655; x_wconf 92' lang='lat' dir='ltr'>sibi</span> <span class='ocrx_word' id='word_1_409' title='bbox 396 3599 549 3654; x_wconf 89' lang='lat' dir='ltr'>intellectus</span> <span class='ocrx_word' id='word_1_410' title='bbox 566 3599 650 3651; x_wconf 88' lang='lat' dir='ltr'>lineas</span> <span class='ocrx_word' id='word_1_411' title='bbox 665 3597 699 3651; x_wconf 91' lang='lat' dir='ltr'>de</span> <span class='ocrx_word' id='word_1_412' title='bbox 720 3595 874 3665; x_wconf 81' lang='lat' dir='ltr'>hujusmodi</span> 
     </span>
    </p>
   </div>
   <div class='ocr_carea' id='block_1_11' title="bbox 66 3684 872 3840">
    <p class='ocr_par' dir='ltr' id='par_1_11' title="bbox 66 3684 872 3840">
     <span class='ocr_line' id='line_1_51' title="bbox 66 3684 872 3768; baseline -0.021 -14"><span class='ocrx_word' id='word_1_413' title='bbox 66 3698 135 3754; x_wconf 91' lang='lat' dir='ltr'>tidei</span> <span class='ocrx_word' id='word_1_414' title='bbox 163 3700 250 3768; x_wconf 90' lang='lat' dir='ltr'>ponat</span> <span class='ocrx_word' id='word_1_415' title='bbox 278 3689 479 3760; x_wconf 89' lang='lat' dir='ltr'>simplicitatem</span> <span class='ocrx_word' id='word_1_416' title='bbox 502 3703 609 3758; x_wconf 86' lang='lat' dir='ltr'>:quern</span> <span class='ocrx_word' id='word_1_417' title='bbox 636 3701 696 3740; x_wconf 92' lang='lat' dir='ltr'>cum</span> <span class='ocrx_word' id='word_1_418' title='bbox 726 3684 872 3740; x_wconf 89' lang='lat' dir='ltr'>catholicos</span> 
     </span>
     <span class='ocr_line' id='line_1_52' title="bbox 69 3768 871 3840; baseline -0.019 -2"><span class='ocrx_word' id='word_1_419' title='bbox 69 3786 167 3839; x_wconf 85' lang='lat' dir='ltr'>Patres</span> <span class='ocrx_word' id='word_1_420' title='bbox 191 3778 272 3833; x_wconf 89' lang='lat' dir='ltr'>modo</span> <span class='ocrx_word' id='word_1_421' title='bbox 288 3774 443 3836; x_wconf 84' lang='lat' dir='ltr'>obscurius,</span> <span class='ocrx_word' id='word_1_422' title='bbox 458 3771 539 3824; x_wconf 90' lang='lat' dir='ltr'>modo</span> <span class='ocrx_word' id='word_1_423' title='bbox 560 3770 681 3840; x_wconf 85' lang='lat' dir='ltr'>apertius</span> <span class='ocrx_word' id='word_1_424' title='bbox 694 3770 720 3822; x_wconf 92' lang='lat' dir='ltr'>iu</span> <span class='ocrx_word' id='word_1_425' title='bbox 741 3768 871 3823; x_wconf 91' lang='lat' dir='ltr'>omnibus</span> 
     </span>
    </p>
   </div>
   <div class='ocr_carea' id='block_1_12' title="bbox 63 3857 870 4390">
    <p class='ocr_par' dir='ltr' id='par_1_12' title="bbox 63 3857 870 4390">
     <span class='ocr_line' id='line_1_53' title="bbox 64 3857 869 3938; baseline -0.025 -9"><span class='ocrx_word' id='word_1_426' title='bbox 64 3877 175 3929; x_wconf 86' lang='lat' dir='ltr'>constet</span> <span class='ocrx_word' id='word_1_427' title='bbox 198 3866 365 3938; x_wconf 80' lang='lat' dir='ltr'>praedicare3</span> <span class='ocrx_word' id='word_1_428' title='bbox 381 3876 448 3916; x_wconf 90' lang='lat' dir='ltr'>cum</span> <span class='ocrx_word' id='word_1_429' title='bbox 463 3859 490 3913; x_wconf 91' lang='lat' dir='ltr'>in</span> <span class='ocrx_word' id='word_1_430' title='bbox 511 3857 574 3913; x_wconf 82' lang='lat' dir='ltr'>fidei</span> <span class='ocrx_word' id='word_1_431' title='bbox 589 3857 805 3913; x_wconf 83' lang='lat' dir='ltr'>convenientiam</span> <span class='ocrx_word' id='word_1_432' title='bbox 820 3873 869 3910; x_wconf 88' lang='lat' dir='ltr'>eo-</span> 
     </span>
     <span class='ocr_line' id='line_1_54' title="bbox 63 3946 868 4018; baseline -0.024 -1"><span class='ocrx_word' id='word_1_433' title='bbox 63 3976 128 4017; x_wconf 89' lang='lat' dir='ltr'>rum</span> <span class='ocrx_word' id='word_1_434' title='bbox 146 3957 249 4015; x_wconf 88' lang='lat' dir='ltr'>viderit</span> <span class='ocrx_word' id='word_1_435' title='bbox 264 3966 427 4010; x_wconf 86' lang='lat' dir='ltr'>concurrere</span> <span class='ocrx_word' id='word_1_436' title='bbox 455 3949 617 4012; x_wconf 89' lang='lat' dir='ltr'>sententias,</span> <span class='ocrx_word' id='word_1_437' title='bbox 633 3946 751 4018; x_wconf 85' lang='lat' dir='ltr'>gaudeat</span> <span class='ocrx_word' id='word_1_438' title='bbox 775 3946 808 4000; x_wconf 82' lang='lat' dir='ltr'>tle</span> <span class='ocrx_word' id='word_1_439' title='bbox 824 3947 868 3999; x_wconf 93' lang='lat' dir='ltr'>in-</span> 
     </span>
     <span class='ocr_line' id='line_1_55' title="bbox 64 4034 870 4106; baseline -0.022 0"><span class='ocrx_word' id='word_1_440' title='bbox 64 4049 197 4106; x_wconf 77' lang='lat' dir='ltr'>ventione</span> <span class='ocrx_word' id='word_1_441' title='bbox 212 4041 355 4101; x_wconf 84' lang='lat' dir='ltr'>veritatis;</span> <span class='ocrx_word' id='word_1_442' title='bbox 372 4054 433 4094; x_wconf 90' lang='lat' dir='ltr'>cnm</span> <span class='ocrx_word' id='word_1_443' title='bbox 448 4037 559 4091; x_wconf 88' lang='lat' dir='ltr'>minime</span> <span class='ocrx_word' id='word_1_444' title='bbox 574 4035 601 4088; x_wconf 90' lang='lat' dir='ltr'>id</span> <span class='ocrx_word' id='word_1_445' title='bbox 617 4038 642 4090; x_wconf 91' lang='lat' dir='ltr'>ei</span> <span class='ocrx_word' id='word_1_446' title='bbox 657 4034 793 4100; x_wconf 87' lang='lat' dir='ltr'>claruerit,</span> <span class='ocrx_word' id='word_1_447' title='bbox 810 4034 870 4088; x_wconf 94' lang='lat' dir='ltr'>illo·</span> 
     </span>
     <span class='ocr_line' id='line_1_56' title="bbox 63 4123 867 4195; baseline -0.024 0"><span class='ocrx_word' id='word_1_448' title='bbox 63 4155 125 4195; x_wconf 87' lang='lat' dir='ltr'>rum</span> <span class='ocrx_word' id='word_1_449' title='bbox 147 4141 295 4192; x_wconf 81' lang='lat' dir='ltr'>veneretur</span> <span class='ocrx_word' id='word_1_450' title='bbox 319 4141 523 4192; x_wconf 88' lang='lat' dir='ltr'>sensum,snurn</span> <span class='ocrx_word' id='word_1_451' title='bbox 535 4139 598 4181; x_wconf 91' lang='lat' dir='ltr'>vero</span> <span class='ocrx_word' id='word_1_452' title='bbox 609 4123 867 4178; x_wconf 85' lang='lat' dir='ltr'>accusettarditatis.</span> 
     </span>
     <span class='ocr_line' id='line_1_57' title="bbox 63 4212 866 4293; baseline -0.022 -9"><span class='ocrx_word' id='word_1_453' title='bbox 63 4229 151 4284; x_wconf 89' lang='lat' dir='ltr'>Porro</span> <span class='ocrx_word' id='word_1_454' title='bbox 172 4222 334 4293; x_wconf 89' lang='lat' dir='ltr'>opinionum</span> <span class='ocrx_word' id='word_1_455' title='bbox 352 4231 461 4270; x_wconf 89' lang='lat' dir='ltr'>suarum</span> <span class='ocrx_word' id='word_1_456' title='bbox 491 4212 625 4267; x_wconf 86' lang='lat' dir='ltr'>rationem</span> <span class='ocrx_word' id='word_1_457' title='bbox 646 4212 866 4282; x_wconf 80' lang='lat' dir='ltr'>qualemcunque</span> 
     </span>
     <span class='ocr_line' id='line_1_58' title="bbox 64 4299 867 4390; baseline -0.029 -15"><span class='ocrx_word' id='word_1_458' title='bbox 64 4313 189 4390; x_wconf 87' lang='lat' dir='ltr'>speciem</span> <span class='ocrx_word' id='word_1_459' title='bbox 209 4310 296 4382; x_wconf 87' lang='lat' dir='ltr'>prima</span> <span class='ocrx_word' id='word_1_460' title='bbox 320 4306 408 4360; x_wconf 86' lang='lat' dir='ltr'>lroute</span> <span class='ocrx_word' id='word_1_461' title='bbox 435 4299 630 4373; x_wconf 79' lang='lat' dir='ltr'>praeteran1,si</span> <span class='ocrx_word' id='word_1_462' title='bbox 659 4299 747 4354; x_wconf 87' lang='lat' dir='ltr'>exitus</span> <span class='ocrx_word' id='word_1_463' title='bbox 773 4315 867 4353; x_wconf 90' lang='lat' dir='ltr'>earnm</span> 
     </span>
    </p>
   </div>
   <div class='ocr_carea' id='block_1_13' title="bbox 63 4387 990 4479">
    <p class='ocr_par' dir='ltr' id='par_1_13' title="bbox 63 4387 990 4479">
     <span class='ocr_line' id='line_1_59' title="bbox 63 4387 990 4479; baseline -0.016 -23"><span class='ocrx_word' id='word_1_464' title='bbox 63 4402 241 4479; x_wconf 65' lang='lat' dir='ltr'>praescriptas</span> <span class='ocrx_word' id='word_1_465' title='bbox 256 4394 319 4451; x_wconf 84' lang='lat' dir='ltr'>fidei</span> <span class='ocrx_word' id='word_1_466' title='bbox 334 4393 419 4447; x_wconf 87' lang='lat' dir='ltr'>lineas</span> <span class='ocrx_word' id='word_1_467' title='bbox 431 4390 603 4446; x_wconf 89' lang='lat' dir='ltr'>inveniuntur</span> <span class='ocrx_word' id='word_1_468' title='bbox 614 4387 655 4442; x_wconf 91' lang='lat' dir='ltr'>vel</span> <span class='ocrx_word' id='word_1_469' title='bbox 671 4403 726 4443; x_wconf 91' lang='lat' dir='ltr'>uon</span> <span class='ocrx_word' id='word_1_470' title='bbox 738 4387 862 4456; x_wconf 90' lang='lat' dir='ltr'>implere,</span> <span class='ocrx_word' id='word_1_471' title='bbox 878 4402 904 4462; x_wconf 76' lang='grc' dir='ltr'>Ι)</span> <span class='ocrx_word' id='word_1_472' title='bbox 920 4428 961 4476; x_wconf 52' lang='lat' dir='ltr'>est</span> <span class='ocrx_word' id='word_1_473' title='bbox 975 4421 990 4474; x_wconf 76' lang='lat' dir='ltr'>d</span> 
     </span>
    </p>
   </div>
   <div class='ocr_carea' id='block_1_14' title="bbox 64 4476 871 5433">
    <p class='ocr_par' dir='ltr' id='par_1_14' title="bbox 64 4476 871 5433">
     <span class='ocr_line' id='line_1_60' title="bbox 64 4476 862 4554; baseline -0.028 -1"><span class='ocrx_word' id='word_1_474' title='bbox 64 4495 106 4553; x_wconf 86' lang='lat' dir='ltr'>vel</span> <span class='ocrx_word' id='word_1_475' title='bbox 122 4488 271 4552; x_wconf 86' lang='lat' dir='ltr'>excedere,</span> <span class='ocrx_word' id='word_1_476' title='bbox 289 4482 386 4554; x_wconf 86' lang='lat' dir='ltr'>plenas</span> <span class='ocrx_word' id='word_1_477' title='bbox 402 4496 463 4535; x_wconf 88' lang='lat' dir='ltr'>esse</span> <span class='ocrx_word' id='word_1_478' title='bbox 480 4493 533 4533; x_wconf 92' lang='lat' dir='ltr'>uon</span> <span class='ocrx_word' id='word_1_479' title='bbox 549 4477 654 4531; x_wconf 91' lang='lat' dir='ltr'>dubitet</span> <span class='ocrx_word' id='word_1_480' title='bbox 669 4476 779 4539; x_wconf 90' lang='lat' dir='ltr'>erroris,</span> <span class='ocrx_word' id='word_1_481' title='bbox 795 4493 862 4546; x_wconf 86' lang='lat' dir='ltr'>quas</span> 
     </span>
     <span class='ocr_line' id='line_1_61' title="bbox 64 4565 866 4641; baseline -0.029 1"><span class='ocrx_word' id='word_1_482' title='bbox 64 4579 172 4641; x_wconf 79' lang='lat' dir='ltr'>veritati</span> <span class='ocrx_word' id='word_1_483' title='bbox 187 4577 297 4633; x_wconf 89' lang='lat' dir='ltr'>constat</span> <span class='ocrx_word' id='word_1_484' title='bbox 311 4586 366 4627; x_wconf 92' lang='lat' dir='ltr'>non</span> <span class='ocrx_word' id='word_1_485' title='bbox 387 4566 544 4625; x_wconf 89' lang='lat' dir='ltr'>convenire.</span> <span class='ocrx_word' id='word_1_486' title='bbox 557 4565 623 4620; x_wconf 90' lang='lat' dir='ltr'>Cum</span> <span class='ocrx_word' id='word_1_487' title='bbox 647 4565 720 4619; x_wconf 91' lang='lat' dir='ltr'>euim</span> <span class='ocrx_word' id='word_1_488' title='bbox 740 4581 789 4634; x_wconf 90' lang='lat' dir='ltr'>per</span> <span class='ocrx_word' id='word_1_489' title='bbox 803 4581 866 4635; x_wconf 90' lang='lat' dir='ltr'>apo·</span> 
     </span>
     <span class='ocr_line' id='line_1_62' title="bbox 66 4653 868 4733; baseline -0.029 -4"><span class='ocrx_word' id='word_1_490' title='bbox 66 4671 154 4728; x_wconf 85' lang='lat' dir='ltr'>stolos</span> <span class='ocrx_word' id='word_1_491' title='bbox 183 4672 213 4721; x_wconf 87' lang='lat' dir='ltr'>et</span> <span class='ocrx_word' id='word_1_492' title='bbox 239 4660 404 4733; x_wconf 84' lang='lat' dir='ltr'>apostolicos</span> <span class='ocrx_word' id='word_1_493' title='bbox 425 4655 499 4712; x_wconf 89' lang='lat' dir='ltr'>viros</span> <span class='ocrx_word' id='word_1_494' title='bbox 519 4669 627 4708; x_wconf 87' lang='lat' dir='ltr'>omnem</span> <span class='ocrx_word' id='word_1_495' title='bbox 650 4654 788 4707; x_wconf 88' lang='lat' dir='ltr'>veritatem</span> <span class='ocrx_word' id='word_1_496' title='bbox 808 4653 868 4723; x_wconf 85' lang='lat' dir='ltr'>jam</span> 
     </span>
     <span class='ocr_line' id='line_1_63' title="bbox 67 4741 869 4818; baseline -0.026 -1"><span class='ocrx_word' id='word_1_497' title='bbox 67 4762 134 4818; x_wconf 91' lang='lat' dir='ltr'>olim</span> <span class='ocrx_word' id='word_1_498' title='bbox 147 4772 200 4812; x_wconf 85' lang='lat' dir='ltr'>uos</span> <span class='ocrx_word' id='word_1_499' title='bbox 212 4749 336 4808; x_wconf 91' lang='lat' dir='ltr'>docuerit</span> <span class='ocrx_word' id='word_1_500' title='bbox 351 4746 466 4818; x_wconf 89' lang='lat' dir='ltr'>Spiritus</span> <span class='ocrx_word' id='word_1_501' title='bbox 480 4742 610 4809; x_wconf 88' lang='lat' dir='ltr'>veritatis,</span> <span class='ocrx_word' id='word_1_502' title='bbox 628 4758 680 4796; x_wconf 92' lang='lat' dir='ltr'>non</span> <span class='ocrx_word' id='word_1_503' title='bbox 689 4742 745 4809; x_wconf 87' lang='lat' dir='ltr'>jam</span> <span class='ocrx_word' id='word_1_504' title='bbox 757 4741 790 4796; x_wconf 88' lang='lat' dir='ltr'>ad</span> <span class='ocrx_word' id='word_1_505' title='bbox 804 4756 869 4796; x_wconf 83' lang='lat' dir='ltr'>exa-</span> 
     </span>
     <span class='ocr_line' id='line_1_64' title="bbox 66 4826 869 4900; baseline -0.027 1"><span class='ocrx_word' id='word_1_506' title='bbox 66 4861 131 4900; x_wconf 91' lang='lat' dir='ltr'>men</span> <span class='ocrx_word' id='word_1_507' title='bbox 147 4840 284 4896; x_wconf 87' lang='lat' dir='ltr'>rationum</span> <span class='ocrx_word' id='word_1_508' title='bbox 300 4833 378 4899; x_wconf 88' lang='lat' dir='ltr'>lidus,</span> <span class='ocrx_word' id='word_1_509' title='bbox 394 4831 443 4885; x_wconf 89' lang='lat' dir='ltr'>sed</span> <span class='ocrx_word' id='word_1_510' title='bbox 467 4829 502 4883; x_wconf 90' lang='lat' dir='ltr'>ad</span> <span class='ocrx_word' id='word_1_511' title='bbox 516 4844 629 4882; x_wconf 84' lang='lat' dir='ltr'>examen</span> <span class='ocrx_word' id='word_1_512' title='bbox 645 4826 707 4880; x_wconf 89' lang='lat' dir='ltr'>tidoi</span> <span class='ocrx_word' id='word_1_513' title='bbox 726 4828 869 4897; x_wconf 82' lang='lat' dir='ltr'>corrigen-</span> 
     </span>
     <span class='ocr_line' id='line_1_65' title="bbox 66 4916 869 4989; baseline -0.025 0"><span class='ocrx_word' id='word_1_514' title='bbox 66 4934 110 4989; x_wconf 74' lang='lat' dir='ltr'>dae</span> <span class='ocrx_word' id='word_1_515' title='bbox 123 4929 248 4986; x_wconf 85' lang='lat' dir='ltr'>rationes</span> <span class='ocrx_word' id='word_1_516' title='bbox 262 4932 335 4989; x_wconf 84' lang='lat' dir='ltr'>sunt,</span> <span class='ocrx_word' id='word_1_517' title='bbox 355 4928 384 4976; x_wconf 89' lang='lat' dir='ltr'>et</span> <span class='ocrx_word' id='word_1_518' title='bbox 398 4917 546 4974; x_wconf 90' lang='lat' dir='ltr'>secundum</span> <span class='ocrx_word' id='word_1_519' title='bbox 562 4916 740 4986; x_wconf 90' lang='lat' dir='ltr'>apostolicum</span> <span class='ocrx_word' id='word_1_520' title='bbox 763 4930 869 4984; x_wconf 78' lang='lat' dir='ltr'>praecc-</span> 
     </span>
     <span class='ocr_line' id='line_1_66' title="bbox 66 5002 869 5094; baseline -0.026 -16"><span class='ocrx_word' id='word_1_521' title='bbox 66 5032 145 5094; x_wconf 88' lang='lat' dir='ltr'>ptum</span> <span class='ocrx_word' id='word_1_522' title='bbox 169 5012 337 5072; x_wconf 87' lang='lat' dir='ltr'>destruenda</span> <span class='ocrx_word' id='word_1_523' title='bbox 362 5016 402 5064; x_wconf 90' lang='lat' dir='ltr'>est</span> <span class='ocrx_word' id='word_1_524' title='bbox 429 5007 518 5063; x_wconf 88' lang='lat' dir='ltr'>omnis</span> <span class='ocrx_word' id='word_1_525' title='bbox 546 5004 660 5059; x_wconf 86' lang='lat' dir='ltr'>altitudo</span> <span class='ocrx_word' id='word_1_526' title='bbox 684 5002 815 5058; x_wconf 88' lang='lat' dir='ltr'>extollens</span> <span class='ocrx_word' id='word_1_527' title='bbox 840 5019 869 5058; x_wconf 90' lang='lat' dir='ltr'>sc</span> 
     </span>
     <span class='ocr_line' id='line_1_67' title="bbox 66 5091 869 5167; baseline -0.031 1"><span class='ocrx_word' id='word_1_528' title='bbox 66 5112 203 5167; x_wconf 83' lang='lat' dir='ltr'>adversus</span> <span class='ocrx_word' id='word_1_529' title='bbox 217 5101 357 5158; x_wconf 87' lang='lat' dir='ltr'>scientiam</span> <span class='ocrx_word' id='word_1_530' title='bbox 374 5097 422 5152; x_wconf 90' lang='lat' dir='ltr'>Dei</span> <span class='ocrx_word' id='word_1_531' title='bbox 435 5115 443 5162; x_wconf 85' lang='lat'>;</span> <span class='ocrx_word' id='word_1_532' title='bbox 457 5103 483 5151; x_wconf 91' lang='lat' dir='ltr'>et</span> <span class='ocrx_word' id='word_1_533' title='bbox 497 5095 524 5147; x_wconf 93' lang='lat' dir='ltr'>in</span> <span class='ocrx_word' id='word_1_534' title='bbox 540 5093 727 5162; x_wconf 86' lang='lat' dir='ltr'>captivitatem</span> <span class='ocrx_word' id='word_1_535' title='bbox 743 5091 869 5163; x_wconf 83' lang='lat' dir='ltr'>redigen·</span> 
     </span>
     <span class='ocr_line' id='line_1_68' title="bbox 65 5181 734 5255; baseline -0.033 1"><span class='ocrx_word' id='word_1_536' title='bbox 65 5200 117 5255; x_wconf 91' lang='lat' dir='ltr'>dns</span> <span class='ocrx_word' id='word_1_537' title='bbox 130 5192 222 5252; x_wconf 87' lang='lat' dir='ltr'>omnis</span> <span class='ocrx_word' id='word_1_538' title='bbox 237 5189 391 5246; x_wconf 90' lang='lat' dir='ltr'>intellectus</span> <span class='ocrx_word' id='word_1_539' title='bbox 405 5186 432 5240; x_wconf 93' lang='lat' dir='ltr'>in</span> <span class='ocrx_word' id='word_1_540' title='bbox 448 5183 606 5254; x_wconf 86' lang='lat' dir='ltr'>obsequium</span> <span class='ocrx_word' id='word_1_541' title='bbox 623 5181 734 5236; x_wconf 86' lang='lat' dir='ltr'>Christi.</span> 
     </span>
     <span class='ocr_line' id='line_1_69' title="bbox 103 5268 870 5352; baseline -0.023 -11"><span class='ocrx_word' id='word_1_542' title='bbox 103 5284 267 5352; x_wconf 84' lang='lat' dir='ltr'>Ubicunque</span> <span class='ocrx_word' id='word_1_543' title='bbox 289 5292 357 5349; x_wconf 78' lang='lat' dir='ltr'>ergo</span> <span class='ocrx_word' id='word_1_544' title='bbox 372 5274 495 5345; x_wconf 91' lang='lat' dir='ltr'>prudens</span> <span class='ocrx_word' id='word_1_545' title='bbox 515 5271 599 5327; x_wconf 91' lang='lat' dir='ltr'>lector</span> <span class='ocrx_word' id='word_1_546' title='bbox 623 5270 744 5325; x_wconf 88' lang='lat' dir='ltr'>inlibris</span> <span class='ocrx_word' id='word_1_547' title='bbox 768 5268 870 5341; x_wconf 89' lang='lat' dir='ltr'>aliquid</span> 
     </span>
     <span class='ocr_line' id='line_1_70' title="bbox 64 5357 871 5433; baseline -0.026 0"><span class='ocrx_word' id='word_1_548' title='bbox 64 5371 208 5433; x_wconf 86' lang='lat' dir='ltr'>invenerit</span> <span class='ocrx_word' id='word_1_549' title='bbox 221 5370 257 5425; x_wconf 92' lang='lat' dir='ltr'>de</span> <span class='ocrx_word' id='word_1_550' title='bbox 271 5380 353 5423; x_wconf 88' lang='lat' dir='ltr'>carne</span> <span class='ocrx_word' id='word_1_551' title='bbox 370 5361 413 5419; x_wconf 91' lang='lat' dir='ltr'>vel</span> <span class='ocrx_word' id='word_1_552' title='bbox 428 5375 540 5433; x_wconf 86' lang='lat' dir='ltr'>corpore</span> <span class='ocrx_word' id='word_1_553' title='bbox 555 5359 605 5415; x_wconf 88' lang='lat' dir='ltr'>Dei</span> <span class='ocrx_word' id='word_1_554' title='bbox 616 5359 688 5426; x_wconf 85' lang='lat' dir='ltr'>lesu,</span> <span class='ocrx_word' id='word_1_555' title='bbox 707 5365 823 5414; x_wconf 85' lang='lat' dir='ltr'>recurrat</span> <span class='ocrx_word' id='word_1_556' title='bbox 836 5357 871 5413; x_wconf 90' lang='lat' dir='ltr'>ad</span> 
     </span>
    </p>
   </div>
   <div class='ocr_carea' id='block_1_15' title="bbox 101 5537 692 5710">
    <p class='ocr_par' dir='ltr' id='par_1_15' title="bbox 101 5537 692 5710">
     <span class='ocr_line' id='line_1_71' title="bbox 101 5537 692 5627; baseline -0.03 -17"><span class='ocrx_word' id='word_1_557' title='bbox 101 5551 163 5627; x_wconf 71' lang='lat' dir='ltr'>(bl)</span> <span class='ocrx_word' id='word_1_558' title='bbox 178 5551 267 5607; x_wconf 89' lang='lat' dir='ltr'>Conc.</span> <span class='ocrx_word' id='word_1_559' title='bbox 282 5540 425 5617; x_wconf 77' lang='lat' dir='ltr'>Ephesia..</span> <span class='ocrx_word' id='word_1_560' title='bbox 442 5538 522 5609; x_wconf 89' lang='lat' dir='ltr'>epist.</span> <span class='ocrx_word' id='word_1_561' title='bbox 536 5537 569 5594; x_wconf 91' lang='lat' dir='ltr'>ad</span> <span class='ocrx_word' id='word_1_562' title='bbox 583 5538 692 5594; x_wconf 83' lang='lat' dir='ltr'>Nestor.</span> 
     </span>
     <span class='ocr_line' id='line_1_72' title="bbox 190 5636 515 5710; baseline -0.028 1"><span class='ocrx_word' id='word_1_563' title='bbox 190 5646 328 5710; x_wconf 79' lang='lat' dir='ltr'>Parnon.</span> <span class='ocrx_word' id='word_1_564' title='bbox 354 5636 515 5703; x_wconf 83' lang='lat' dir='ltr'>CLXXX.</span> 
     </span>
    </p>
   </div>
   <div class='ocr_carea' id='block_1_16' title="bbox 923 1843 1723 2186">
    <p class='ocr_par' dir='ltr' id='par_1_16' title="bbox 923 1843 1723 2186">
     <span class='ocr_line' id='line_1_73' title="bbox 923 1843 1720 1919; baseline 0.014 -24"><span class='ocrx_word' id='word_1_565' title='bbox 923 1849 964 1897; x_wconf 93' lang='lat' dir='ltr'>tur</span> <span class='ocrx_word' id='word_1_566' title='bbox 979 1843 1140 1913; x_wconf 85' lang='lat' dir='ltr'>hpostolns;</span> <span class='ocrx_word' id='word_1_567' title='bbox 1158 1844 1206 1898; x_wconf 87' lang='lat' dir='ltr'>sed</span> <span class='ocrx_word' id='word_1_568' title='bbox 1221 1846 1338 1914; x_wconf 88' lang='lat' dir='ltr'>quodam</span> <span class='ocrx_word' id='word_1_569' title='bbox 1356 1847 1419 1902; x_wconf 85' lang='lat' dir='ltr'>fidei</span> <span class='ocrx_word' id='word_1_570' title='bbox 1430 1858 1552 1919; x_wconf 85' lang='lat' dir='ltr'>respectu</span> <span class='ocrx_word' id='word_1_571' title='bbox 1567 1849 1720 1907; x_wconf 88' lang='lat' dir='ltr'>intellectus</span> 
     </span>
     <span class='ocr_line' id='line_1_74' title="bbox 923 1930 1722 2009; baseline 0.01 -23"><span class='ocrx_word' id='word_1_572' title='bbox 923 1930 966 1986; x_wconf 90' lang='lat' dir='ltr'>vel</span> <span class='ocrx_word' id='word_1_573' title='bbox 981 1930 1094 1985; x_wconf 85' lang='lat' dir='ltr'>allectus</span> <span class='ocrx_word' id='word_1_574' title='bbox 1121 1931 1184 1986; x_wconf 75' lang='lat' dir='ltr'>feroit</span> <span class='ocrx_word' id='word_1_575' title='bbox 1198 1932 1380 1988; x_wconf 84' lang='lat' dir='ltr'>diversitatem</span> <span class='ocrx_word' id='word_1_576' title='bbox 1403 1937 1486 1990; x_wconf 83' lang='lat' dir='ltr'>lianc.</span> <span class='ocrx_word' id='word_1_577' title='bbox 1506 1938 1560 1991; x_wconf 85' lang='lat' dir='ltr'>lles</span> <span class='ocrx_word' id='word_1_578' title='bbox 1574 1954 1641 1992; x_wconf 88' lang='lat' dir='ltr'>vero</span> <span class='ocrx_word' id='word_1_579' title='bbox 1661 1939 1722 2009; x_wconf 89' lang='lat' dir='ltr'>ipsa</span> 
     </span>
     <span class='ocr_line' id='line_1_75' title="bbox 924 2019 1721 2090; baseline 0.01 -18"><span class='ocrx_word' id='word_1_580' title='bbox 924 2019 1102 2088; x_wconf 84' lang='lat' dir='ltr'>simplicitatis</span> <span class='ocrx_word' id='word_1_581' title='bbox 1117 2036 1174 2074; x_wconf 81' lang='lat' dir='ltr'>suae</span> <span class='ocrx_word' id='word_1_582' title='bbox 1190 2036 1283 2090; x_wconf 87' lang='lat' dir='ltr'>puram</span> <span class='ocrx_word' id='word_1_583' title='bbox 1294 2022 1397 2077; x_wconf 91' lang='lat' dir='ltr'>obtinet</span> <span class='ocrx_word' id='word_1_584' title='bbox 1408 2025 1563 2079; x_wconf 89' lang='lat' dir='ltr'>veritatem.</span> <span class='ocrx_word' id='word_1_585' title='bbox 1572 2026 1636 2082; x_wconf 83' lang='lat' dir='ltr'>llaec</span> <span class='ocrx_word' id='word_1_586' title='bbox 1649 2026 1721 2081; x_wconf 89' lang='lat' dir='ltr'>enim</span> 
     </span>
     <span class='ocr_line' id='line_1_76' title="bbox 925 2109 1723 2186; baseline 0.01 -25"><span class='ocrx_word' id='word_1_587' title='bbox 925 2109 1030 2162; x_wconf 87' lang='lat' dir='ltr'>trinitus</span> <span class='ocrx_word' id='word_1_588' title='bbox 1052 2109 1175 2179; x_wconf 85' lang='lat' dir='ltr'>corporis</span> <span class='ocrx_word' id='word_1_589' title='bbox 1197 2109 1305 2164; x_wconf 90' lang='lat' dir='ltr'>Domini</span> <span class='ocrx_word' id='word_1_590' title='bbox 1326 2127 1378 2166; x_wconf 92' lang='lat' dir='ltr'>non</span> <span class='ocrx_word' id='word_1_591' title='bbox 1394 2120 1436 2166; x_wconf 86' lang='lat' dir='ltr'>est</span> <span class='ocrx_word' id='word_1_592' title='bbox 1451 2112 1523 2167; x_wconf 90' lang='lat' dir='ltr'>alind</span> <span class='ocrx_word' id='word_1_593' title='bbox 1545 2114 1723 2186; x_wconf 75' lang='lat' dir='ltr'>intelligenda</span> 
     </span>
    </p>
   </div>
   <div class='ocr_carea' id='block_1_17' title="bbox 925 2197 1732 3152">
    <p class='ocr_par' dir='ltr' id='par_1_17' title="bbox 925 2197 1732 3152">
     <span class='ocr_line' id='line_1_77' title="bbox 926 2197 1723 2271; baseline 0.011 -22"><span class='ocrx_word' id='word_1_594' title='bbox 926 2213 1007 2267; x_wconf 91' lang='lat' dir='ltr'>qnam</span> <span class='ocrx_word' id='word_1_595' title='bbox 1024 2197 1111 2266; x_wconf 91' lang='lat' dir='ltr'>ipsum</span> <span class='ocrx_word' id='word_1_596' title='bbox 1135 2198 1244 2253; x_wconf 91' lang='lat' dir='ltr'>Domini</span> <span class='ocrx_word' id='word_1_597' title='bbox 1258 2214 1363 2268; x_wconf 90' lang='lat' dir='ltr'>corpus,</span> <span class='ocrx_word' id='word_1_598' title='bbox 1380 2201 1553 2271; x_wconf 82' lang='lat' dir='ltr'>cogitandam</span> <span class='ocrx_word' id='word_1_599' title='bbox 1569 2203 1723 2258; x_wconf 89' lang='lat' dir='ltr'>secundum</span> 
     </span>
     <span class='ocr_line' id='line_1_78' title="bbox 926 2285 1723 2354; baseline 0.01 -16"><span class='ocrx_word' id='word_1_600' title='bbox 926 2286 1081 2353; x_wconf 82' lang='lat' dir='ltr'>essentiam,</span> <span class='ocrx_word' id='word_1_601' title='bbox 1099 2285 1247 2340; x_wconf 87' lang='lat' dir='ltr'>secuudum</span> <span class='ocrx_word' id='word_1_602' title='bbox 1262 2288 1404 2354; x_wconf 89' lang='lat' dir='ltr'>unitatem,</span> <span class='ocrx_word' id='word_1_603' title='bbox 1420 2290 1567 2343; x_wconf 88' lang='lat' dir='ltr'>secundum</span> <span class='ocrx_word' id='word_1_604' title='bbox 1583 2288 1723 2346; x_wconf 85' lang='lat' dir='ltr'>effectum.</span> 
     </span>
     <span class='ocr_line' id='line_1_79' title="bbox 925 2373 1726 2445; baseline 0.012 -20"><span class='ocrx_word' id='word_1_605' title='bbox 925 2373 996 2426; x_wconf 87' lang='lat' dir='ltr'>Nam</span> <span class='ocrx_word' id='word_1_606' title='bbox 1011 2389 1110 2442; x_wconf 89' lang='lat' dir='ltr'>eorpus</span> <span class='ocrx_word' id='word_1_607' title='bbox 1124 2373 1220 2429; x_wconf 84' lang='lat' dir='ltr'>Christi</span> <span class='ocrx_word' id='word_1_608' title='bbox 1236 2384 1371 2445; x_wconf 87' lang='lat' dir='ltr'>quantum</span> <span class='ocrx_word' id='word_1_609' title='bbox 1386 2378 1415 2429; x_wconf 93' lang='lat' dir='ltr'>in</span> <span class='ocrx_word' id='word_1_610' title='bbox 1435 2393 1465 2431; x_wconf 92' lang='lat' dir='ltr'>se</span> <span class='ocrx_word' id='word_1_611' title='bbox 1480 2385 1530 2441; x_wconf 89' lang='lat' dir='ltr'>est,</span> <span class='ocrx_word' id='word_1_612' title='bbox 1551 2379 1680 2434; x_wconf 87' lang='lat' dir='ltr'>omnibns</span> <span class='ocrx_word' id='word_1_613' title='bbox 1695 2396 1726 2435; x_wconf 87' lang='lat' dir='ltr'>se</span> 
     </span>
     <span class='ocr_line' id='line_1_80' title="bbox 927 2461 1725 2531; baseline 0.013 -18"><span class='ocrx_word' id='word_1_614' title='bbox 927 2461 1031 2531; x_wconf 75' lang='lat' dir='ltr'>praebet</span> <span class='ocrx_word' id='word_1_615' title='bbox 1044 2463 1138 2515; x_wconf 89' lang='lat' dir='ltr'>cibum</span> <span class='ocrx_word' id='word_1_616' title='bbox 1155 2463 1217 2517; x_wconf 85' lang='lat' dir='ltr'>vitae</span> <span class='ocrx_word' id='word_1_617' title='bbox 1231 2471 1347 2527; x_wconf 80' lang='lat' dir='ltr'>aeternae,</span> <span class='ocrx_word' id='word_1_618' title='bbox 1365 2473 1391 2518; x_wconf 90' lang='lat' dir='ltr'>et</span> <span class='ocrx_word' id='word_1_619' title='bbox 1409 2463 1527 2520; x_wconf 82' lang='lat' dir='ltr'>fideliter</span> <span class='ocrx_word' id='word_1_620' title='bbox 1542 2482 1570 2520; x_wconf 91' lang='lat' dir='ltr'>se</span> <span class='ocrx_word' id='word_1_621' title='bbox 1585 2475 1725 2523; x_wconf 86' lang='lat' dir='ltr'>sumentes</span> 
     </span>
     <span class='ocr_line' id='line_1_81' title="bbox 926 2550 1727 2624; baseline 0.01 -21"><span class='ocrx_word' id='word_1_622' title='bbox 926 2565 1009 2603; x_wconf 90' lang='lat' dir='ltr'>unum</span> <span class='ocrx_word' id='word_1_623' title='bbox 1035 2550 1128 2604; x_wconf 88' lang='lat' dir='ltr'>vivere</span> <span class='ocrx_word' id='word_1_624' title='bbox 1155 2566 1247 2604; x_wconf 88' lang='lat' dir='ltr'>secum</span> <span class='ocrx_word' id='word_1_625' title='bbox 1277 2550 1366 2617; x_wconf 82' lang='lat' dir='ltr'>efficit,</span> <span class='ocrx_word' id='word_1_626' title='bbox 1385 2560 1412 2606; x_wconf 90' lang='lat' dir='ltr'>et</span> <span class='ocrx_word' id='word_1_627' title='bbox 1439 2569 1534 2608; x_wconf 89' lang='lat' dir='ltr'>amore</span> <span class='ocrx_word' id='word_1_628' title='bbox 1561 2554 1683 2624; x_wconf 88' lang='lat' dir='ltr'>spiritus,</span> <span class='ocrx_word' id='word_1_629' title='bbox 1699 2563 1727 2611; x_wconf 91' lang='lat' dir='ltr'>et</span> 
     </span>
     <span class='ocr_line' id='line_1_82' title="bbox 928 2637 1728 2713; baseline 0.01 -23"><span class='ocrx_word' id='word_1_630' title='bbox 928 2637 1012 2706; x_wconf 88' lang='lat' dir='ltr'>ipsius</span> <span class='ocrx_word' id='word_1_631' title='bbox 1026 2639 1161 2692; x_wconf 86' lang='lat' dir='ltr'>consortio</span> <span class='ocrx_word' id='word_1_632' title='bbox 1176 2647 1288 2706; x_wconf 85' lang='lat' dir='ltr'>uatarae,</span> <span class='ocrx_word' id='word_1_633' title='bbox 1304 2648 1385 2709; x_wconf 91' lang='lat' dir='ltr'>caput</span> <span class='ocrx_word' id='word_1_634' title='bbox 1398 2642 1520 2696; x_wconf 80' lang='lat' dir='ltr'>existens</span> <span class='ocrx_word' id='word_1_635' title='bbox 1536 2643 1659 2713; x_wconf 90' lang='lat' dir='ltr'>corporis</span> <span class='ocrx_word' id='word_1_636' title='bbox 1673 2645 1728 2698; x_wconf 88' lang='lat' dir='ltr'>Ec·</span> 
     </span>
     <span class='ocr_line' id='line_1_83' title="bbox 927 2726 1728 2799; baseline 0.007 -19"><span class='ocrx_word' id='word_1_637' title='bbox 927 2726 1032 2781; x_wconf 84' lang='lat' dir='ltr'>clesiae.</span> <span class='ocrx_word' id='word_1_638' title='bbox 1049 2727 1180 2780; x_wconf 80' lang='lat' dir='ltr'>Praeterea</span> <span class='ocrx_word' id='word_1_639' title='bbox 1202 2742 1263 2780; x_wconf 91' lang='lat' dir='ltr'>cum</span> <span class='ocrx_word' id='word_1_640' title='bbox 1284 2728 1312 2781; x_wconf 93' lang='lat' dir='ltr'>in</span> <span class='ocrx_word' id='word_1_641' title='bbox 1335 2729 1491 2798; x_wconf 77' lang='lat' dir='ltr'>ScriptnriS,</span> <span class='ocrx_word' id='word_1_642' title='bbox 1509 2731 1578 2785; x_wconf 90' lang='lat' dir='ltr'>sicut</span> <span class='ocrx_word' id='word_1_643' title='bbox 1593 2748 1674 2799; x_wconf 89' lang='lat' dir='ltr'>snpra</span> <span class='ocrx_word' id='word_1_644' title='bbox 1692 2748 1728 2787; x_wconf 84' lang='lat' dir='ltr'>ex</span> 
     </span>
     <span class='ocr_line' id='line_1_84' title="bbox 928 2813 1729 2886; baseline 0.011 -21"><span class='ocrx_word' id='word_1_645' title='bbox 928 2813 1019 2868; x_wconf 87' lang='lat' dir='ltr'>verbis</span> <span class='ocrx_word' id='word_1_646' title='bbox 1034 2815 1063 2867; x_wconf 86' lang='lat' dir='ltr'>B.</span> <span class='ocrx_word' id='word_1_647' title='bbox 1078 2815 1222 2886; x_wconf 79' lang='lat' dir='ltr'>Augustini</span> <span class='ocrx_word' id='word_1_648' title='bbox 1238 2815 1367 2884; x_wconf 86' lang='lat' dir='ltr'>diximus,</span> <span class='ocrx_word' id='word_1_649' title='bbox 1380 2833 1455 2886; x_wconf 81' lang='lat' dir='ltr'>stupe</span> <span class='ocrx_word' id='word_1_650' title='bbox 1471 2827 1667 2873; x_wconf 87' lang='lat' dir='ltr'>sacramentum</span> <span class='ocrx_word' id='word_1_651' title='bbox 1683 2834 1729 2875; x_wconf 82' lang='lat' dir='ltr'>ea·</span> 
     </span>
     <span class='ocr_line' id='line_1_85' title="bbox 928 2904 1728 2976; baseline 0.011 -22"><span class='ocrx_word' id='word_1_652' title='bbox 928 2918 986 2955; x_wconf 89' lang='lat' dir='ltr'>rum</span> <span class='ocrx_word' id='word_1_653' title='bbox 1014 2918 1103 2956; x_wconf 86' lang='lat' dir='ltr'>rernm</span> <span class='ocrx_word' id='word_1_654' title='bbox 1128 2904 1239 2957; x_wconf 90' lang='lat' dir='ltr'>nomina</span> <span class='ocrx_word' id='word_1_655' title='bbox 1263 2908 1401 2972; x_wconf 84' lang='lat' dir='ltr'>sortiatur,</span> <span class='ocrx_word' id='word_1_656' title='bbox 1432 2923 1544 2976; x_wconf 90' lang='lat' dir='ltr'>quarum</span> <span class='ocrx_word' id='word_1_657' title='bbox 1567 2924 1728 2963; x_wconf 86' lang='lat' dir='ltr'>sacramen·</span> 
     </span>
     <span class='ocr_line' id='line_1_86' title="bbox 928 2990 1732 3064; baseline 0.007 -20"><span class='ocrx_word' id='word_1_658' title='bbox 928 2998 982 3044; x_wconf 90' lang='lat' dir='ltr'>turn</span> <span class='ocrx_word' id='word_1_659' title='bbox 1004 2999 1065 3044; x_wconf 89' lang='lat' dir='ltr'>est:</span> <span class='ocrx_word' id='word_1_660' title='bbox 1090 2991 1196 3046; x_wconf 76' lang='lat' dir='ltr'>visibile</span> <span class='ocrx_word' id='word_1_661' title='bbox 1223 2990 1304 3058; x_wconf 90' lang='lat' dir='ltr'>istud,</span> <span class='ocrx_word' id='word_1_662' title='bbox 1328 2993 1399 3061; x_wconf 90' lang='lat' dir='ltr'>quod</span> <span class='ocrx_word' id='word_1_663' title='bbox 1421 2994 1505 3048; x_wconf 87' lang='lat' dir='ltr'>oeulis</span> <span class='ocrx_word' id='word_1_664' title='bbox 1520 3002 1621 3064; x_wconf 70' lang='lat' dir='ltr'>praesto</span> <span class='ocrx_word' id='word_1_665' title='bbox 1641 3004 1691 3060; x_wconf 87' lang='lat' dir='ltr'>est,</span> <span class='ocrx_word' id='word_1_666' title='bbox 1704 2997 1732 3050; x_wconf 93' lang='lat' dir='ltr'>in</span> 
     </span>
     <span class='ocr_line' id='line_1_87' title="bbox 928 3079 1732 3152; baseline 0.007 -20"><span class='ocrx_word' id='word_1_667' title='bbox 928 3086 1097 3132; x_wconf 88' lang='lat' dir='ltr'>sacramento</span> <span class='ocrx_word' id='word_1_668' title='bbox 1118 3079 1242 3149; x_wconf 83' lang='lat' dir='ltr'>corporis</span> <span class='ocrx_word' id='word_1_669' title='bbox 1267 3081 1384 3145; x_wconf 89' lang='lat' dir='ltr'>Domini,</span> <span class='ocrx_word' id='word_1_670' title='bbox 1401 3097 1597 3152; x_wconf 89' lang='lat' dir='ltr'>nonuunquam</span> <span class='ocrx_word' id='word_1_671' title='bbox 1612 3084 1638 3136; x_wconf 91' lang='lat' dir='ltr'>iu</span> <span class='ocrx_word' id='word_1_672' title='bbox 1662 3083 1732 3138; x_wconf 86' lang='lat' dir='ltr'>Seri·</span> 
     </span>
    </p>
   </div>
   <div class='ocr_carea' id='block_1_18' title="bbox 926 3167 1816 3240">
    <p class='ocr_par' dir='ltr' id='par_1_18' title="bbox 926 3167 1816 3240">
     <span class='ocr_line' id='line_1_88' title="bbox 926 3167 1816 3240; baseline 0.01 -22"><span class='ocrx_word' id='word_1_673' title='bbox 926 3167 1012 3236; x_wconf 88' lang='lat' dir='ltr'>ptnris</span> <span class='ocrx_word' id='word_1_674' title='bbox 1033 3167 1186 3237; x_wconf 85' lang='lat' dir='ltr'>appellatur</span> <span class='ocrx_word' id='word_1_675' title='bbox 1202 3184 1302 3238; x_wconf 91' lang='lat' dir='ltr'>corpus</span> <span class='ocrx_word' id='word_1_676' title='bbox 1323 3169 1441 3235; x_wconf 80' lang='lat' dir='ltr'>Christi3</span> <span class='ocrx_word' id='word_1_677' title='bbox 1458 3177 1485 3224; x_wconf 91' lang='lat' dir='ltr'>et</span> <span class='ocrx_word' id='word_1_678' title='bbox 1508 3170 1535 3224; x_wconf 93' lang='lat' dir='ltr'>in</span> <span class='ocrx_word' id='word_1_679' title='bbox 1556 3172 1616 3224; x_wconf 90' lang='lat' dir='ltr'>aliis</span> <span class='ocrx_word' id='word_1_680' title='bbox 1631 3171 1732 3240; x_wconf 87' lang='lat' dir='ltr'>hujus·</span> <span class='ocrx_word' id='word_1_681' title='bbox 1815 3198 1816 3202; x_wconf 40' lang='lat'>¹</span> 
     </span>
    </p>
   </div>
   <div class='ocr_carea' id='block_1_19' title="bbox 925 3255 1733 3852">
    <p class='ocr_par' dir='ltr' id='par_1_19' title="bbox 925 3255 1733 3852">
     <span class='ocr_line' id='line_1_89' title="bbox 928 3255 1731 3328; baseline 0.007 -21"><span class='ocrx_word' id='word_1_682' title='bbox 928 3255 1013 3321; x_wconf 87' lang='lat' dir='ltr'>modi,</span> <span class='ocrx_word' id='word_1_683' title='bbox 1037 3256 1089 3310; x_wconf 90' lang='lat' dir='ltr'>hoo</span> <span class='ocrx_word' id='word_1_684' title='bbox 1105 3256 1226 3324; x_wconf 86' lang='lat' dir='ltr'>prudens</span> <span class='ocrx_word' id='word_1_685' title='bbox 1241 3256 1337 3320; x_wconf 89' lang='lat' dir='ltr'>lector,</span> <span class='ocrx_word' id='word_1_686' title='bbox 1355 3265 1381 3311; x_wconf 92' lang='lat' dir='ltr'>et</span> <span class='ocrx_word' id='word_1_687' title='bbox 1403 3258 1449 3328; x_wconf 90' lang='lat' dir='ltr'>qni</span> <span class='ocrx_word' id='word_1_688' title='bbox 1469 3259 1543 3311; x_wconf 85' lang='lat' dir='ltr'>rudis</span> <span class='ocrx_word' id='word_1_689' title='bbox 1558 3274 1611 3313; x_wconf 91' lang='lat' dir='ltr'>nou</span> <span class='ocrx_word' id='word_1_690' title='bbox 1639 3258 1690 3313; x_wconf 91' lang='lat' dir='ltr'>erit</span> <span class='ocrx_word' id='word_1_691' title='bbox 1703 3260 1731 3313; x_wconf 90' lang='lat' dir='ltr'>in</span> 
     </span>
     <span class='ocr_line' id='line_1_90' title="bbox 926 3342 1732 3416; baseline 0.004 -19"><span class='ocrx_word' id='word_1_692' title='bbox 926 3342 1044 3397; x_wconf 91' lang='lat' dir='ltr'>lectione</span> <span class='ocrx_word' id='word_1_693' title='bbox 1068 3343 1161 3396; x_wconf 90' lang='lat' dir='ltr'>divina</span> <span class='ocrx_word' id='word_1_694' title='bbox 1176 3344 1272 3398; x_wconf 90' lang='lat' dir='ltr'>horum</span> <span class='ocrx_word' id='word_1_695' title='bbox 1295 3345 1439 3412; x_wconf 92' lang='lat' dir='ltr'>librorum,</span> <span class='ocrx_word' id='word_1_696' title='bbox 1455 3346 1604 3416; x_wconf 90' lang='lat' dir='ltr'>prudenter</span> <span class='ocrx_word' id='word_1_697' title='bbox 1623 3347 1732 3402; x_wconf 86' lang='lat' dir='ltr'>diacor-</span> 
     </span>
     <span class='ocr_line' id='line_1_91' title="bbox 925 3429 1729 3502; baseline 0.007 -20"><span class='ocrx_word' id='word_1_698' title='bbox 925 3437 980 3495; x_wconf 89' lang='lat' dir='ltr'>nat,</span> <span class='ocrx_word' id='word_1_699' title='bbox 1006 3445 1085 3501; x_wconf 90' lang='lat' dir='ltr'>quem</span> <span class='ocrx_word' id='word_1_700' title='bbox 1110 3429 1217 3501; x_wconf 79' lang='lat' dir='ltr'>singula</span> <span class='ocrx_word' id='word_1_701' title='bbox 1240 3431 1380 3501; x_wconf 90' lang='lat' dir='ltr'>requirant</span> <span class='ocrx_word' id='word_1_702' title='bbox 1400 3431 1589 3486; x_wconf 89' lang='lat' dir='ltr'>intellectum:</span> <span class='ocrx_word' id='word_1_703' title='bbox 1621 3433 1650 3487; x_wconf 93' lang='lat' dir='ltr'>in</span> <span class='ocrx_word' id='word_1_704' title='bbox 1675 3449 1729 3502; x_wconf 93' lang='lat' dir='ltr'>quo</span> 
     </span>
     <span class='ocr_line' id='line_1_92' title="bbox 925 3516 1733 3594; baseline 0.007 -24"><span class='ocrx_word' id='word_1_705' title='bbox 925 3519 989 3589; x_wconf 89' lang='lat' dir='ltr'>qnid</span> <span class='ocrx_word' id='word_1_706' title='bbox 1014 3516 1150 3588; x_wconf 82' lang='lat' dir='ltr'>agendum</span> <span class='ocrx_word' id='word_1_707' title='bbox 1175 3518 1323 3587; x_wconf 85' lang='lat' dir='ltr'>putaverit,</span> <span class='ocrx_word' id='word_1_708' title='bbox 1341 3518 1529 3574; x_wconf 80' lang='lat' dir='ltr'>indifferenter</span> <span class='ocrx_word' id='word_1_709' title='bbox 1541 3520 1641 3590; x_wconf 89' lang='lat' dir='ltr'>videat,</span> <span class='ocrx_word' id='word_1_710' title='bbox 1658 3537 1733 3594; x_wconf 84' lang='lat' dir='ltr'>que-</span> 
     </span>
     <span class='ocr_line' id='line_1_93' title="bbox 927 3605 1731 3679; baseline 0.007 -21"><span class='ocrx_word' id='word_1_711' title='bbox 927 3605 1008 3659; x_wconf 87' lang='lat' dir='ltr'>rnodo</span> <span class='ocrx_word' id='word_1_712' title='bbox 1026 3620 1056 3659; x_wconf 89' lang='lat' dir='ltr'>se</span> <span class='ocrx_word' id='word_1_713' title='bbox 1071 3605 1197 3673; x_wconf 84' lang='lat' dir='ltr'>expediat</span> <span class='ocrx_word' id='word_1_714' title='bbox 1211 3605 1245 3660; x_wconf 90' lang='lat' dir='ltr'>de</span> <span class='ocrx_word' id='word_1_715' title='bbox 1268 3607 1408 3660; x_wconf 88' lang='lat' dir='ltr'>sententiis</span> <span class='ocrx_word' id='word_1_716' title='bbox 1425 3608 1533 3661; x_wconf 85' lang='lat' dir='ltr'>Petrum</span> <span class='ocrx_word' id='word_1_717' title='bbox 1549 3624 1617 3679; x_wconf 88' lang='lat' dir='ltr'>quas</span> <span class='ocrx_word' id='word_1_718' title='bbox 1631 3609 1731 3679; x_wconf 86' lang='lat' dir='ltr'>subje-</span> 
     </span>
     <span class='ocr_line' id='line_1_94' title="bbox 925 3693 1730 3769; baseline 0.007 -22"><span class='ocrx_word' id='word_1_719' title='bbox 925 3695 1025 3761; x_wconf 91' lang='lat' dir='ltr'>cimus,</span> <span class='ocrx_word' id='word_1_720' title='bbox 1042 3693 1190 3763; x_wconf 87' lang='lat' dir='ltr'>multisquo</span> <span class='ocrx_word' id='word_1_721' title='bbox 1205 3694 1274 3759; x_wconf 90' lang='lat' dir='ltr'>aliis,</span> <span class='ocrx_word' id='word_1_722' title='bbox 1290 3710 1350 3762; x_wconf 82' lang='lat' dir='ltr'>qnae</span> <span class='ocrx_word' id='word_1_723' title='bbox 1365 3695 1391 3748; x_wconf 94' lang='lat' dir='ltr'>in</span> <span class='ocrx_word' id='word_1_724' title='bbox 1408 3695 1481 3750; x_wconf 92' lang='lat' dir='ltr'>hunc</span> <span class='ocrx_word' id='word_1_725' title='bbox 1496 3697 1609 3751; x_wconf 89' lang='lat' dir='ltr'>modum</span> <span class='ocrx_word' id='word_1_726' title='bbox 1624 3699 1730 3769; x_wconf 85' lang='lat' dir='ltr'>passim</span> 
     </span>
     <span class='ocr_line' id='line_1_95' title="bbox 925 3783 1539 3852; baseline 0.005 -17"><span class='ocrx_word' id='word_1_727' title='bbox 925 3799 972 3852; x_wconf 92' lang='lat' dir='ltr'>per</span> <span class='ocrx_word' id='word_1_728' title='bbox 987 3797 1083 3836; x_wconf 87' lang='lat' dir='ltr'>omnes</span> <span class='ocrx_word' id='word_1_729' title='bbox 1099 3796 1193 3836; x_wconf 82' lang='lat' dir='ltr'>earum</span> <span class='ocrx_word' id='word_1_730' title='bbox 1210 3789 1340 3836; x_wconf 88' lang='lat' dir='ltr'>tractatus</span> <span class='ocrx_word' id='word_1_731' title='bbox 1356 3783 1539 3839; x_wconf 88' lang='lat' dir='ltr'>inveniantur.</span> 
     </span>
    </p>
   </div>
   <div class='ocr_carea' id='block_1_20' title="bbox 924 3897 1728 4024">
    <p class='ocr_par' dir='ltr' id='par_1_20' title="bbox 924 3897 1728 4024">
     <span class='ocr_line' id='line_1_96' title="bbox 924 3897 1728 4022; baseline 0.007 -70"><span class='ocrx_word' id='word_1_732' title='bbox 924 3897 1044 3952; x_wconf 84' lang='lat' dir='ltr'>Diuersoe</span> <span class='ocrx_word' id='word_1_733' title='bbox 1058 3898 1210 3952; x_wconf 78' lang='lat' dir='ltr'>soritentioe</span> <span class='ocrx_word' id='word_1_734' title='bbox 1229 3901 1395 4022; x_wconf 62' lang='lat' dir='ltr'>³⁰B⁶¹⁰?&#39;¹⁴.m</span> <span class='ocrx_word' id='word_1_735' title='bbox 1417 3899 1535 3955; x_wconf 79' lang='lat' dir='ltr'>Petrum</span> <span class='ocrx_word' id='word_1_736' title='bbox 1552 3900 1585 3956; x_wconf 87' lang='lat' dir='ltr'>dc</span> <span class='ocrx_word' id='word_1_737' title='bbox 1612 3915 1728 3973; x_wconf 84' lang='lat' dir='ltr'>corpore</span> 
     </span>
     <span class='ocr_line' id='line_1_97' title="bbox 1278 3984 1382 4024; baseline 0 0"><span class='ocrx_word' id='word_1_738' title='bbox 1278 3984 1382 4024; x_wconf 77' lang='lat' dir='ltr'>nanim.</span> 
     </span>
    </p>
   </div>
   <div class='ocr_carea' id='block_1_21' title="bbox 921 4065 1726 5377">
    <p class='ocr_par' dir='ltr' id='par_1_21' title="bbox 921 4065 1726 5377">
     <span class='ocr_line' id='line_1_98' title="bbox 959 4065 1726 4138; baseline 0.009 -19"><span class='ocrx_word' id='word_1_739' title='bbox 959 4065 1153 4138; x_wconf 86' lang='lat' dir='ltr'>Augustinus:</span> <span class='ocrx_word' id='word_1_740' title='bbox 1180 4066 1300 4120; x_wconf 83' lang='lat' dir='ltr'>«Donec</span> <span class='ocrx_word' id='word_1_741' title='bbox 1323 4066 1452 4122; x_wconf 83' lang='lat' dir='ltr'>saeculum</span> <span class='ocrx_word' id='word_1_742' title='bbox 1478 4068 1599 4137; x_wconf 81' lang='lat' dir='ltr'>finiatur,</span> <span class='ocrx_word' id='word_1_743' title='bbox 1616 4087 1726 4126; x_wconf 89' lang='lat' dir='ltr'>sursum</span> 
     </span>
     <span class='ocr_line' id='line_1_99' title="bbox 925 4154 1726 4216; baseline 0.007 -6"><span class='ocrx_word' id='word_1_744' title='bbox 925 4163 964 4210; x_wconf 88' lang='lat' dir='ltr'>est</span> <span class='ocrx_word' id='word_1_745' title='bbox 980 4155 1112 4210; x_wconf 88' lang='lat' dir='ltr'>Dominus</span> <span class='ocrx_word' id='word_1_746' title='bbox 1125 4172 1131 4215; x_wconf 89' lang='lat'>;</span> <span class='ocrx_word' id='word_1_747' title='bbox 1144 4154 1192 4209; x_wconf 90' lang='lat' dir='ltr'>sed</span> <span class='ocrx_word' id='word_1_748' title='bbox 1209 4163 1297 4209; x_wconf 88' lang='lat' dir='ltr'>tamen</span> <span class='ocrx_word' id='word_1_749' title='bbox 1314 4162 1339 4210; x_wconf 91' lang='lat' dir='ltr'>et</span> <span class='ocrx_word' id='word_1_750' title='bbox 1354 4156 1398 4210; x_wconf 92' lang='lat' dir='ltr'>hic</span> <span class='ocrx_word' id='word_1_751' title='bbox 1412 4156 1554 4212; x_wconf 90' lang='lat' dir='ltr'>nobiscnm</span> <span class='ocrx_word' id='word_1_752' title='bbox 1569 4167 1611 4213; x_wconf 93' lang='lat' dir='ltr'>est</span> <span class='ocrx_word' id='word_1_753' title='bbox 1625 4161 1726 4216; x_wconf 86' lang='lat' dir='ltr'>veritas</span> 
     </span>
     <span class='ocr_line' id='line_1_100' title="bbox 921 4244 1725 4316; baseline 0.005 -17"><span class='ocrx_word' id='word_1_754' title='bbox 921 4244 1062 4299; x_wconf 90' lang='lat' dir='ltr'>Dominus.</span> <span class='ocrx_word' id='word_1_755' title='bbox 1078 4246 1183 4313; x_wconf 90' lang='lat' dir='ltr'>Corpus</span> <span class='ocrx_word' id='word_1_756' title='bbox 1200 4244 1274 4298; x_wconf 91' lang='lat' dir='ltr'>enim</span> <span class='ocrx_word' id='word_1_757' title='bbox 1290 4244 1401 4299; x_wconf 88' lang='lat' dir='ltr'>Domini</span> <span class='ocrx_word' id='word_1_758' title='bbox 1413 4245 1441 4298; x_wconf 91' lang='lat' dir='ltr'>in</span> <span class='ocrx_word' id='word_1_759' title='bbox 1457 4261 1510 4316; x_wconf 91' lang='lat' dir='ltr'>qno</span> <span class='ocrx_word' id='word_1_760' title='bbox 1518 4249 1678 4314; x_wconf 85' lang='lat' dir='ltr'>resurrexit,</span> <span class='ocrx_word' id='word_1_761' title='bbox 1698 4248 1725 4303; x_wconf 93' lang='lat' dir='ltr'>iu</span> 
     </span>
     <span class='ocr_line' id='line_1_101' title="bbox 921 4331 1722 4406; baseline 0.005 -19"><span class='ocrx_word' id='word_1_762' title='bbox 921 4348 975 4387; x_wconf 92' lang='lat' dir='ltr'>uno</span> <span class='ocrx_word' id='word_1_763' title='bbox 996 4332 1058 4387; x_wconf 91' lang='lat' dir='ltr'>loco</span> <span class='ocrx_word' id='word_1_764' title='bbox 1073 4348 1134 4386; x_wconf 88' lang='lat' dir='ltr'>esse</span> <span class='ocrx_word' id='word_1_765' title='bbox 1149 4331 1301 4402; x_wconf 87' lang='lat' dir='ltr'>oportebat,</span> <span class='ocrx_word' id='word_1_766' title='bbox 1318 4333 1418 4388; x_wconf 88' lang='lat' dir='ltr'>veritas</span> <span class='ocrx_word' id='word_1_767' title='bbox 1434 4341 1525 4388; x_wconf 89' lang='lat' dir='ltr'>autem</span> <span class='ocrx_word' id='word_1_768' title='bbox 1541 4335 1604 4403; x_wconf 88' lang='lat' dir='ltr'>ejus</span> <span class='ocrx_word' id='word_1_769' title='bbox 1619 4336 1722 4406; x_wconf 90' lang='lat' dir='ltr'>uhiqne</span> 
     </span>
     <span class='ocr_line' id='line_1_102' title="bbox 995 4418 1721 4493; baseline 0.006 -19"><span class='ocrx_word' id='word_1_770' title='bbox 995 4419 1080 4474; x_wconf 83' lang='lat' dir='ltr'>ifsnsa.</span> <span class='ocrx_word' id='word_1_771' title='bbox 1100 4441 1111 4469; x_wconf 74' lang='lat' dir='ltr'>n</span> <span class='ocrx_word' id='word_1_772' title='bbox 1134 4418 1295 4475; x_wconf 79' lang='lat' dir='ltr'>hnibrosins</span> <span class='ocrx_word' id='word_1_773' title='bbox 1316 4421 1343 4475; x_wconf 93' lang='lat' dir='ltr'>in</span> <span class='ocrx_word' id='word_1_774' title='bbox 1359 4420 1503 4492; x_wconf 87' lang='lat' dir='ltr'>epistolam</span> <span class='ocrx_word' id='word_1_775' title='bbox 1521 4421 1558 4477; x_wconf 89' lang='lat' dir='ltr'>ad</span> <span class='ocrx_word' id='word_1_776' title='bbox 1572 4423 1721 4493; x_wconf 80' lang='lat' dir='ltr'>llebraeos;</span> 
     </span>
     <span class='ocr_line' id='line_1_103' title="bbox 923 4508 1721 4580; baseline 0.011 -22"><span class='ocrx_word' id='word_1_777' title='bbox 923 4531 934 4558; x_wconf 73' lang='lat' dir='ltr'>a</span> <span class='ocrx_word' id='word_1_778' title='bbox 952 4511 1027 4565; x_wconf 82' lang='lat' dir='ltr'>Unus</span> <span class='ocrx_word' id='word_1_779' title='bbox 1048 4508 1147 4579; x_wconf 87' lang='lat' dir='ltr'>ubique</span> <span class='ocrx_word' id='word_1_780' title='bbox 1161 4516 1202 4562; x_wconf 91' lang='lat' dir='ltr'>est</span> <span class='ocrx_word' id='word_1_781' title='bbox 1224 4511 1356 4577; x_wconf 88' lang='lat' dir='ltr'>Christus,</span> <span class='ocrx_word' id='word_1_782' title='bbox 1373 4519 1399 4564; x_wconf 93' lang='lat' dir='ltr'>et</span> <span class='ocrx_word' id='word_1_783' title='bbox 1413 4510 1456 4564; x_wconf 91' lang='lat' dir='ltr'>hic</span> <span class='ocrx_word' id='word_1_784' title='bbox 1480 4510 1575 4580; x_wconf 90' lang='lat' dir='ltr'>plenus</span> <span class='ocrx_word' id='word_1_785' title='bbox 1590 4512 1721 4578; x_wconf 80' lang='lat' dir='ltr'>existens,</span> 
     </span>
     <span class='ocr_line' id='line_1_104' title="bbox 921 4596 1722 4670; baseline 0 -16"><span class='ocrx_word' id='word_1_786' title='bbox 921 4607 947 4654; x_wconf 88' lang='lat' dir='ltr'>ct</span> <span class='ocrx_word' id='word_1_787' title='bbox 961 4598 1014 4653; x_wconf 82' lang='lat' dir='ltr'>illie</span> <span class='ocrx_word' id='word_1_788' title='bbox 1029 4597 1139 4668; x_wconf 89' lang='lat' dir='ltr'>plenus:</span> <span class='ocrx_word' id='word_1_789' title='bbox 1153 4598 1221 4652; x_wconf 88' lang='lat' dir='ltr'>sicut</span> <span class='ocrx_word' id='word_1_790' title='bbox 1233 4598 1304 4652; x_wconf 90' lang='lat' dir='ltr'>enim</span> <span class='ocrx_word' id='word_1_791' title='bbox 1315 4598 1388 4668; x_wconf 92' lang='lat' dir='ltr'>quod</span> <span class='ocrx_word' id='word_1_792' title='bbox 1401 4599 1500 4670; x_wconf 90' lang='lat' dir='ltr'>ubique</span> <span class='ocrx_word' id='word_1_793' title='bbox 1514 4596 1628 4653; x_wconf 89' lang='lat' dir='ltr'>offertur</span> <span class='ocrx_word' id='word_1_794' title='bbox 1638 4616 1722 4654; x_wconf 90' lang='lat' dir='ltr'>unum</span> 
     </span>
     <span class='ocr_line' id='line_1_105' title="bbox 921 4686 1722 4757; baseline 0.001 -15"><span class='ocrx_word' id='word_1_795' title='bbox 921 4703 1019 4757; x_wconf 84' lang='lat' dir='ltr'>corpus</span> <span class='ocrx_word' id='word_1_796' title='bbox 1034 4695 1084 4749; x_wconf 90' lang='lat' dir='ltr'>est,</span> <span class='ocrx_word' id='word_1_797' title='bbox 1095 4694 1121 4741; x_wconf 91' lang='lat' dir='ltr'>et</span> <span class='ocrx_word' id='word_1_798' title='bbox 1135 4702 1191 4739; x_wconf 92' lang='lat' dir='ltr'>non</span> <span class='ocrx_word' id='word_1_799' title='bbox 1207 4686 1288 4739; x_wconf 89' lang='lat' dir='ltr'>multa</span> <span class='ocrx_word' id='word_1_800' title='bbox 1303 4702 1430 4755; x_wconf 89' lang='lat' dir='ltr'>corpora,</span> <span class='ocrx_word' id='word_1_801' title='bbox 1447 4688 1486 4740; x_wconf 90' lang='lat' dir='ltr'>ita</span> <span class='ocrx_word' id='word_1_802' title='bbox 1501 4693 1528 4741; x_wconf 91' lang='lat' dir='ltr'>et</span> <span class='ocrx_word' id='word_1_803' title='bbox 1544 4703 1625 4742; x_wconf 88' lang='lat' dir='ltr'>nuum</span> <span class='ocrx_word' id='word_1_804' title='bbox 1642 4689 1722 4743; x_wconf 88' lang='lat' dir='ltr'>sacri-</span> 
     </span>
     <span class='ocr_line' id='line_1_106' title="bbox 922 4773 1720 4845; baseline 0.004 -17"><span class='ocrx_word' id='word_1_805' title='bbox 922 4776 1025 4829; x_wconf 84' lang='lat' dir='ltr'>ficium.</span> <span class='ocrx_word' id='word_1_806' title='bbox 1047 4795 1058 4823; x_wconf 77' lang='lat' dir='ltr'>n</span> <span class='ocrx_word' id='word_1_807' title='bbox 1084 4778 1198 4845; x_wconf 76' lang='lat' dir='ltr'>August.</span> <span class='ocrx_word' id='word_1_808' title='bbox 1221 4773 1260 4827; x_wconf 86' lang='lat' dir='ltr'>Dc</span> <span class='ocrx_word' id='word_1_809' title='bbox 1283 4773 1408 4827; x_wconf 88' lang='lat' dir='ltr'>doctriua</span> <span class='ocrx_word' id='word_1_810' title='bbox 1426 4774 1605 4830; x_wconf 85' lang='lat' dir='ltr'>Christiana:</span> <span class='ocrx_word' id='word_1_811' title='bbox 1634 4777 1720 4832; x_wconf 80' lang='lat' dir='ltr'>«Nisi</span> 
     </span>
     <span class='ocr_line' id='line_1_107' title="bbox 923 4861 1720 4937; baseline 0.004 -19"><span class='ocrx_word' id='word_1_812' title='bbox 923 4863 1150 4919; x_wconf 85' lang='lat' dir='ltr'>manducaveritis</span> <span class='ocrx_word' id='word_1_813' title='bbox 1177 4877 1285 4916; x_wconf 90' lang='lat' dir='ltr'>carnem</span> <span class='ocrx_word' id='word_1_814' title='bbox 1308 4861 1369 4915; x_wconf 81' lang='lat' dir='ltr'>Filii</span> <span class='ocrx_word' id='word_1_815' title='bbox 1393 4862 1518 4929; x_wconf 89' lang='lat' dir='ltr'>hominis,</span> <span class='ocrx_word' id='word_1_816' title='bbox 1536 4873 1588 4918; x_wconf 90' lang='lat' dir='ltr'>etc.</span> <span class='ocrx_word' id='word_1_817' title='bbox 1616 4865 1720 4937; x_wconf 84' lang='lat' dir='ltr'>Figura</span> 
     </span>
     <span class='ocr_line' id='line_1_108' title="bbox 923 4950 1719 5022; baseline 0.004 -14"><span class='ocrx_word' id='word_1_818' title='bbox 923 4962 974 5010; x_wconf 82' lang='lat' dir='ltr'>est.</span> <span class='ocrx_word' id='word_1_819' title='bbox 992 4951 1153 5022; x_wconf 76' lang='lat' dir='ltr'>praecipiens</span> <span class='ocrx_word' id='word_1_820' title='bbox 1168 4950 1286 5018; x_wconf 89' lang='lat' dir='ltr'>passioni</span> <span class='ocrx_word' id='word_1_821' title='bbox 1306 4950 1415 5004; x_wconf 88' lang='lat' dir='ltr'>Domini</span> <span class='ocrx_word' id='word_1_822' title='bbox 1432 4967 1491 5006; x_wconf 90' lang='lat' dir='ltr'>esse</span> <span class='ocrx_word' id='word_1_823' title='bbox 1516 4955 1719 5010; x_wconf 90' lang='lat' dir='ltr'>communican-</span> 
     </span>
     <span class='ocr_line' id='line_1_109' title="bbox 923 5039 1720 5109; baseline 0.009 -16"><span class='ocrx_word' id='word_1_824' title='bbox 923 5041 997 5105; x_wconf 89' lang='lat' dir='ltr'>dum,</span> <span class='ocrx_word' id='word_1_825' title='bbox 1012 5048 1039 5094; x_wconf 93' lang='lat' dir='ltr'>et</span> <span class='ocrx_word' id='word_1_826' title='bbox 1059 5039 1179 5093; x_wconf 86' lang='lat' dir='ltr'>suaviter</span> <span class='ocrx_word' id='word_1_827' title='bbox 1193 5047 1275 5109; x_wconf 87' lang='lat' dir='ltr'>etque</span> <span class='ocrx_word' id='word_1_828' title='bbox 1290 5040 1389 5094; x_wconf 90' lang='lat' dir='ltr'>otihter</span> <span class='ocrx_word' id='word_1_829' title='bbox 1402 5039 1604 5096; x_wconf 88' lang='lat' dir='ltr'>recondendum</span> <span class='ocrx_word' id='word_1_830' title='bbox 1621 5042 1646 5096; x_wconf 92' lang='lat' dir='ltr'>in</span> <span class='ocrx_word' id='word_1_831' title='bbox 1662 5060 1720 5100; x_wconf 90' lang='lat' dir='ltr'>me-</span> 
     </span>
     <span class='ocr_line' id='line_1_110' title="bbox 923 5127 1720 5197; baseline 0.006 -14"><span class='ocrx_word' id='word_1_832' title='bbox 923 5130 1019 5194; x_wconf 90' lang='lat' dir='ltr'>moria,</span> <span class='ocrx_word' id='word_1_833' title='bbox 1037 5127 1109 5197; x_wconf 73' lang='lat' dir='ltr'>(ruod</span> <span class='ocrx_word' id='word_1_834' title='bbox 1137 5143 1185 5197; x_wconf 90' lang='lat' dir='ltr'>pro</span> <span class='ocrx_word' id='word_1_835' title='bbox 1212 5127 1291 5182; x_wconf 87' lang='lat' dir='ltr'>nobis</span> <span class='ocrx_word' id='word_1_836' title='bbox 1315 5143 1380 5182; x_wconf 90' lang='lat' dir='ltr'>cavo</span> <span class='ocrx_word' id='word_1_837' title='bbox 1409 5128 1466 5196; x_wconf 85' lang='lat' dir='ltr'>ejus</span> <span class='ocrx_word' id='word_1_838' title='bbox 1489 5128 1616 5185; x_wconf 80' lang='lat' dir='ltr'>crucifixa</span> <span class='ocrx_word' id='word_1_839' title='bbox 1642 5132 1677 5185; x_wconf 85' lang='lat' dir='ltr'>sit</span> <span class='ocrx_word' id='word_1_840' title='bbox 1693 5140 1720 5188; x_wconf 89' lang='lat' dir='ltr'>et</span> 
     </span>
     <span class='ocr_line' id='line_1_111' title="bbox 925 5216 1719 5288; baseline -0.001 -16"><span class='ocrx_word' id='word_1_841' title='bbox 925 5218 1043 5288; x_wconf 86' lang='lat' dir='ltr'>sepulta.</span> <span class='ocrx_word' id='word_1_842' title='bbox 1066 5240 1077 5263; x_wconf 81' lang='lat' dir='ltr'>n</span> <span class='ocrx_word' id='word_1_843' title='bbox 1095 5217 1220 5281; x_wconf 89' lang='lat' dir='ltr'>ltem,De</span> <span class='ocrx_word' id='word_1_844' title='bbox 1235 5216 1343 5271; x_wconf 89' lang='lat' dir='ltr'>civitate</span> <span class='ocrx_word' id='word_1_845' title='bbox 1356 5216 1403 5270; x_wconf 90' lang='lat' dir='ltr'>Dei</span> <span class='ocrx_word' id='word_1_846' title='bbox 1419 5218 1595 5272; x_wconf 70' lang='lat' dir='ltr'>:uNonsnnt</span> <span class='ocrx_word' id='word_1_847' title='bbox 1611 5217 1719 5273; x_wconf 89' lang='lat' dir='ltr'>dicendi</span> 
     </span>
     <span class='ocr_line' id='line_1_112' title="bbox 924 5303 1721 5377; baseline 0 -16"><span class='ocrx_word' id='word_1_848' title='bbox 924 5306 1092 5362; x_wconf 89' lang='lat' dir='ltr'>munducare</span> <span class='ocrx_word' id='word_1_849' title='bbox 1108 5320 1206 5377; x_wconf 90' lang='lat' dir='ltr'>corpus</span> <span class='ocrx_word' id='word_1_850' title='bbox 1221 5303 1333 5372; x_wconf 89' lang='lat' dir='ltr'>Christi,</span> <span class='ocrx_word' id='word_1_851' title='bbox 1344 5303 1389 5375; x_wconf 91' lang='lat' dir='ltr'>qui</span> <span class='ocrx_word' id='word_1_852' title='bbox 1402 5318 1456 5360; x_wconf 93' lang='lat' dir='ltr'>uon</span> <span class='ocrx_word' id='word_1_853' title='bbox 1466 5303 1493 5359; x_wconf 91' lang='lat' dir='ltr'>in</span> <span class='ocrx_word' id='word_1_854' title='bbox 1506 5305 1636 5362; x_wconf 91' lang='lat' dir='ltr'>membris</span> <span class='ocrx_word' id='word_1_855' title='bbox 1646 5321 1721 5365; x_wconf 92' lang='lat' dir='ltr'>cum·</span> 
     </span>
    </p>
   </div>
   <div class='ocr_carea' id='block_1_22' title="bbox 0 0 1879 6000">
    <p class='ocr_par' dir='ltr' id='par_1_22' title="bbox 0 0 1879 6000">
     <span class='ocr_line' id='line_1_113' title="bbox 0 0 1879 6000; baseline 0 0"><span class='ocrx_word' id='word_1_856' title='bbox 0 0 1879 6000; x_wconf 95' lang='lat' dir='ltr'> </span> 
     </span>
    </p>
   </div>
  </div>
 </body>
</html>
