3728 6000
125 234 180 290 als
661 235 869 294 btsrttrtrro
887 234 971 292 ADV.
995 232 1228 290 tsAEtnnbun.
1721 237 1774 294 ttt

124 356 246 425 babenti,
274 359 345 415 sicut
371 359 446 417 idem
471 361 536 417 dicit
560 361 704 432 Propheta,
729 367 858 416 erectum
882 365 922 414 εει
936 357 963 419 Α
979 365 1004 412 ει
1016 358 1101 413 iratus
1115 365 1156 413 est
1170 356 1195 412 ei
1209 356 1291 425 Deus,
1309 364 1335 412 et
1359 356 1437 412 lacte
1458 364 1522 411 sunt
1535 356 1686 414 inimicitie
1703 357 1774 414 inter
1833 440 1839 447 .

124 446 242 501 verbum
257 447 408 515 Domini,et
421 450 512 506 omnia
521 466 607 522 opera
620 450 680 519 ejus
694 450 782 519 (Prot.
793 449 876 518 xrxn)
888 464 895 503 :
907 469 919 496 r
975 447 1064 502 Deum
1075 453 1104 504 ει
1113 445 1313 501 ιιοιιιίιιειῐι.1ιε
1328 446 1379 501 Dei
1395 461 1456 502 oum
1468 445 1662 518 tranquillitate
1676 448 1772 504 omnia

125 533 203 589 nulla
218 535 246 589 in
259 552 292 591 ea
307 538 427 608 questio,
443 538 519 594 nulla
534 538 676 607 hesitatio,
693 538 741 594 sed
756 539 849 593 lruens
865 545 922 592 tan·
972 535 1119 605 judicantis
1139 535 1213 604 justa
1228 534 1346 591 vindicta
1361 534 1411 588 luit
1424 534 1528 604 pcccati
1544 535 1662 590 immissa
1673 551 1770 607 pecca·

123 629 181 676 tum
196 622 321 680 affectus.
330 625 425 681 Procul
438 627 599 682 scandalum
614 626 712 692 crucis,
720 627 779 681 sola
794 627 819 681 ei
833 625 922 697 gloria
973 624 1043 691 tori;
1061 624 1208 679 inimicitie
1223 622 1250 677 in
1260 624 1348 677 Deum
1358 633 1384 676 et
1393 623 1531 677 hominem
1543 639 1598 678 non
1609 623 1671 679 alie
1686 640 1769 697 quam
1845 678 1851 685 .

121 710 153 764 in
163 726 244 767 cruce
258 713 366 769 Domini
382 717 466 770 nostri
480 717 543 770 lesu
558 715 667 782 Christi,
686 738 697 763 r
716 715 761 784 qui
776 715 864 770 lactus
879 722 921 769 εει
974 729 1036 784 que
1051 728 1114 769 esse
1129 712 1217 768 solent
1231 711 1300 766 inter
1311 711 1442 780 justitiam
1458 719 1485 764 et
1496 721 1650 782 peceatum.

119 799 245 867 nobis,·
271 790 341 858 sicut
356 802 500 872 Apostolus
515 804 589 870 dicit,
615 803 744 873 ·justitia
769 819 785 857 a
808 804 878 872 Deo,
894 810 921 857 ει
1010 801 1076 855 Cum
1092 808 1183 855 autem
1204 799 1278 855 venit
1293 807 1399 870 tempus
1422 799 1580 867 miserendi,
1596 800 1629 854 ad
1654 801 1768 859 salvan·

119 887 310 956 sanctificatio,
328 899 355 945 et
368 891 528 963 redemptio,
545 898 584 958 ut,
601 893 827 963 quemadmodum
848 892 919 948 scri·
973 888 1038 943 dum
1054 890 1182 944 mundum
1197 888 1270 943 misit
1283 888 1355 943 Deus
1369 887 1468 943 Filium
1483 906 1571 956 suurn,
1588 888 1693 946 iaciens
1707 907 1770 947 eum

120 984 199 1046 ptum
210 984 262 1043 est,
276 999 288 1029 r
302 976 353 1046 Qui
364 978 507 1050 gloriatur,
521 981 547 1035 in
558 981 674 1036 Domino
682 981 813 1053 glorietur
823 982 849 1053 (l
858 982 919 1037 Cor.
972 977 1110 1033 hominem
1134 985 1244 1048 propiet·
1259 976 1420 1033 saltandum
1436 978 1582 1033 hOfflissem·
1601 977 1689 1047 Quem
1704 994 1767 1035 ⁰⁰¹1!

120 1065 156 1133 r).
179 1086 191 1115 ι
219 1067 284 1136 lpse
314 1067 450 1141 intelligit,
480 1086 541 1140 que
569 1070 603 1125 sit
627 1071 919 1142 justitialnseuguine
973 1065 1140 1122 Salvatorom
1164 1064 1257 1121 mundi
1281 1066 1513 1137 predestinasset,
1530 1067 1665 1138 prescivit
1686 1067 1768 1124 etiam

122 1153 233 1220 Christi,
264 1172 325 1226 que
352 1156 470 1212 hominis
496 1157 530 1212 ed
559 1159 645 1213 Deum
676 1159 874 1225 reconciliatio,
892 1160 919 1213 in
972 1155 1208 1224 quodinmundo
1232 1154 1407 1221 occideretur,
1424 1163 1450 1210 et
1474 1155 1768 1229 praedestinavitque
1849 1181 1851 1185 ·

118 1244 291 1310 quantumin
306 1245 438 1301 charitats
451 1246 572 1302 crucilixi
588 1246 675 1302 homo
689 1247 734 1302 ille
749 1264 819 1303 unns
834 1247 919 1303 effici·
971 1242 1005 1297 de
1018 1243 1079 1314 ipsa
1100 1251 1185 1297 morte
1200 1243 1260 1311 ejus
1283 1250 1420 1316 ageretur,
1436 1242 1540 1299 soilioel
1560 1242 1634 1299 ⁸³¹¹ss
1655 1244 1763 1300 mundi·

118 1336 165 1384 tur
185 1331 296 1400 spiritus
318 1350 379 1388 cum
404 1336 472 1391 Deo.
500 1336 564 1392 lieo
587 1336 748 1406 sapientiam
769 1337 872 1391 babens
890 1335 917 1390 in
970 1331 1093 1386 Etenim
1108 1347 1171 1386 curn
1187 1332 1587 1402 peccatiauctorpecoatumei
1602 1332 1768 1403 persuadere

117 1420 251 1488 mysterio
266 1421 462 1489 absconditam,
479 1432 508 1479 ut
529 1424 705 1480 menifestum
729 1425 764 1479 sit
777 1425 916 1489 omnibus,
970 1434 1024 1475 non
1052 1426 1154 1490 posset,
1172 1419 1271 1476 occidit
1292 1437 1354 1475 eurn
1383 1429 1484 1493 quanto
1507 1422 1595 1491 potuit
1617 1421 1767 1490 crudelius,

117 1508 251 1576 quoniam
266 1525 311 1566 res
325 1511 374 1567 Dei
389 1520 440 1580 est,
457 1529 511 1568 non
526 1521 569 1568 est
583 1513 609 1568 in
623 1513 849 1583 persuasibilibus
862 1512 915 1567 bu·
968 1523 1076 1579 poenam
1092 1507 1198 1579 peccati
1214 1508 1342 1582 inlligens
1356 1523 1411 1565 non
1425 1509 1572 1580 peccatori.
1584 1511 1619 1565 Et
1632 1510 1766 1567 Dominus

116 1610 208 1652 mane
222 1598 362 1669 sapientie
374 1600 472 1667 verbis,
488 1601 537 1657 sed
552 1601 580 1656 in
595 1602 753 1657 ostensione
766 1602 878 1673 spiritus
890 1609 917 1657 et
969 1596 1017 1668 qui
1032 1604 1148 1667 polemi,
1162 1596 1185 1650 Si
1199 1597 1290 1663 vellet,
1307 1613 1361 1653 ¹¹⁰ss
1378 1598 1455 1663 ιιίῡιῑ,
1472 1597 1534 1667 quia
1545 1613 1599 1654 ¹10n
1614 1600 1696 1655 h0m⁰
1706 1607 1767 1655 ltu·

115 1684 234 1751 virtutis,
251 1695 279 1741 ut
302 1702 356 1742 non
386 1689 421 1743 sit
448 1690 477 1743 in
504 1690 637 1760 sapientia
659 1690 810 1758 hominum,
823 1690 872 1745 sed
888 1689 915 1744 ln
929 1712 956 1772 Β
970 1692 1037 1750 tum,
1055 1684 1103 1739 sed
1119 1692 1145 1740 θῐ
1159 1684 1232 1740 Deus
1242 1692 1309 1755 em,
1321 1692 1347 1741 θῑ
1359 1685 1394 1741 ab
1409 1686 1482 1742 Omni
1493 1686 1690 1742 “mittissimus
1702 1703 1767 1758 90⁰·

114 1773 216 1829 virtute
242 1775 302 1830 Dei.
319 1777 426 1832 Veritus
454 1784 504 1842 est,
535 1779 581 1833 lux
610 1785 660 1844 est,
689 1779 817 1834 tenebras
844 1778 913 1847 odit,
969 1781 1038 1840 ceto,
1055 1789 1143 1845 poene
1166 1774 1284 1843 peccari,
1300 1775 1352 1830 hoc
1372 1781 1423 1842 est,
1448 1775 1529 1830 morti
1548 1775 1615 1830 nihil
1636 1775 1765 1846 debebat,

114 1869 218 1932 sponte
225 1863 299 1918 venit
309 1863 344 1920 ad
359 1864 509 1921 lucem.Nil
523 1874 705 1937 propteream
716 1866 912 1934 simulandum,
967 1869 1064 1929 sponte
1080 1861 1202 1933 suscepit
1213 1869 1339 1930 mortem,
1355 1878 1437 1933 quam
1450 1863 1585 1920 violenter
1598 1880 1629 1920 se
1643 1865 1767 1922 intulisse

114 1950 154 2005 nil
168 1951 197 2004 in
213 1966 246 2007 ea
260 1952 490 2009 dissimulandum
501 1962 551 2009 εει.
559 1955 598 2010 De
610 1970 693 2025 prope
705 1955 822 2025 spectari
831 1962 913 2024 amat,
967 1949 1115 2005 arbitratus
1139 1957 1178 2005 est
1199 1950 1336 2017 inimicus,
1351 1958 1379 2006 et
1399 1951 1539 2008 transtulit
1553 1952 1582 2006 in
1605 1968 1635 2008 se
1657 1968 1768 2025 poenam

113 2039 228 2110 propius
247 2056 308 2095 earn
324 2050 428 2112 spectat
450 2043 513 2113 quid
537 2042 630 2114 purius
647 2052 731 2099 amat.
746 2044 800 2099 llas
815 2044 915 2115 quippe
966 2038 1089 2093 omniurn
1104 2046 1276 2109 peccatorum
1293 2039 1319 2093 in
1332 2038 1395 2110 ipso
1408 2039 1584 2109 spiritualiter
1597 2056 1767 2112 regeneran-

112 2127 166 2182 Dei
180 2136 232 2196 est,
248 2129 324 2198 qu'us
339 2130 478 2201 proprium
501 2147 560 2186 esse
575 2131 669 2197 amari,
685 2132 712 2186 in
728 2133 779 2189 hoc
794 2133 913 2189 maxime
967 2125 1263 2194 d⁰r1¹¹sssssi⁰¹1ldd³m
1283 2134 1444 2199 Fesscflleffl
1467 2127 1495 2182 5⁰
1509 2143 1620 2199 poenam
1640 2130 1767 2186 munium

111 2215 293 2287 dignoscitur,
300 2219 373 2290 quod
389 2219 521 2290 quidquid
536 2219 570 2275 de
584 2235 617 2275 ρο
632 2228 780 2287 est‚am0p0
794 2222 914 2277 maxime
966 2213 1000 2268 de
1015 2214 1074 2285 ipso
1095 2214 1243 2270 carnaliter
1261 2215 1490 2287 generdtldorllm.
1507 2216 1718 2291 Transsudliqlld
1738 2217 1767 2275 in
1840 2263 1841 2267 ,

111 2304 285 2376 intelligitur.
302 2306 492 2363 Reconciliatio
508 2324 573 2364 vero
597 2309 718 2381 magistri
744 2310 816 2365 Petri
831 2325 913 2382 qnam
966 2316 1075 2357 omnem
1092 2303 1250 2359 Christiane
1266 2301 1328 2360 fidei
1343 2304 1531 2376 posteritatem
1546 2304 1709 2377 originalem
1719 2307 1768 2377 ju·

110 2391 192 2465 fingit
215 2395 243 2448 in
259 2396 327 2463 Deo,
343 2396 498 2467 etimp0nit
513 2397 602 2462 nobis,¹
618 2398 712 2469 procul
734 2397 826 2454 fiatab
842 2400 911 2470 ipso,
964 2391 1064 2446 stillam
1079 2407 1130 2462 per
1152 2401 1360 2464 regenerantem
1380 2393 1508 2465 gratiam,
1523 2393 1592 2449 sicui
1613 2394 1642 2450 in
1657 2410 1768 2451 Omnem

110 2481 185 2536 siout
198 2482 293 2553 procul
307 2487 350 2538 est
369 2484 499 2554 arnobi„
525 2489 653 2557 tanquam
669 2487 787 2542 hominis
810 2487 870 2542 ipati
886 2496 913 2544 et
965 2479 1149 2550 posteritatem
1165 2480 1258 2535 carnis
1271 2482 1374 2552 peccati
1390 2480 1482 2537 Adam
1504 2481 1688 2538 transfuderat
1701 2480 1767 2539 infi-

108 2569 375 2640 implacabilis,uisi
390 2582 567 2644 permanen
583 2575 736 2631 innocentis
752 2576 822 2645 Filii,
838 2593 911 2646 curn,
965 2568 1081 2624 cientem
1097 2568 1189 2623 tabem
1200 2569 1456 2642 originalispeccati
1469 2586 1517 2640 per
1531 2569 1767 2644 carnalempene·

108 2657 182 2714 sicut
205 2660 265 2730 ipse
288 2660 361 2727 dicit,
378 2662 467 2733 magis
490 2661 614 2718 debuerit
642 2663 721 2719 irasci
743 2681 794 2735 pro
823 2674 912 2721 morte
965 2658 1154 2725 retrahemus
1178 2658 1301 2714 virerent
1315 2657 1526 2726 alienajustitia
1540 2657 1587 2714 lilii
1602 2658 1709 2732 gratie,
1726 2659 1767 2716 si-

106 2747 211 2814 injusta
230 2748 385 2805 innocentis
402 2750 463 2805 Filii
480 2751 521 2805 sui
549 2767 628 2821 quam
652 2767 703 2823 pro
724 2760 805 2823 gustu
827 2753 911 2809 unius
963 2752 1008 2800 cul
1029 2744 1119 2800 alieno
1134 2745 1318 2801 moriebamur
1342 2754 1453 2817 peccato
1481 2745 1529 2802 filli
1543 2747 1601 2804 irae.
1627 2748 1725 2820 Slcqtle
1739 2749 1767 2805 ln

106 2836 194 2906 pomi,
218 2836 273 2892 Sed
292 2839 373 2906 Deus,
388 2839 416 2894 in
439 2855 492 2912 quo
517 2855 570 2895 non
596 2848 638 2895 est
658 2840 840 2913 iniqui1357in
857 2858 911 2914 quo
963 2849 1049 2906 regno
1069 2833 1183 2902 jusilllae
1206 2834 1307 2890 malum
1331 2849 1385 2890 noll
1415 2836 1545 2891 remansit
1571 2836 1765 2907 inordinatum,

107 2939 164 2979 non
179 2931 231 2993 est,
247 2933 288 2981 est
302 2933 329 2981 et
343 2942 407 2991 non,
428 2929 477 2982 sed
492 2937 532 2983 est
554 2930 583 2982 in
597 2929 644 2983 illo
659 2937 710 2994 est,
728 2929 773 3000 qui
799 2928 860 2986 iecit
874 2930 910 2985 ab
962 2937 1024 2976 cum
1040 2921 1067 2976 in
1082 2938 1115 2978 ιθ
1131 2922 1177 2993 qui
1192 2939 1245 2994 pto
1256 2923 1447 2994 ιιθθιιῑθιὶὒῦὃ
1461 2932 1585 2981 mortuus
1598 2934 1647 2993 est,
1659 2924 1766 2984 nullum

105 3021 214 3069 aetemo
228 3023 324 3070 cuncta
338 3032 400 3087 quae
424 3017 519 3071 sutum
542 3024 614 3081 sunt,
630 3026 656 3072 et
677 3017 807 3090 quidquid
821 3018 856 3073 ab
875 3034 907 3074 ρο
923 3062 947 3126 C
962 3010 1097 3065 remansit
1112 3009 1251 3080 justificati
1277 3011 1394 3067 hominis
1417 3022 1560 3084 peceatum
1589 3013 1761 3087 impunitum.

105 3100 213 3156 sactum
228 3110 271 3156 ρει
284 3102 310 3156 in
325 3103 386 3174 ipso
402 3104 457 3160 Vll&
471 3113 531 3169 93ss
547 3104 618 3160 bona
633 3112 730 3161 cuncta
743 3121 793 3174 pep-
807 3122 905 3176 quem.
963 3098 1096 3169 Taurique
1108 3098 1192 3153 valuit
1207 3099 1328 3170 prelium
1344 3101 1484 3172 sanguinis
1504 3101 1577 3158 inlus
1599 3102 1762 3172 Ῑῐιῃθθθῦίὶθ,

104 3203 216 3259 cunque
246 3188 320 3256 liant,
349 3208 365 3247 a
398 3193 489 3264 seipso
517 3193 644 3249 facienda
676 3194 902 3264 predestinavit:
960 3195 990 3241 11²
1012 3186 1166 3259 quicunque
1190 3187 1274 3242 ⁸5⁸¹ss
1299 3188 1506 3244 inlelftcwfflm
1526 3190 1588 3260 ejus
1615 3190 1761 3264 perfidem

104 3292 222 3345 quorum
246 3278 316 3334 sicut
340 3280 520 3337 bonaomnia
541 3281 740 3338 concluduntur
763 3282 834 3336 intra
858 3284 905 3339 bo-

103 3365 219 3421 nitatem
252 3368 475 3438 predestinantis,
497 3371 537 3426 sic
569 3370 643 3426 mala
675 3370 749 3425 nulla
782 3371 904 3445 effugere

103 3459 209 3519 queunt
223 3451 347 3507 ordinem
372 3453 553 3524 providentie
565 3455 642 3526 juste
666 3463 693 3510 et
714 3465 788 3512 recte
813 3457 903 3513 omnia

103 3538 287 3609 disponentis.
299 3540 505 3597 Praedestinavit
519 3558 586 3617 ergo
600 3544 729 3599 muudum
745 3544 903 3600 laciendum

102 3626 215 3682 bonitas
243 3627 408 3696 Conditoris,
424 3638 449 3685 et
471 3630 610 3687 bominem
636 3633 663 3687 in
687 3633 798 3700 mundo,
816 3640 844 3688 ut
868 3633 902 3689 da

102 3714 219 3770 homine
241 3716 409 3774 instauraret
423 3718 528 3774 ruinam
552 3720 684 3791 angelice
699 3722 901 3792 prevaricatio·

102 3802 157 3857 nis.
174 3802 262 3872 Quem
277 3821 339 3860 curn
359 3814 455 3877 sponte
479 3818 651 3878 peccaturum
675 3808 824 3879 presciret,
840 3826 901 3864 curn

100 3889 184 3946 liberi
197 3890 304 3948 iuturus
327 3901 399 3950 esset
412 3896 527 3964 arbitrii,
544 3904 569 3951 et
584 3895 611 3950 in
634 3905 745 3968 peccato
760 3897 819 3967 ejus
833 3899 902 3970 peri·

102 3987 196 4034 turum
220 3997 308 4053 genus
329 3983 485 4048 humanum,
510 4001 617 4039 rursum
641 3985 902 4053 predestinavitla·

102 4068 231 4124 oieudum
246 4071 361 4126 alterum
375 4073 512 4128 hominem
534 4073 667 4129 Christum
682 4075 840 4144 Dominum,
857 4077 903 4148 qui

101 4172 220 4228 peccare
236 4175 289 4214 non
304 4169 406 4231 posset,
422 4176 484 4218 cunr
500 4170 526 4217 ει
542 4164 613 4218 Deus
629 4163 734 4218 loturus
749 4172 864 4230 esset,et
875 4165 902 4220 in

101 4245 164 4316 ipso
178 4246 379 4317 predestinavit
392 4248 553 4305 salvandum
566 4259 593 4306 et
608 4250 776 4307 liberandum
800 4252 834 4308 de
849 4269 901 4325 ge·

101 4349 173 4391 nere
193 4335 311 4391 humano
325 4352 414 4409 genus
431 4338 622 4394 Christianum.
642 4340 696 4410 lpsi
718 4349 778 4395 sunt
794 4341 833 4396 illi
847 4341 902 4396 duo

961 3273 1068 3329 Christo
1097 3276 1274 3343 adhererent,
1304 3292 1355 3348 per
1380 3276 1529 3332 indebitam
1558 3280 1618 3350 ejus
1643 3288 1760 3338 mortem

960 3362 1151 3434 temporalem,
1161 3371 1291 3418 eternam
1307 3364 1427 3420 debitam
1443 3365 1600 3421 eraderent.
1615 3369 1761 3434 Nee,siout

960 3451 1083 3523 queritur
1096 3452 1199 3519 Petrus,
1216 3467 1295 3507 sacer
1317 3452 1364 3507 ille
1379 3453 1491 3525 sanguis
1505 3453 1614 3511 diabolo
1629 3457 1710 3527 quasi
1729 3457 1758 3513 in

958 3541 1076 3611 pretium
1091 3539 1285 3611 redemptionis
1306 3557 1358 3612 pro
1373 3542 1482 3597 homine
1497 3541 1585 3610 datur,
1599 3543 1647 3599 sed
1669 3560 1756 3618 appe-

958 3629 1024 3683 teuti
1039 3628 1150 3684 malitie
1164 3637 1205 3683 est
1215 3629 1377 3700 permissus,
1388 3637 1417 3685 ut
1430 3645 1491 3685 cunr
1506 3630 1533 3686 in
1548 3631 1678 3702 gandium
1693 3632 1754 3704 ejus

959 3715 1127 3786 funderetur,
1143 3732 1192 3786 per
1206 3714 1426 3786 justificationem
1441 3719 1500 3788 ejus
1521 3719 1664 3776 innumera
1677 3721 1751 3776 mul-

958 3804 1044 3860 titudo
1058 3804 1321 3877 predestinatorum,
1337 3823 1372 3863 ne
1387 3807 1415 3863 in
1429 3807 1558 3880 gaudium
1574 3809 1632 3880 ejus
1645 3826 1707 3865 curn
1721 3826 1755 3868 eo

958 3893 1085 3963 perirent,
1101 3893 1126 3948 ei
1152 3893 1299 3950 tolleretur.
1325 3895 1420 3951 Neoa
1442 3896 1500 3952 Deo
1523 3896 1601 3952 Patre
1624 3897 1703 3968 quasi
1716 3897 1754 3955 ad

958 3980 1179 4036 satisfaciendum
1195 3990 1235 4037 est
1249 3981 1405 4053 requisitus,
1421 4000 1481 4038 curn
1502 3993 1593 4040 tamen
1609 3985 1633 4041 ei
1647 3986 1753 4058 plenis·

959 4069 1026 4123 sime
1042 4068 1203 4126 satisfecerit
1226 4070 1344 4126 oblatus.
1360 4072 1428 4126 Nam
1444 4071 1472 4126 in
1495 4073 1685 4144 cooperatione
1700 4075 1753 4130 hn-

958 4173 1045 4212 mane
1060 4157 1154 4212 salutis
1169 4158 1312 4214 manifeste
1328 4176 1357 4215 se
1371 4159 1520 4216 declararit
1533 4162 1622 4217 unitas
1635 4162 1758 4219 Trinita-

958 4246 1002 4313 tis,
1029 4246 1148 4319 quando,
1165 4247 1234 4303 sicut
1254 4248 1400 4320 Apostolus
1424 4248 1500 4317 dicit,
1527 4251 1630 4307 «Deus
1651 4252 1754 4309 eratin

958 4333 1065 4390 Christo
1079 4335 1209 4390 mundum
1231 4336 1412 4394 reconcilians
1429 4337 1482 4393 sibi
1506 4338 1547 4408 (Il
1565 4340 1627 4397 Cor.
1643 4341 1681 4412 v),
1696 4364 1707 4390 ι
1724 4346 1754 4398 ει

101 4421 240 4489 homines,
256 4425 291 4480 de
302 4425 400 4496 quinus
411 4427 556 4497 Apostolus
570 4427 645 4498 dicit,
656 4427 765 4484 alterius
780 4430 901 4487 debiturn
915 4417 942 4478 D
958 4423 1082 4479 Christus
1096 4423 1124 4478 in
1139 4425 1271 4499 sanguine
1285 4441 1333 4481 suo
1343 4427 1535 4482 reconciliabat
1554 4443 1604 4483 nos
1614 4428 1680 4498 beo,
1691 4445 1753 4486 cunr

100 4510 132 4565 in
146 4527 243 4567 omues
265 4514 436 4584 processisse
450 4516 479 4570 in
501 4516 753 4573 condemnationem
766 4533 772 4588 ;
789 4519 901 4574 alterius

102 4614 172 4655 vero
181 4599 313 4670 justitiam
329 4602 357 4657 in
370 4617 465 4659 omnes
490 4606 613 4660 homines
627 4605 655 4659 in
678 4605 901 4675 justificationem

99 4688 178 4757 vite,
194 4696 223 4743 ut
239 4712 250 4737 ι
265 4689 334 4747 sicut
347 4707 397 4762 per
412 4691 490 4747 unius
508 4693 720 4749 inobedientiam
741 4705 902 4767 peccatores

100 4776 247 4834 constituti
261 4786 323 4833 sunt
343 4779 429 4847 multi,
445 4780 482 4836 its
505 4790 533 4838 et
546 4798 596 4853 per
612 4782 691 4837 unius
715 4785 900 4841 obedientiam

95 4866 168 4936 justi
182 4867 413 4924 constituerentur
427 4869 503 4923 multi
516 4871 605 4938 (Rom.
624 4873 664 4941 v).
687 4896 698 4922 a
720 4873 834 4930 Faciens
849 4890 900 4930 au-

100 4971 161 5019 tem
175 4964 249 5020 Deus
267 4965 385 5038 primum
408 4966 556 5035 hominem,
573 4968 652 5024 liberi
675 4986 737 5026 eum
762 4974 901 5029 constituit

100 5061 221 5128 arbitrii,
236 5069 266 5118 ut
276 5072 370 5135 posset
383 5073 410 5120 et
423 5065 494 5121 bene
504 5065 576 5122 velle
588 5075 614 5123 ει
629 5068 719 5135 male3
736 5077 764 5125 ut
773 5069 815 5126 rel
830 5071 901 5126 bona

100 5152 163 5220 ejrrs
188 5151 313 5207 voluntas
336 5155 462 5210 meritum
484 5156 556 5227 apud
574 5157 661 5213 Deum
680 5157 794 5215 haberet
812 5160 902 5232 gratia

99 5247 319 5305 misericorditer
328 5250 489 5320 adjurante:
505 5254 549 5310 rel
564 5254 667 5310 simale
681 5262 763 5326 esset,
775 5258 902 5313 meritum

101 5351 131 5401 ει
145 5344 206 5416 ipsa
218 5344 331 5402 baberet
348 5345 506 5403 malivolum
518 5350 607 5422 gratia
620 5351 691 5422 juste
705 5352 860 5423 deserente,
876 5363 903 5409 et

97 5441 209 5514 justitia
222 5441 274 5501 bei
287 5445 388 5500 mulum
403 5444 463 5514 ejus
484 5446 511 5501 in
526 5463 635 5520 poenom
659 5449 717 5522 ejus
738 5459 810 5507 recte
825 5451 903 5507 ordi·

100 5542 307 5599 necterentur
317 5542 413 5598 Adam
425 5549 452 5598 ot
465 5545 569 5615 positus
585 5546 612 5599 iu
628 5547 754 5617 paradiso
770 5549 902 5619 peccavit,

955 4510 1140 4568 effenderetur
1154 4513 1267 4588 sanguis
1281 4515 1350 4584 ejus,
1360 4515 1405 4585 qui
1420 4531 1468 4586 per
1481 4515 1614 4586 Spiritum
1629 4525 1753 4574 sanctum

954 4600 1134 4673 semetipsum
1149 4600 1245 4658 obtulit
1257 4604 1458 4660 immaculatum
1473 4604 1541 4674 Deo,
1554 4604 1588 4661 ad
1598 4606 1756 4664 emundan-

955 4688 1020 4744 dum
1035 4691 1230 4747 conscientiam
1245 4702 1367 4749 nostram
1384 4693 1419 4749 ab
1434 4693 1564 4766 operibus
1579 4694 1703 4767 mortuis,
1721 4695 1755 4752 ad

956 4778 1133 4834 serviendum
1149 4780 1206 4836 Deo
1221 4781 1324 4837 virenti
1340 4782 1432 4852 (llcbr.
1446 4783 1501 4854 rx).
1520 4782 1592 4838 Nam
1607 4790 1632 4839 et
1648 4782 1756 4855 prede·

955 4868 1065 4923 stinatio
1076 4882 1129 4938 qua
1140 4866 1192 4924 boc
1207 4875 1293 4925 totum
1304 4870 1339 4925 ab
1353 4878 1454 4928 artemo
1464 4871 1684 4941 predestinatum
1698 4879 1753 4944 est,

956 4964 1064 5021 bonitas
1081 4964 1142 5034 Dei,
1157 4966 1209 5023 boc
1229 4973 1273 5024 est
1295 4968 1412 5037 Spiritus
1436 4976 1544 5025 sanctus
1566 4973 1617 5034 est,
1634 4970 1755 5027 charitas
1847 4976 1851 4985 '

955 5061 1109 5119 communis
1122 5063 1214 5120 Patris
1229 5072 1256 5121 et
1270 5064 1340 5133 Filii,
1356 5064 1512 5121 communis
1525 5068 1658 5137 suavitas,
1675 5083 1753 5125 com·

956 5161 1046 5216 munis
1069 5161 1169 5233 gratia,
1186 5163 1342 5218 communis
1359 5162 1574 5221 misericordis:
1599 5181 1672 5235 que,
1687 5165 1758 5223 siout

956 5257 991 5313 ab
1010 5258 1133 5331 antiquo,
1151 5258 1260 5332 jupiter
1281 5260 1452 5332 superfertur
1473 5266 1608 5319 creature
1630 5263 1757 5335 fluitanti,

956 5372 1010 5414 uon
1023 5358 1117 5432 indiga
1136 5358 1289 5429 voluntate,
1314 5358 1363 5416 sed
1378 5360 1483 5433 prollua
1497 5361 1628 5421 bonitate.
1642 5366 1704 5438 lpsa
1714 5371 1758 5423 ast

958 5454 992 5511 de
1003 5455 1089 5513 salute
1105 5456 1225 5513 bominis
1235 5456 1363 5514 voluntas
1374 5457 1471 5529 Patris,
1481 5465 1509 5515 et
1522 5461 1677 5519 obedientia
1688 5461 1757 5530 Filii,

961 5553 1070 5612 dilectio
1085 5554 1171 5611 Patris
1184 5562 1210 5612 et
1231 5556 1302 5625 Filii,
1318 5564 1345 5614 et
1358 5555 1451 5613 divina
1474 5557 1581 5615 bonitas
1595 5557 1629 5614 ad
1653 5565 1760 5615 creatu·
