3728 6000
115 265 147 320 ῃ
484 261 533 318 ua
553 256 842 319 ussermannus
861 258 1014 318 usuaria
1035 263 1065 319 e.
1082 264 1232 322 uranum
1250 256 1408 324 rotato.
1731 262 1766 331 rs·

115 390 234 463 pirulare
258 388 423 459 superfluum
447 387 587 443 duximus.
614 389 828 461 congregationi
852 404 916 445 reru
930 388 957 450 Α
971 388 1123 445 dicentibus
1143 392 1221 446 nobis
1240 393 1345 448 Sieliuii
1368 392 1479 448 relatum
1495 408 1557 448 esse
1575 394 1609 449 ad
1624 395 1681 451 loca
1698 414 1763 468 pas·
1833 458 1838 465 ,

114 480 153 536 illi
168 480 273 536 idcirco
287 495 317 535 se
331 478 515 541 sociaverunt,
528 485 555 532 ut
571 485 633 532 sota
649 478 779 533 labiumm
792 492 913 546 suorum,
968 477 1053 533 sionis
1067 496 1143 544 suae;
1160 482 1369 537 carnotensibus
1384 498 1399 537 e
1418 483 1555 538 contrario
1568 482 1764 542 affirmantibus
1859 496 1862 505 '

115 570 322 627 observantiam
337 566 441 623 scilicet
454 566 566 639 regulae.
580 583 634 638 qua
649 568 743 622 Decet
756 567 837 623 beato
851 582 915 622 con·
968 583 1053 638 usque
1075 569 1100 622 in
1123 578 1286 639 praeseutem
1308 570 1379 625 diem
1402 569 1473 641 apud
1497 587 1527 626 se
1547 573 1695 628 reservari.
1723 576 1764 630 tld

115 660 214 716 sessori
227 660 287 726 ejus
302 656 415 712 llartino
436 673 466 712 sc
482 665 613 711 noverant
635 657 792 720 devovisse,
810 657 873 726 quia
887 655 914 709 iu
968 674 1048 728 quum
1061 657 1134 713 litem
1150 660 1298 714 sedandam
1314 659 1395 715 fateri
1410 676 1521 715 necesse
1537 669 1578 714 est
1592 662 1664 732 quud
1677 679 1693 716 a
1708 679 1765 718 ma·

113 749 176 806 loco
192 765 249 821 quo
273 746 383 818 quidem
399 754 544 818 putuerunt
559 745 730 817 promittere,
743 761 913 817 nequaquam

112 840 243 897 valebant
257 836 426 908 persolvere,
443 834 536 889 saltem
553 833 582 888 iu
604 834 657 890 alio
674 834 733 890 locu
748 833 912 907 regularium

114 936 317 1000 praeeeptomm
333 925 440 996 integra
455 922 644 978 observatione
660 930 910 992 recompensarent.

149 1020 196 1073 52.
213 1013 275 1084 Quo
289 1023 415 1084 tempore
428 1011 564 1067 credimus
579 1011 681 1067 lactum
698 1011 782 1066 luisse
797 1014 826 1065 ul
841 1010 911 1066 den-

113 1117 166 1163 tem
183 1105 257 1159 beati
272 1101 380 1158 blartiui
395 1117 457 1157 curn
472 1100 582 1171 scriptis
597 1099 740 1155 declaratis
756 1108 782 1154 et
797 1099 912 1168 quibus·

112 1197 177 1252 dam
195 1190 370 1249 ustensilibus
378 1188 456 1258 hujus
471 1188 597 1244 ecolesiae
611 1195 776 1257 usurparent
790 1186 913 1243 canonici

112 1284 241 1342 ecclesia
256 1283 287 1336 u.
307 1279 420 1337 ldariae:
437 1277 562 1348 quadam
583 1292 648 1331 vero
664 1293 723 1346 quae
733 1276 843 1331 deterre
858 1292 912 1332 nou

111 1380 272 1447 potuerunt,
289 1369 340 1425 sub
363 1374 437 1421 terra
460 1366 533 1422 circa
548 1365 678 1419 ambitum
703 1364 833 1421 Ecclesiae
849 1365 913 1419 ubs-

111 1463 275 1525 condemnt,
291 1459 456 1528 siculusque
475 1455 503 1509 iu
519 1459 685 1525 praesentem
701 1454 772 1508 diem
797 1453 909 1510 dicitur.

111 1551 193 1608 l'nde
211 1558 237 1605 et
252 1547 298 1602 ille
312 1548 455 1600 thesaurus
470 1543 515 1612 qui
530 1543 564 1597 ad
579 1548 660 1612 caput
677 1540 789 1610 capellae
804 1542 834 1595 B.
852 1543 914 1595 lla-

111 1639 161 1694 riae
175 1646 304 1695 ostensus
314 1643 357 1689 est
370 1633 396 1687 in
412 1631 514 1687 somnis
536 1630 644 1685 cuidam
658 1628 758 1685 clerico
773 1630 912 1685 nominato

964 744 1072 814 juribus
1087 748 1190 802 nostris
1214 748 1381 818 accepimus,
1407 757 1439 802 ut
1461 749 1564 804 scilicet
1582 751 1667 805 relatu
1689 752 1764 822 apud

967 849 1017 888 nos
1033 837 1326 907 corpure,parsaliqua
1346 837 1382 890 ibi
1392 838 1526 893 credenda
1537 838 1571 892 sit
1585 839 1762 905 remansisse3

966 923 1038 992 apud
1054 924 1192 979 Sicliuium
1208 925 1278 980 euim
1294 926 1400 980 detecta
1418 942 1490 994 arca,
1506 943 1558 997 qua
1573 942 1673 998 corpus
1687 944 1764 984 mar-

966 1013 1034 1081 tyris
1049 1015 1217 1080 servabatur,
1234 1030 1306 1069 anno
1321 1013 1469 1069 Dominicae
1484 1016 1678 1072 incarnationis
1696 1017 1765 1074 rttt

966 1101 1067 1172 pupulo
1095 1102 1293 1157 demonstratus
1317 1110 1359 1158 est
1387 1103 1454 1172 (il).
1472 1103 1511 1158 Dc
1539 1105 1614 1171 cuius
1642 1120 1762 1176 corpore

967 1190 1078 1245 dentem
1108 1192 1244 1261 suscipere
1269 1197 1424 1247 meruerunt
1448 1193 1574 1247 monachi
1602 1193 1630 1248 S.
1658 1194 1763 1249 llartiui
1806 1194 1809 1211 ¹

966 1279 1152 1343 lamacensis,
1168 1279 1268 1335 deiude
1293 1280 1407 1352 pristino
1423 1280 1482 1336 loco
1502 1282 1641 1338 restitutus
1663 1299 1762 1356 magna
1850 1270 1855 1331 s

966 1384 1026 1424 cum
1042 1369 1167 1423 custodia
1185 1377 1318 1435 servatur,
1335 1368 1489 1440 guortemiro
1516 1370 1640 1425 Ecclesia
1655 1369 1761 1427 Siclinii

967 1457 1093 1528 martyris
1108 1457 1249 1528 prasentia
1265 1474 1294 1512 sc
1308 1473 1361 1511 non
1378 1474 1439 1512 csse
1454 1458 1619 1515 destitutam.

1003 1547 1045 1600 st.
1060 1548 1089 1601 lu
1106 1547 1205 1616 populu
1225 1546 1380 1602 sicliniensi
1395 1547 1523 1602 sarriebat
1547 1548 1702 1618 pestilentia
1716 1549 1762 1606 illa
1832 1606 1836 1613 ,

966 1650 1026 1703 quae
1040 1635 1122 1706 vulgo
1137 1635 1234 1690 dicitur
1256 1634 1327 1706 ignis
1345 1632 1477 1706 [interni]
1493 1635 1560 1691 adeo
1575 1640 1604 1690 ut
1628 1637 1761 1707 quosdam

110 1726 264 1793 Beruardo,
293 1721 348 1778 filio
372 1720 475 1784 Vitalis,
501 1718 535 1774 de
559 1734 613 1789 quo
638 1732 719 1789 supra
741 1717 842 1772 dictum
858 1725 909 1783 est,
924 1743 952 1802 Β
966 1738 1019 1776 uun
1035 1723 1126 1776 solum
1141 1722 1272 1777 membris
1289 1721 1417 1794 privaret,
1433 1723 1481 1778 sed
1506 1734 1531 1779 et
1554 1724 1636 1778 vitam
1651 1726 1691 1782 eis
1709 1743 1761 1782 au-

110 1833 195 1888 quem
213 1814 289 1869 multi
302 1819 422 1867 nostrum
439 1816 585 1874 noverunt,
602 1807 637 1862 du
651 1808 703 1862 hac
716 1805 835 1861 ecclesia
849 1822 912 1862 cre·

110 1906 188 1961 ditur
211 1903 306 1958 luisse.
331 1900 403 1955 Vidit
430 1898 502 1953 enim
533 1897 663 1951 assistere
690 1895 743 1950 sibi
765 1894 912 1964 quamdam

109 1995 232 2067 puellam
256 1991 323 2046 lucie
337 1990 477 2053 decoram,
495 1986 598 2042 crinitis
617 1984 738 2040 crinibus
762 1992 910 2055 comptam,

109 2082 275 2153 compositis
299 2079 420 2134 vestibus
435 2083 569 2137 ornatam,
586 2081 611 2129 ct
634 2074 769 2128 dicentem
787 2092 793 2127 :
827 2096 838 2120 n
856 2073 912 2127 lle-

109 2173 185 2243 spice
216 2169 324 2233 feretra,
353 2182 460 2230 taraces,
485 2172 584 2229 textus,
608 2162 782 2233 phylacteria,
804 2160 912 2230 aliuque

109 2267 276 2318 ornamenta
296 2254 437 2320 Ecclesiae,
454 2269 514 2323 quae
528 2251 563 2307 ad
588 2251 673 2306 solem
693 2249 798 2305 deiero.
818 2273 828 2297 ι
846 2248 913 2318 Quae

110 2349 206 2405 omnia
229 2363 291 2402 cum
307 2345 352 2400 ille
374 2343 475 2397 diutius
489 2341 601 2394 intuitus
617 2348 698 2404 esset,
711 2338 809 2406 adJecit
824 2338 914 2409 puella

110 2448 138 2494 et
150 2438 188 2492 ait
205 2454 211 2490 ε
231 2459 242 2485 ι
262 2434 327 2488 Vide
345 2440 378 2487 ut
401 2429 500 2485 nemini
516 2428 591 2484 dicas
607 2429 664 2482 haec
687 2427 734 2481 tibi
764 2427 849 2483 luisse
864 2442 910 2481 os·

110 2538 204 2592 tensa,
220 2523 348 2597 quoniam
365 2520 388 2575 si
403 2518 506 2573 dixeris
520 2526 547 2572 et
562 2517 718 2571 mandatum
733 2531 824 2570 meum
841 2531 914 2586 prae·

110 2614 233 2678 terieris,
249 2613 321 2666 inira
335 2626 389 2664 xxx
412 2607 470 2663 dies
484 2606 619 2662 morieris.
639 2629 650 2653 »ι
676 2604 772 2661 Statim
786 2604 830 2658 ille
852 2605 913 2658 evi-

109 2705 212 2776 gilans,
226 2718 283 2772 prae
305 2699 387 2753 nimia
401 2696 493 2751 cordis
507 2693 717 2759 exhilaratione,
734 2709 796 2764 quae
811 2692 916 2749 viderat

966 1809 1066 1877 serret;
1089 1810 1215 1882 equibus
1229 1810 1304 1865 multi
1327 1812 1362 1866 ad
1384 1811 1455 1866 beati
1472 1813 1599 1884 martyris
1620 1813 1762 1871 basilicam

967 1898 1072 1953 Siclinii
1082 1899 1254 1953 constitutam
1271 1900 1395 1953 manibus
1408 1900 1504 1954 alienis
1518 1901 1764 1961 suntdclati.lliuc

967 1987 1080 2042 ecclesia
1106 1986 1273 2042 clamoribus
1296 1987 1427 2052 turbatur,
1454 1988 1556 2058 Deique
1579 1990 1708 2046 auxilium
1737 1999 1764 2049 ct

966 2075 1092 2145 martyris
1111 2074 1271 2148 suffragium
1286 2076 1320 2130 ab
1335 2076 1461 2131 omuibus
1485 2077 1654 2147 imploratur.
1672 2079 1702 2134 ln
1719 2080 1732 2133 l
1746 2110 1761 2122 -

966 2173 1038 2219 retro
1069 2174 1172 2228 autem,
1197 2180 1254 2237 quo
1282 2165 1512 2220 conservabantur
1536 2166 1607 2221 beati
1631 2168 1762 2237 martyris
1854 2158 1859 2169 ⁸

967 2253 1099 2324 reliquiae,
1115 2252 1228 2320 sculptae
1243 2261 1321 2307 erant
1335 2270 1350 2307 x
1366 2253 1487 2324 virgines
1502 2255 1675 2327 evangelicae,
1692 2256 1761 2311 rvi-

967 2340 1065 2396 delicet
1078 2341 1234 2413 prudenter
1251 2349 1277 2396 et
1300 2358 1317 2395 v
1335 2343 1425 2412 salute
1449 2343 1559 2411 (llluttlr.
1579 2360 1644 2411 xxv,
1660 2344 1697 2415 ἲ).
1715 2345 1763 2401 tta

968 2425 1060 2496 itaque
1072 2441 1166 2480 omnes
1185 2423 1308 2480 allectum
1325 2426 1449 2496 martyris
1473 2427 1657 2493 ostendentes,
1677 2429 1763 2485 mise·
1799 2476 1801 2480 ,

968 2530 1057 2569 rorum
1073 2513 1212 2569 doloribus
1227 2513 1413 2580 condolentes,
1430 2522 1455 2569 cl
1475 2515 1583 2570 Domini
1600 2518 1764 2573 voluntatem

970 2610 1156 2672 exsequentes,
1179 2603 1216 2656 ita
1242 2601 1343 2656 flebant
1363 2611 1390 2657 ut
1413 2603 1590 2659 crederentur
1610 2607 1763 2676 sensibiles,

970 2691 997 2745 iu
1012 2707 1067 2762 quo
1082 2689 1151 2746 lacto
1166 2706 1278 2745 summae
1293 2691 1398 2745 uirtutis
1412 2693 1543 2763 potentia,
1560 2700 1588 2747 et
1601 2694 1673 2750 beati
1693 2711 1765 2749 mar·

111 2792 332 2862 silentiotegere
354 2785 491 2857 nequivit;
511 2783 558 2839 sed
586 2781 743 2853 plenissime
772 2797 913 2849 enarrans,
970 2780 1036 2849 tyris
1055 2780 1172 2834 l‘iatouis
1192 2779 1289 2834 claruit
1308 2780 1462 2850 praesentio,
1488 2782 1532 2851 qui
1550 2783 1619 2837 sicut
1646 2783 1710 2838 dum
1737 2782 1767 2838 in

111 2881 264 2938 secuudum
281 2877 365 2933 rerba
386 2874 483 2945 puellae
498 2882 560 2927 ante
575 2870 648 2925 diem
672 2869 820 2935 xxxobiit,
837 2870 918 2925 itaut
971 2883 1085 2937 corpore
1102 2869 1213 2935 viveret,
1238 2875 1265 2923 ct
1285 2869 1448 2939 pupulosad
1477 2869 1557 2925 tidem
1588 2871 1767 2927 Christianam

110 2989 174 3029 cum
191 2983 308 3040 vespere
331 2981 413 3020 sanus
435 2961 581 3018 dormitum
605 2959 669 3026 iret,
686 2974 767 3014 mane
792 2958 918 3014 iuventus
971 2956 1166 3021 cohortaretur,
1192 2972 1246 3012 uon
1268 2957 1356 3014 solum
1377 2958 1558 3029 lacrymarum
1579 2960 1695 3030 copiam,
1717 2959 1768 3018 sed

111 3067 186 3118 esset
201 3064 335 3113 mortuus.
356 3053 409 3109 Sed
429 3051 494 3124 quia
508 3050 666 3104 thesaurum
683 3049 829 3103 revelatum
846 3063 914 3103 nec·
929 3097 954 3160 c
972 3044 1110 3115 proprium
1129 3045 1164 3099 ad
1187 3053 1335 3100 extremum
1363 3061 1413 3116 pro
1443 3046 1484 3101 his
1506 3047 1574 3102 ludit
1595 3049 1767 3119 sanguinem,

109 3151 179 3205 dum
194 3147 329 3210 videmus,
344 3140 478 3197 somnium
494 3140 554 3209 ejus
570 3153 662 3193 verum
677 3135 759 3191 luisse
775 3152 829 3190 non
844 3151 913 3192 con·
970 3134 1004 3187 ita
1026 3142 1090 3188 tunc
1125 3132 1237 3189 allectus
1259 3134 1475 3206 magnitudinem
1499 3152 1547 3205 per
1568 3136 1707 3206 subjectas
1720 3137 1768 3192 de.

109 3239 274 3303 firmamus,
292 3240 388 3288 tamen
404 3246 454 3300 per
469 3230 521 3283 huo
544 3227 616 3299 quod
632 3226 665 3282 ad
690 3224 763 3280 diem
788 3242 844 3280 xxx
859 3241 914 3280 nou
967 3222 1128 3277 ruorrstrarit
1143 3222 1286 3293 imagines.
1304 3223 1341 3276 Ex
1355 3223 1442 3277 oculis
1457 3238 1575 3295 namque
1590 3225 1766 3293 pmdentium

110 3327 250 3400 pervenit,
277 3322 375 3377 salsum
401 3318 510 3375 omuino
535 3332 589 3372 nou
617 3314 702 3370 luisse
721 3312 792 3385 quod
812 3315 911 3381 sonuit,
966 3319 1049 3383 guttae
1060 3312 1200 3383 sanguinis
1211 3312 1386 3377 emanabant,
1401 3328 1433 3365 ex
1449 3311 1533 3366 oeulis
1548 3321 1636 3366 autern
1652 3313 1767 3368 aliarum

108 3420 207 3476 claret.
226 3413 305 3468 Forte
321 3409 394 3464 enim
410 3405 525 3462 necdum
541 3404 616 3459 veuit
630 3413 737 3474 tempus
752 3419 816 3458 eum
832 3419 913 3458 reve·
966 3399 1093 3470 lacrymae
1109 3400 1181 3454 velut
1196 3415 1275 3471 aquae
1289 3398 1418 3453 lluebant.
1435 3401 1497 3454 Post
1513 3401 1563 3454 huc
1577 3409 1664 3454 autem
1680 3401 1765 3456 mira·

107 3503 197 3571 laudi,
213 3509 258 3557 aut
273 3499 388 3555 necdum
403 3496 447 3552 cui
461 3493 612 3566 repositum
627 3499 669 3547 est
683 3492 802 3547 atlvenit.
820 3491 913 3546 Fuerit
966 3488 1054 3543 culum
1066 3486 1190 3543 divinum
1207 3487 1340 3541 auxilium
1350 3491 1377 3542 cl
1391 3488 1521 3559 martyris
1529 3487 1651 3543 solatium
1662 3488 1765 3544 infirmi

107 3608 178 3665 ergo
193 3605 280 3646 necue
302 3587 375 3658 quod
396 3585 421 3640 ei
442 3593 580 3639 ostensum
605 3590 656 3648 est,
673 3596 724 3635 nos
747 3588 837 3635 tamen
853 3579 911 3635 lre·
964 3577 1142 3648 persentiunt,
1159 3582 1186 3630 et
1207 3576 1252 3646 qui
1273 3576 1341 3631 mori
1364 3576 1537 3647 putabantur,
1554 3577 1660 3632 sanitati
1682 3578 1765 3635 redc-

108 3679 211 3755 quenti
224 3677 358 3733 relatione
376 3680 577 3728 antecessorum
592 3679 746 3724 nostrorum
765 3666 911 3723 didicimus
966 3675 1075 3720 uantur,
1092 3665 1139 3719 His
1161 3664 1194 3719 de
1223 3665 1367 3736 prasentia
1395 3666 1516 3735 corporis
1540 3666 1612 3721 beati
1634 3667 1763 3737 Piatuuis,
1808 3724 1815 3733 ,

106 3770 238 3840 copiosos
249 3766 393 3820 thesauros
406 3761 478 3816 circa
493 3759 624 3814 ambitum
640 3757 760 3813 eeclesiae
775 3756 910 3827 repositos
964 3763 1044 3826 atqua
1070 3755 1104 3809 de
1129 3755 1285 3824 antiquitate
1307 3753 1423 3809 abbatiae
1437 3762 1537 3811 uostrae
1564 3756 1653 3828 dictis,
1670 3757 1705 3812 ad
1731 3771 1766 3813 ea

105 3860 217 3922 haberi,
232 3855 291 3910 loca
307 3868 415 3923 quoquc
436 3849 483 3904 ubi
498 3853 707 3914 conservantur,
723 3845 822 3902 nostris
837 3852 909 3899 tem·
964 3843 1035 3897 uude
1048 3842 1166 3915 digressi
1181 3858 1274 3897 saurus
1288 3842 1443 3897 redeamus.

106 3946 224 4020 poribus
243 3940 408 4016 quibusdam
431 3955 480 4010 ll‘l'
502 3937 637 3991 ⁸⁰1⁰&ssOE
663 3935 781 3990 Γθνθῐθῑῦ
804 3942 876 4002 ⁸⁰⁰²·
893 3949 909 3989 θ
999 3953 1042 4004 55.
1059 3951 1131 4005 Cum
1146 3965 1212 4019 ergo
1229 3949 1359 4004 Dominus
1373 3950 1501 4004 llahodus
1517 3951 1647 4007 Ecclesiae
1658 3962 1761 4008 nostrae

107 4037 280 4110 qulb⁰⁸¹¹¹¹²
303 4025 605 4088 m³¹s⁰⁰⁸s⁰ffl0¹5⁸1lh
622 4023 907 4088 Hefsffldlssfflmissssr
964 4046 1051 4093 terras
1073 4038 1196 4109 antiquas
1217 4038 1392 4103 reddidisset,
1421 4039 1583 4094 renieusad
1611 4041 1762 4110 capitulum

106 4123 238 4199 quaeduo
252 4117 398 4176 locunobis
408 4116 570 4186 desigssssltl,
581 4112 675 4168 dicens
688 4112 907 4167 d⁰¹¹¹⁰¹¹sll³l¹¹ffl
961 4127 1095 4182 consuluit
1109 4126 1199 4181 abbati
1214 4125 1306 4182 Odoui
1325 4127 1485 4199 caeterisque
1502 4126 1631 4183 lratribus
1647 4146 1680 4185 ue
1694 4131 1760 4184 sibi-

104 4214 159 4271 sibi
180 4211 265 4266 fuisse
283 4208 312 4263 5⁰
333 4221 388 4261 ¹¹⁰⁰
412 4211 524 4276 Pineum
543 4201 647 4266 habeti,
661 4208 742 4271 alque
766 4200 793 4254 5¹¹
821 4199 907 4254 ³¹¹⁰l⁰
960 4216 1082 4287 metipsis
1096 4215 1206 4270 ulterius
1222 4216 1376 4281 crederent,
1393 4231 1444 4272 nec
1459 4233 1627 4288 quaecuuque
1648 4218 1676 4271 in
1691 4219 1760 4275 Vitis

104 4304 267 4358 thmaurum
281 4293 450 4354 emitari·
467 4294 579 4348 Puteum
602 4289 777 4362 llll&sivimus
791 4287 818 4342 1⁰
844 4288 905 4344 ¹⁰⁰⁰
961 4305 1071 4359 Petrum
1087 4304 1215 4375 legebant
1229 4305 1350 4374 protinus
1366 4304 1459 4360 lacere
1478 4305 1589 4371 vellent,
1606 4305 1655 4361 serl
1670 4309 1759 4378 potius

103 4399 262 4472 designato,
278 4403 305 4452 et
319 4392 472 4449 invenimus
489 4389 601 4444 nimium
616 4386 786 4458 perspicuam
803 4401 904 4458 aquam
958 4392 1065 4463 aliquod
1093 4393 1247 4449 coeuobium
1275 4392 1417 4464 eligerent,
1439 4393 1517 4462 cuius
1543 4395 1757 4451 consuetudines

102 4485 303 4552 habentemiu
331 4497 385 4553 quo
408 4480 490 4536 etium
519 4477 669 4548 reperimus
683 4490 749 4532 rasa
777 4451 1109 4547 quaedamDservarent.
1130 4481 1219 4536 Placet
1232 4480 1375 4535 consilium
1391 4482 1519 4552 episcopi.
1538 4481 1654 4553 llligitur
1669 4499 1760 4539 coeno·
1837 4516 1848 4523 -

101 4592 179 4636 aerea
201 4573 296 4630 usibus
322 4570 454 4628 Eoclesiae
481 4566 546 4623 satis
573 4581 703 4637 congrua,
720 4563 809 4620 lucum
839 4580 902 4620 vero
958 4571 1032 4625 bium
1048 4569 1459 4641 Aquioiuensequodxvannis
1481 4579 1543 4625 aute
1566 4579 1688 4625 nostrum
1709 4570 1759 4626 tuit

100 4663 227 4722 thesauri
252 4662 279 4718 in
301 4660 425 4733 proximo
446 4673 538 4714 versus
567 4653 763 4711 occidentalem
792 4652 904 4725 plagam
957 4665 1150 4724 constructum,
1167 4658 1292 4729 quodque
1308 4658 1395 4713 solum
1417 4663 1482 4714 tuuc
1498 4659 1628 4729 temporis
1650 4659 1677 4712 in
1693 4674 1756 4731 pro-

100 4754 251 4827 desiguatu
264 4750 384 4806 noudum
398 4745 555 4810 ellodimus,
571 4743 687 4813 ideoque
702 4742 725 4797 si
742 4741 843 4814 aliquid
858 4758 902 4800 ve·
957 4748 1046 4804 vincia
1064 4756 1155 4802 nostra
1172 4747 1333 4817 religionem
1353 4755 1378 4801 et
1394 4746 1603 4802 consuetudines
1626 4749 1755 4804 servabat

101 4844 194 4902 ritatis
210 4842 238 4896 in
251 4857 285 4898 eo
299 4837 478 4902 contineatur,
495 4834 667 4907 ignoramus.
958 4835 1147 4892 Cluniacensis
1166 4834 1292 4890 coerrobii.
1319 4835 1442 4888 Donruus
1470 4835 1561 4904 itaque
1581 4834 1641 4892 Odo
1656 4836 1753 4907 abbas,

139 4936 185 4988 5³.
202 4931 233 4986 lu
254 4928 368 5000 praelatu
383 4925 572 4997 persecutione
594 4923 688 4977 beatus
709 4919 802 4975 Plutus
825 4918 902 4975 Sicli-
957 4925 1089 4980 abbatem
1105 4925 1313 4996 Aquicineusem
1330 4923 1509 4978 Haimerieum
1526 4924 1636 4994 expetit,
1651 4933 1677 4980 et
1691 4926 1753 4996 quia

100 5022 208 5079 niensis
223 5022 378 5089 asportatus
388 5023 428 5070 est
443 5015 600 5076 Carnutum,
613 5010 657 5064 ubi
673 5010 829 5080 priusquam
839 5010 904 5066 Tor·
958 5021 1009 5068 lam
1025 5031 1053 5068 su
1068 5030 1148 5084 quam
1164 5029 1259 5069 omues
1274 5029 1341 5068 suos
1357 5013 1504 5066 monachos
1516 5013 1577 5081 ejus
1593 5030 1653 5068 esse
1671 5029 1753 5068 recc-

99 5099 771 5171 nacumveniretChristiucmeupraedicaverat;
788 5100 903 5154 sedillis
957 5103 1115 5174 gnoscehat,
1132 5109 1224 5172 utpote
1252 5101 1287 5155 ab
1311 5117 1343 5155 seo
1373 5100 1458 5155 suctus
1481 5108 1508 5155 et
1536 5102 1706 5166 benedictos,
1723 5110 1751 5156 ut

99 5198 326 5274 praedicationem
336 5193 397 5262 ejus
410 5208 464 5246 nou
479 5187 840 5260 recipientibus,Tornacum
857 5205 902 5259 pe-
957 5193 1039 5245 etiam
1060 5191 1174 5262 qualiter
1193 5190 1285 5245 rivere
1304 5189 1422 5244 debeant
1443 5188 1556 5245 edoceat
1577 5199 1678 5245 exorat.
1698 5194 1753 5244 llu-

100 5284 338 5357 tiit,ibiquelidem
352 5280 460 5338 Domini
472 5280 558 5335 nostri
569 5275 743 5332 defenditlle
752 5276 830 5345 cujus
842 5292 902 5331 cor·
956 5280 1015 5335 uuit
1036 5280 1180 5353 religiosus
1197 5279 1291 5344 abbas,
1314 5280 1456 5347 statimque
1479 5278 1512 5332 de
1537 5278 1592 5332 suis
1613 5278 1754 5335 monachis

99 5393 172 5454 pore
183 5390 271 5446 usqua
287 5373 323 5430 ad
331 5381 424 5428 nostra
437 5376 560 5441 tempora
569 5364 684 5439 litigatio
692 5365 806 5437 grandis
815 5373 903 5422 exstat
957 5368 986 5423 iu
1001 5371 1126 5426 coenobio
1141 5375 1234 5424 nostro
1252 5366 1358 5439 priores
1377 5367 1530 5435 instituens,
1546 5382 1578 5424 ac
1597 5367 1632 5425 de
1653 5367 1756 5428 nostris

138 5555 198 5631 (al)
214 5552 432 5613 demonstretur
446 5551 498 5607 eat.
517 5547 568 5605 Per
582 5545 720 5604 Simonem
734 5544 896 5622 episcopum
910 5544 1026 5605 Tumae.
