3728 6000
104 219 156 271 aaa
559 215 750 271 tixt‘osttttt
772 207 805 270 tn*
828 217 935 271 lll'lS'l.
958 218 1003 270 til)
1024 208 1106 271 uitii.
1121 218 1226 272 -tita
1249 218 1296 273 lll.
1702 224 1753 282 silit

103 340 193 411 ergo‘?
205 338 426 396 permanebimus
437 342 464 396 in
475 349 596 412 peccato,
606 353 632 396 ut
643 341 898 415 gratiaabundetii
915 343 941 401 Α
957 357 1025 411 sum,
1052 349 1077 395 et
1102 343 1229 395 immilem
1258 347 1517 415 contemptationem
1533 366 1539 402 :
1562 350 1754 408 intellectualis

102 429 161 484 lloc
183 428 272 483 selum
294 429 428 501 estquod
456 430 565 486 ridetur
589 431 690 485 liabere
710 430 900 497 differentiam,
956 429 1096 500 pacilieam
1120 434 1146 484 et
1167 430 1326 486 familiarem
1350 434 1560 504 experientiam.
1580 438 1619 492 lle
1648 456 1753 497 sursum

102 515 223 585 quodibi
239 518 317 588 quasi
332 518 375 573 his
390 520 435 591 qui
458 520 575 575 noudum
600 520 813 574 discesserunta
832 535 900 589 pec·
956 518 1030 571 enim
1044 519 1156 572 veniens
1168 521 1211 574 liic
1226 519 1379 576 intellectus
1394 538 1447 576 non
1463 523 1624 580 inauratura
1639 529 1751 598 ratione,

102 617 165 660 cato
186 604 242 661 diei
262 606 377 670 videtur,
396 624 431 662 ne
453 616 633 677 permaneam
656 609 683 662 ia
708 608 814 675 eo;lric
835 624 899 663 uero

103 701 236 766 tanquam
250 695 286 750 ab
301 695 343 748 his
355 697 401 767 qui
414 696 473 766 jam
488 697 664 752 discesserint
678 712 694 750 a
707 704 829 766 peccato,
841 696 898 751 lieri

102 782 210 837 ridetur
224 782 414 855 interrogatio.
427 786 459 838 Et
472 785 520 852 ibi,
537 785 648 856 utquasi
662 786 750 857 gratia
763 801 823 855 qum
832 802 897 839 non·

101 871 165 925 dum
181 879 251 940 erat,
267 872 435 938 abundar·et;
455 873 498 928 liic
512 882 607 928 autern
618 882 748 944 tanquam
762 882 897 944 prasente

99 961 154 1028 jam
170 962 259 1032 gratia
274 959 347 1027 dicit,
363 962 490 1033 quoniam
506 978 559 1016 nou
580 978 674 1017 sumus
689 962 827 1033 sublege,
848 963 896 1017 sed

100 1050 149 1105 sub
163 1049 264 1120 gratia.

136 1140 227 1195 Vsus.
249 1137 357 1192 tta-i
378 1139 527 1195 tusittan
557 1140 665 1195 nescitis
691 1140 818 1211 quoniam
853 1139 896 1195 cui

100 1227 236 1283 exhibetis
245 1243 294 1283 vos
309 1244 405 1283 servos
420 1229 453 1283 ad
468 1228 659 1297 obediendum,
676 1230 748 1284 servi
763 1229 829 1284 estis
840 1231 897 1297 ejus

101 1316 142 1370 eui
157 1315 298 1380 obedistis,
315 1316 371 1370 sive
396 1316 500 1387 peccati
523 1317 556 1370 ad
574 1324 698 1384 mortem,
724 1317 781 1372 sive
796 1317 895 1372 obadi-

100 1405 182 1460 tionis
201 1405 236 1458 ad
257 1405 418 1474 justitiam‘.l
435 1429 446 1453 i
464 1405 569 1460 videtur
590 1405 656 1460 lorte
681 1407 769 1459 ntinus
787 1406 896 1477 integra

953 606 1002 660 sed
1015 606 1075 675 ipse
1089 607 1141 660 sibi
1158 608 1309 662 coulermat
1322 610 1464 677 rationem,
1474 628 1527 667 nou
1542 621 1640 669 uteum
1656 618 1752 687 capiat,

953 692 1000 748 sed
1015 703 1044 747 ut
1064 693 1219 749 illuminata
1234 697 1268 750 ab
1293 713 1334 763 eo,
1353 698 1498 769 aliquando
1513 702 1539 754 in
1555 718 1617 756 eum
1633 719 1755 759 consen-

953 781 1009 835 tiat.
1027 782 1066 836 lle
1083 783 1174 853 prima
1197 800 1262 853 ergo
1278 785 1407 840 doctriua·
1428 788 1517 842 lorma
1534 790 1597 845 dicit
1614 792 1657 846 liic
1677 796 1754 864 Apo-

952 870 1045 935 stolus,
1055 871 1082 924 in
1098 887 1178 940 quam
1195 871 1232 925 illi
1248 873 1337 927 traditi
1352 880 1414 929 sunt
1428 877 1473 945 qui
1488 877 1754 937 obedientersemet·

951 958 1025 1028 ipsos
1041 959 1067 1013 in
1084 976 1145 1014 eam
1162 961 1337 1016 tradiderunt.

989 1048 1073 1102 l‘sns.
1094 1048 1136 1103 ta.
1159 1079 1194 1087 —
1219 1075 1229 1095 i
1247 1049 1367 1105 Liberali
1391 1060 1480 1108 autem
1502 1070 1517 1109 a
1539 1064 1661 1125 peccato,
1682 1058 1753 1115 servi

951 1135 1016 1190 lacti
1031 1135 1098 1190 estis
1114 1136 1241 1205 justitia.
1259 1161 1270 1187 s
1288 1139 1353 1194 Sive
1368 1141 1439 1195 enim
1464 1143 1492 1196 ie
1515 1153 1639 1214 peccato,
1655 1147 1712 1202 sira
1726 1148 1754 1202 iu

947 1223 1062 1292 justitia,
1090 1224 1136 1278 ulii
1165 1225 1243 1280 tuerit
1268 1228 1360 1283 addita
1384 1231 1525 1298 t·oluntas;
1544 1232 1582 1287 ibi
1610 1236 1754 1292 servitutis

950 1313 1113 1366 necessitas.
1133 1311 1279 1384 Sequitur:

986 1399 1074 1455 Vsus.
1093 1401 1135 1456 ta.
1154 1432 1187 1441 —
1206 1425 1217 1450 r
1239 1404 1397 1460 llumanum
1413 1406 1595 1480 dicopropter
1609 1411 1755 1469 infirmita-

99 1494 211 1562 locutio,
227 1492 285 1547 sire
313 1494 415 1564 peccati
435 1493 491 1549 sire
512 1493 675 1548 obeditionis
699 1495 732 1548 ad
753 1495 893 1565 iustitiam,
950 1497 1003 1542 tem
1021 1498 1148 1543 vostram.
1169 1490 1317 1546 »Prudens
1340 1495 1416 1549 verbi
1441 1497 1614 1567 dispensator
1628 1500 1655 1554 in
1669 1504 1757 1570 prima

100 1596 161 1637 ,um
185 1582 275 1652 popu,
296 1582 440 1638 dqcendum
463 1583 608 1650 videretur,
634 1584 691 1638 sive
713 1584 816 1654 peccari
837 1585 894 1639 sive
950 1592 1000 1630 eos
1015 1577 1105 1632 forma
1120 1579 1249 1634 doctrinae
1271 1581 1366 1636 ridens
1381 1583 1542 1653 proiecisse,
1559 1587 1757 1647 liumanasicut

97 1669 275 1739 jusqqaepe,
293 1671 490 1726 obedientium,
519 1670 652 1726 §edeam
668 1688 763 1726 sensus
784 1665 1110 1759 evquensBlrcminibus
1140 1678 1233 1722 eeuset
1256 1684 1318 1724 esse
1347 1673 1552 1738 committenda,
1577 1693 1637 1730 euin
1665 1679 1756 1734 divina

100 1761 142 1826 sit,
158 1759 251 1816 verbis
265 1759 397 1816 inltaerere
417 1774 620 1830 supervacuum
642 1769 692 1816 est.
709 1762 766 1816 Hoc
779 1776 844 1832 ergo
859 1769 899 1815 est

104 1848 176 1917 quod
197 1849 285 1915 docel,
321 1847 392 1918 quod
422 1849 605 1921 unusquisque
627 1850 660 1903 ad
684 1865 763 1919 quam
795 1858 898 1920 partem

100 1936 272 1993 inclinaverit
299 1936 481 1992 obedientiam
506 1953 592 2003 susm,
618 1938 674 1992 sire
691 1937 813 2006 justitia,
840 1940 899 1993 sive

100 2025 219 2097 peccati,
245 2025 269 2080 ei
299 2040 331 2079 se
357 2040 468 2080 servum
499 2025 610 2082 addicit.
642 2027 770 2081 Cavenda
799 2027 899 2097 quippe

102 2122 252 2185 spontanea
275 2113 303 2167 in
322 2122 433 2182 peccato
456 2114 542 2181 ruina,
563 2113 606 2168 val
627 2115 710 2169 saltus
725 2115 896 2183 temerarius,

102 2203 176 2274 quod
197 2201 283 2259 semel
314 2210 450 2272 patratum
471 2203 603 2270 majorem
628 2203 689 2258 lacit
714 2203 897 2274 voluptatem3

103 2291 229 2363 voluptas
239 2291 353 2362 requirit
368 2291 555 2357 iterationem
573 2291 679 2346 iteratio
694 2291 757 2346 lacit
771 2291 898 2346 volunta-

103 2381 171 2435 riam
192 2379 415 2436 consuetudinem
429 2395 436 2445 ;
452 2380 619 2435 consuetudo
642 2381 779 2434 servitutis
802 2395 898 2434 neces·

103 2469 220 2525 sitalem.
244 2468 333 2524 Nostri
359 2484 425 2540 argo
441 2468 512 2537 juris
537 2476 588 2538 est,
613 2468 635 2522 si
657 2469 781 2523 volumus
802 2470 897 2540 jugam

102 2558 237 2614 servitutis
251 2558 391 2627 suscipere
402 2575 410 2625 ;
423 2572 479 2612 non
493 2565 583 2611 autem
596 2566 750 2628 susceptum
766 2573 826 2612 cum
848 2573 899 2614 vo-

102 2647 201 2709 lumus.
212 2646 343 2714 abjicere.

135 2737 227 2791 linas.
240 2736 283 2790 ti.
292 2764 327 2775 -
338 2733 466 2790 ‹Gmtias
476 2741 564 2790 autem
574 2735 642 2803 Deo,
650 2735 721 2804 quod
732 2736 819 2791 loistis
827 2733 899 2791 servi

100 2823 221 2897 peccati,
241 2823 372 2878 obedistis
393 2831 483 2877 autern
499 2839 532 2877 ex
557 2824 640 2878 corde
664 2824 690 2876 in
706 2840 766 2878 eam
785 2825 898 2879 lerinam

103 2914 246 2980 doctrinm,
262 2913 289 2966 in
301 2928 354 2983 qua
370 2912 460 2966 traditi
470 2912 544 2965 estis.
562 2932 573 2961 s
591 2912 900 2985 l‘eriectislricloquitur

101 3018 145 3072 pro
169 3002 270 3074 quibus
296 3002 376 3054 etiam
391 3000 418 3053 in
442 3001 527 3070 eapite
552 3000 631 3068 liujus
652 3001 775 3071 epistolar
796 3004 899 3074 gratias

101 3091 151 3164 agit
171 3092 231 3146 Deo
250 3105 310 3156 suo,
327 3091 390 3161 quia
407 3089 473 3144 fides
488 3104 583 3144 acrum
599 3091 777 3145 nuntiabatur
793 3091 821 3145 in
836 3092 898 3146 uni-

101 3195 176 3235 verso
195 3180 310 3234 mundo.
333 3178 395 3250 itgit
420 3184 509 3233 autern
533 3180 645 3247 gratias,
666 3195 720 3232 non
744 3180 808 3250 quia
830 3184 900 3239 servi

954 1754 1057 1819 mallet,
1078 1757 1099 1808 si
1115 1771 1198 1825 supra
1218 1757 1359 1812 hominem
1377 1761 1571 1830 aliquantulum
1588 1781 1636 1820 eos
1659 1768 1726 1836 prol
1740 1797 1755 1809 -

954 1842 1022 1896 cisse
1037 1842 1200 1898 adverteret.
1220 1868 1230 1890 «ι
1248 1846 1412 1911 llumanum,
1432 1849 1556 1921 iniquit,
1573 1855 1643 1923 quod
1659 1861 1755 1926 petes·
1847 1914 1853 1921 ,

954 1930 988 1983 tis
1012 1939 1130 2000 portare,
1154 1955 1164 1977 e
1191 1931 1262 1988 dico.
1291 1934 1439 2003 »Quando
1463 1939 1619 1995 exhibuistis
1635 1944 1756 1999 membra

957 2025 1043 2073 restra
1058 2019 1195 2090 iniquitati
1210 2021 1244 2075 arl
1265 2022 1370 2094 flagitia
1394 2027 1585 2095 perpetranda,
1606 2029 1686 2085 timor
1707 2047 1756 2087 sos

954 2105 1070 2162 ducebat
1084 2107 1119 2160 ad
1133 2118 1287 2178 peccatum,
1304 2127 1338 2164 an
1354 2114 1473 2167 suavitas
1487 2116 1591 2185 peccati
1602 2118 1615 2169 ⁸?
1627 2118 1754 2190 Respon-

954 2193 1060 2260 debitis,
1077 2196 1212 2251 soaritas.
1229 2197 1268 2251 ttd
1282 2203 1423 2268 peceatum
1437 2218 1505 2274 ergo
1525 2205 1646 2260 suavitas
1658 2206 1732 2264 ducit
1745 2225 1752 2271 ;

953 2282 1129 2351 adjustitiam
1146 2301 1210 2340 vero
1229 2287 1311 2341 timor
1326 2288 1454 2360 impingit
1465 2292 1479 2342 ⁵?
1495 2291 1553 2346 lloc
1573 2292 1753 2352 inhumanum

953 2378 1005 2424 est.
1024 2371 1115 2425 Potius
1128 2372 1275 2427 humanum
1292 2380 1342 2443 est,
1359 2384 1387 2429 ut
1406 2379 1477 2432 sicut
1492 2381 1553 2446 lice,
1569 2381 1609 2435 sic
1624 2390 1650 2436 at
1669 2383 1749 2441 illud.

954 2458 1027 2514 Sicut
1043 2460 1069 2513 in
1090 2461 1167 2514 vobis
1183 2462 1232 2515 luit
1248 2463 1377 2518 hactenus
1390 2464 1476 2521 libido
1493 2467 1672 2541 voluptasque
1687 2488 1754 2542 pee-

953 2546 1003 2599 rati
1017 2565 1023 2609 ;
1036 2547 1077 2602 sic
1092 2549 1191 2604 amodo
1207 2551 1351 2607 delectatio
1368 2554 1415 2615 sit,
1437 2556 1612 2628 charitasque
1628 2559 1753 2627 justitia.

953 2635 986 2688 Et
1001 2637 1059 2689 haec
1074 2636 1184 2705 quidem
1202 2639 1321 2693 nandum
1345 2640 1452 2695 videtur
1474 2644 1603 2712 perlecta,
1620 2648 1669 2703 sed
1684 2667 1756 2722 quc-

952 2722 1101 2779 dammodo
1120 2725 1211 2779 adulta
1223 2727 1344 2796 justitia.
1361 2730 1422 2784 Plus
1437 2732 1540 2803 quippe
1551 2736 1687 2791 servitutis
1701 2737 1753 2794 de·
1782 2731 1787 2739 ’

953 2811 1034 2866 betur
1049 2813 1161 2881 justitiae
1187 2832 1267 2886 quam
1287 2825 1401 2886 peceato
1423 2819 1510 2876 solent
1527 2823 1651 2879 homines
1674 2827 1755 2882 exbi-

953 2900 1028 2955 bere.
1044 2903 1113 2956 Nam
1131 2919 1211 2973 prena
1230 2906 1351 2976 corporis
1367 2907 1417 2961 etsi
1442 2924 1496 2963 non
1509 2926 1525 2964 a
1540 2911 1688 2981 voluntate,
1712 2924 1753 2971 ta·

953 3004 1016 3044 men
1048 2999 1160 3047 revocat
1182 2994 1217 3047 ab
1240 3009 1321 3064 opere
1354 2997 1479 3065 peccati;
1500 2999 1606 3067 justitia
1626 3017 1693 3058 vero
1714 3005 1754 3061 sic

956 3078 1074 3132 amanda
1093 3087 1144 3146 est,
1160 3087 1188 3133 ut
1202 3081 1234 3134 ab
1249 3082 1307 3149 ejus
1324 3084 1453 3152 operibus
1469 3086 1549 3140 etiam
1563 3104 1645 3157 pirna
1659 3107 1755 3162 corpo·

955 3165 993 3219 ris
1008 3167 1135 3223 cohibere
1150 3185 1204 3224 non
1220 3170 1330 3224 debeat.
1353 3172 1426 3226 Sicut
1442 3189 1508 3244 ergo
1520 3175 1565 3229 ille
1581 3186 1623 3232 est
1636 3179 1755 3250 iniquis-

105 3266 343 3338 lueruntpaccati,
370 3266 497 3337 sedquia
516 3267 591 3320 servi
612 3266 810 3336 laetijustitiae,
832 3284 902 3324 con.
955 3253 1049 3320 simus,
1074 3273 1153 3327 quem
1185 3273 1235 3312 nec
1258 3275 1346 3329 prenae
1367 3262 1527 3331 corporales
1556 3265 1692 3321 ‹leterrent
1718 3268 1753 3324 ab

102 3356 253 3412 suetudinis
269 3353 900 3426 necessitatem,etindignampeccatiabjece·
955 3343 1101 3398 immundis
1140 3346 1270 3414 Operibus
1307 3347 1423 3403 ⁵0ld1dffl
1460 3351 1624 3422 l'⁰¹¹¹l1lllls3
1642 3354 1679 3409 iifl
1706 3355 1753 3413 illo

101 3453 160 3500 ruat
174 3443 344 3507 servitutem,
361 3442 575 3512 quiainsolitum
591 3450 618 3498 et
629 3441 736 3498 difficile
747 3452 900 3502 estmutare
952 3431 1129 3501 lusfisssifflusi
1150 3433 1195 3502 (lul
1215 3450 1266 3489 ¹³0⁰
1284 3450 1428 3505 Pss'ssstfflffl
1444 3439 1624 3508 c⁰lll⁰ralium
1651 3449 1754 3501 [ΘΡΓΟΓΘ

104 3533 240 3600 statum,
255 3539 283 3587 et
299 3532 368 3586 sicut
383 3531 521 3585 saecularis
535 3531 671 3601 sapientia
686 3532 760 3597 dicit,
777 3535 901 3589 membra

100 3622 262 3678 cohaerentia
277 3621 381 3690 absque
405 3619 545 3690 sanguinis
569 3621 670 3675 damno
692 3623 825 3691 separari,
845 3624 900 3679 im·

102 3710 229 3782 possibile
250 3717 300 3763 est.
320 3707 486 3763 ‹Obedistis
507 3717 596 3762 autem
613 3710 640 3762 iu
661 3724 722 3763 eam
742 3710 857 3766 sormam
873 3712 900 3766 in

102 3814 182 3869 quam
203 3797 292 3853 traditi
314 3797 389 3851 estis.
409 3819 420 3844 i
437 3797 506 3851 Ecce
525 3804 641 3851 mutatus
663 3796 830 3854 affectus1et
849 3815 900 3870 pro

102 3902 152 3957 quo
166 3902 232 3943 vere
247 3885 359 3940 debetur
373 3883 520 3957 gratiarum
531 3885 613 3939 actio.
624 3885 736 3941 l'idalur
745 3887 790 3943 hic
800 3888 900 3957 aliqui-

101 3974 150 4030 bus
164 3974 326 4046 Apostolum
349 3988 403 4028 nou
418 3973 517 4027 sentire
541 3989 625 4027 uniirn
641 3991 714 4039 esse,
737 3974 899 4044 doctrinam,

103 4064 261 4120 etiormam
280 4062 413 4117 doctrinas
435 4061 482 4116 sed
504 4061 595 4116 minus
619 4063 722 4133 aliquid
745 4062 901 4136 significare

103 4153 216 4209 lormam
231 4150 362 4206 doctrina
377 4165 457 4221 quam
473 4150 561 4220 ipsam
583 4150 745 4217 doctrinam,
762 4162 791 4207 ut
814 4152 901 4208 lorme

104 4241 232 4297 doctrina
248 4239 283 4294 sit
305 4238 379 4311 quod
395 4238 437 4293 hic
459 4238 581 4294 ridemus
602 4255 652 4309 per
673 4241 812 4310 speculum
828 4249 854 4296 et
874 4244 901 4297 iu

104 4327 397 4403 anigmate;doctriea
421 4342 496 4394 vero,
524 4327 616 4382 videre
642 4328 711 4383 lacie
732 4330 765 4383 ad
791 4331 899 4385 t'aciem.

955 3528 1099 3577 revocatur
1124 3525 1265 3577 assuetis
1292 3525 1423 3594 operibus
1438 3524 1580 3582 luminosae
1603 3531 1752 3590 charitatis.

956 3609 1009 3663 Sed
1032 3612 1177 3664 liumaaum
1204 3611 1251 3665 tilii
1271 3611 1345 3680 dieo,
1369 3630 1386 3666 o
1407 3616 1489 3669 lromo
1502 3634 1507 3669 ι
1520 3619 1587 3671 Arna
1606 3618 1753 3690 justitiam,

955 3697 1024 3752 sicut
1038 3699 1134 3753 amasti
1160 3699 1344 3768 iniquitatem.
1374 3703 1404 3756 ln
1424 3703 1564 3772 iniquitate
1589 3716 1704 3764 secutus
1724 3726 1755 3765 es

955 3786 1138 3856 voluptatem:
1155 3803 1206 3857 pro
1247 3789 1350 3856 justitia
1393 3791 1478 3846 tolera
1519 3796 1752 3864 persecutionem.

955 3876 1069 3930 Ventum
1092 3876 1184 3930 estad
1205 3891 1312 3945 aspera,
1333 3880 1481 3946 horrenda,
1508 3884 1670 3954 truculenta,
1697 3887 1753 3941 mi·
1808 3953 1809 3958 ἵ

955 3964 1164 4032 nantia;calca,
1186 3964 1282 4037 lrange
1303 3974 1330 4021 et
1350 3968 1443 4024 transi.
1464 3968 1487 4024 0
1511 3973 1709 4043 amaracus,
1735 3990 1752 4031 o

956 4051 1007 4106 sibi
1036 4052 1132 4122 perire,
1160 4069 1177 4108 o
1203 4055 1237 4107 ad
1266 4055 1353 4110 ileum
1381 4059 1533 4127 perreriire.
1572 4060 1652 4130 «Qui
1681 4072 1755 4120 amat

956 4141 1073 4195 animam
1090 4157 1167 4196 suam
1178 4143 1273 4211 perdet
1287 4161 1346 4198 eam
1361 4162 1367 4207 ;
1385 4157 1410 4199 et
1424 4147 1470 4215 qui
1479 4148 1755 4217 perdideritanimam

954 4243 1032 4284 suam
1048 4237 1161 4300 propter
1176 4248 1229 4299 me,
1255 4232 1282 4285 in
1311 4233 1393 4288 eitam
1408 4243 1536 4290 aeternam
1551 4237 1671 4294 inveniet
1695 4257 1755 4295 eam

955 4315 1050 4385 (loca.
1074 4334 1130 4381 xu;
1147 4319 1245 4375 llaltlt.
1269 4323 1340 4391 xl.»
1363 4321 1409 4377 Sic
1432 4325 1563 4379 amandus
1584 4336 1623 4380 est
1647 4336 1755 4383 amator

106 4419 248 4474 Velm,
260 4416 440 4472 docffinaeesq
454 4424 643 4470 consumma,
665 4422 692 4471 eq
705 4416 774 4472 hene
790 4418 901 4474 sormam
915 4400 940 4459 D
953 4404 1066 4473 justitiae
1081 4421 1087 4460 ε
1103 4406 1143 4462 sic
1161 4409 1294 4463 amandus
1318 4416 1362 4466 est
1386 4420 1493 4467 ornator
1516 4413 1666 4468 invisibilis
1689 4416 1754 4486 pul-

105 4505 226 4563 doctrina
245 4505 367 4574 justitia.
387 4504 438 4558 atii
457 4504 536 4558 aliter
551 4522 558 4567 ;
575 4515 731 4575 proponunt
754 4508 826 4561 enim
846 4517 900 4564 tres

105 4596 205 4651 formas
232 4593 259 4649 in
284 4592 407 4648 doctrina
430 4592 509 4660 littei,
527 4593 695 4656 rationalem,
721 4595 899 4665 spiritualem,

108 4683 335 4739 intellectualem.
354 4681 502 4736 Rationalis
517 4689 556 4738 est
571 4682 597 4735 in
613 4686 827 4740 sacramentiset
841 4702 901 4742 mo·

106 4782 190 4849 tibus,
206 4789 271 4852 apta
281 4780 334 4835 illis
349 4779 512 4847 hominibus,
530 4780 627 4850 quibus
641 4781 773 4838 Dominus
784 4783 850 4839 dicit
874 4786 902 4840 in

106 4880 243 4950 parabolis
258 4878 470 4934 annuntiandum
487 4894 601 4950 regnum
617 4879 676 4934 Dei.
698 4879 851 4952 spiritualis
862 4892 903 4938 est

107 4980 132 5036 in
145 4981 272 5037 lectionis
282 4978 369 5034 studio
383 4986 409 5033 et
424 4977 620 5045 meditationis,
636 4986 664 5033 et
684 4979 817 5047 majorum
833 4982 902 5038 doc·

107 5076 185 5146 trina,
200 5074 368 5132 conveniens
383 5073 422 5128 eis
432 5073 531 5142 quibus
544 5074 677 5129 Dominus
689 5075 773 5131 dicit:
789 5102 799 5125 i
822 5078 904 5134 Vobis

107 5174 194 5231 datum
220 5181 262 5230 ast
284 5189 366 5229 nosse
386 5171 540 5242 mysterium
559 5173 636 5244 regni
661 5172 708 5227 Dei
734 5175 814 5243 (Luc.
835 5177 903 5247 vni).

109 5262 302 5320 intellectualis
325 5268 368 5316 est
381 5260 409 5315 in
428 5259 527 5315 amoris
554 5260 694 5314 illuminati
717 5261 824 5331 allecta,
845 5280 905 5334 quae

110 5353 218 5426 propria
233 5359 276 5407 est
289 5351 453 5407 mundorum
474 5349 605 5414 cordium,
628 5365 688 5420 quae
704 5350 790 5405 Deum
815 5352 905 5408 ridere

108 5437 905 5510 merentur.Rationalisexigitvoluntariamobedientiam,

107 5538 132 5589 el
154 5533 275 5589 actii-arn
295 5527 504 5602 perfectionem,
526 5525 674 5595 spiritualis
699 5526 820 5581 sobrium
836 5545 903 5585 seu·

956 4495 1132 4550 mmwms

993 4601 1079 4656 Vana.
1097 4605 1211 4658 att-r
1238 4602 1304 4657 Cum
1327 4603 1409 4669 enim,
1435 4605 1531 4678 inquit,
1556 4609 1629 4666 servi
1655 4611 1752 4668 essetis

954 4690 1069 4761 peccati,
1083 4689 1160 4744 liberi
1175 4689 1260 4744 inistis
1269 4692 1389 4761 justitiae.
1404 4716 1415 4740 i
1431 4693 1536 4762 Qualis,
1550 4713 1653 4765 quaeso,
1665 4709 1754 4770 potest

956 4778 1029 4832 servi
1044 4778 1144 4832 addicti
1155 4793 1216 4832 esse
1232 4778 1354 4848 libertas,
1372 4781 1422 4835 nisi
1439 4784 1545 4852 quando
1561 4802 1622 4839 euin
1639 4804 1753 4858 peccare

956 4866 1097 4920 delectati
1110 4866 1272 4922 liberaliter
1286 4869 1457 4935 enimserrit,
1475 4872 1520 4942 qui
1535 4873 1575 4926 sui
1590 4874 1691 4930 domini
1704 4893 1755 4933 eo-

956 4954 1086 5009 luntatem
1101 4954 1220 5010 libenter
1239 4956 1312 5025 lacit,
1329 4973 1362 5014 ac
1381 4975 1431 5030 per
1453 4960 1507 5015 hoc
1529 4961 1562 5015 ad
1586 4966 1755 5033 peccandum

957 5043 1098 5112 liberast,
1127 5044 1172 5113 qui
1191 5046 1293 5115 peccati
1321 5063 1417 5105 sertus
1441 5056 1491 5104 est.
1522 5050 1600 5106 Uada
1627 5053 1661 5107 ad
1683 5054 1756 5124 juste

958 5140 1111 5196 laciendum
1133 5141 1206 5196 liber
1224 5159 1278 5198 nou
1293 5144 1360 5200 erit:
1379 5146 1430 5202 aisi
1444 5163 1460 5201 a
1475 5156 1586 5217 peceato
1609 5149 1754 5223 liberatus,

958 5254 1019 5294 essa
1031 5238 1145 5307 justitias
1159 5242 1275 5312 eoeperit
1290 5258 1395 5301 servus.
1412 5246 1475 5316 ipsa
1499 5263 1565 5304 vero
1579 5258 1620 5303 est
1636 5266 1701 5306 vera
1719 5252 1755 5306 li-

958 5335 1061 5406 berias,
1093 5337 1195 5393 habere
1222 5347 1298 5395 recte
1315 5339 1377 5396 lacti
1402 5342 1542 5401 laetitiam:
1560 5346 1640 5401 simul
1656 5356 1682 5404 et
1711 5349 1756 5420 pia

960 5432 1086 5500 servitus,
1116 5436 1242 5506 aruplecti
1271 5438 1397 5510 praecepti
1426 5440 1619 5499 obedientiam.
1647 5445 1701 5501 Sed
1721 5446 1757 5503 ad

959 5531 1028 5587 bene
1058 5532 1210 5588 laciendum
1245 5533 1296 5590 ista
1328 5535 1438 5592 libertas
1468 5538 1539 5597 unda
1568 5544 1620 5599 erit
1653 5543 1757 5599 homini
