3728 6000
76 234 133 294 873

484 236 546 293 ltu.
567 239 612 292 ltu
633 235 887 294 tttSEttttjotttrta
908 237 952 292 ET
970 236 1133 292 ttst'ttht.
1149 269 1184 278 —
1199 240 1283 297 ttttts
1300 242 1320 296 l.

1674 243 1726 299 8ii

73 366 161 438 judici
176 365 256 422 lacile
278 365 414 422 credenda
428 370 500 434 sunt,
517 363 567 419 nisi
595 363 677 420 certis
691 364 796 420 indiciis
823 363 874 419 de·
888 361 917 424 A
931 362 958 416 Si
974 369 1035 418 ante
1050 365 1253 421 ventilationem
1277 368 1439 422 trumentum
1465 366 1506 419 vis
1534 381 1594 421 esse
1622 382 1728 439 purga-

74 465 274 515 monstrentur.

73 571 145 628 Car.
165 574 249 628 tht.
281 572 356 641 Quod
374 589 431 630 uota
448 577 547 630 raoeeut
573 572 652 627 tonis
667 572 809 628 raetorum
826 576 871 627 to·

115 644 249 709 terentio,
273 649 298 700 si
318 650 468 716 quautam,
493 644 753 714 interraneorum
774 647 875 714 potest,

113 715 425 773 correctioudhibeutur
439 732 491 787 pro
516 717 651 787 cujusque
665 715 754 785 gradu
768 719 796 770 et
806 730 874 786 per-

113 803 193 842 sotto.
846 812 857 879 q

116 903 182 958 Item
194 902 359 974 Augustinus
369 902 395 956 in
407 901 476 957 libro
489 903 529 956 ne
541 900 631 955 uerbis
643 899 760 963 Domini,
770 915 831 970 cap.
843 899 877 954 98

75 993 172 1060 (serm.
183 992 227 1057 88,
237 1008 311 1045 uum
326 992 372 1061 ⁶23)
387 1006 392 1045 :
412 993 480 1047 Erec
491 991 637 1062 inquiunt,
653 989 718 1044 dicit
734 990 876 1058 propheta,

74 1080 210 1145 recedite,
225 1081 303 1135 erite
319 1082 401 1136 inde:
424 1085 450 1135 ct
468 1079 645 1134 intremulum
663 1095 698 1133 ue
724 1077 878 1147 tetigeritis

75 1170 147 1241 (Iso.
170 1185 218 1236 ιιι,
245 1172 313 1225 lli:
340 1168 515 1236 *Quontodo
545 1183 611 1239 ergo
637 1166 724 1222 triarios
745 1181 792 1238 pro
812 1180 878 1236 price

76 1257 259 1328 portabimus,
275 1275 290 1311 u
311 1257 408 1326 quibus
433 1257 559 1312 recedere
586 1257 716 1325 jubenuu·
728 1255 742 1307 ¹?
757 1255 812 1309 Nos
828 1256 879 1310 hoe

76 1365 101 1416 s,
115 1347 255 1401 iritualitcr
271 1345 457 1410 intetttuinms.
474 1345 547 1414 Quid
562 1354 604 1399 est
632 1350 744 1414 tangere
759 1344 879 1397 immuu-

77 1435 153 1503 dum,
171 1436 222 1489 nisi
233 1435 386 1490 consentire
402 1435 553 1504 peccatis?
574 1433 642 1501 Quid
659 1441 699 1486 ost
715 1432 789 1487 exire
804 1433 877 1496 inde,

76 1526 130 1579 nisi
151 1524 239 1580 lacere
258 1525 330 1596 quod
357 1525 474 1595 pertinet
503 1523 537 1577 au
563 1521 758 1577 correctionem
790 1520 879 1574 malo-

77 1628 149 1681 rum,
168 1622 298 1685 quantum
312 1629 362 1683 pro
374 1613 507 1684 cujusque
522 1612 612 1683 gradu
640 1622 722 1682 atque
752 1626 876 1680 persona,

931 459 997 516 tum,
1009 459 1054 508 tuo
1069 463 1152 509 rento
1167 455 1284 526 pessimo
1299 455 1483 511 ventilaberis.
1496 480 1506 503 a
1526 455 1600 512 Unde
1615 460 1728 529 hugus·

931 541 1001 597 tinus
1016 542 1054 596 De
1070 543 1179 599 civitate
1195 545 1254 612 Dei,
1276 546 1323 602 lih.
1340 562 1358 600 u
1375 566 1380 600 :
1403 569 1414 594 a
1432 544 1487 601 Sed
1501 546 1561 617 quin
1578 544 1627 601 iste
1641 547 1727 614 auoit,

931 630 975 685 ille
995 633 1156 700 contemnit,
1176 633 1323 706 pluresque
1345 635 1416 689 vittis
1435 634 1505 690 male
1525 633 1731 691 blandientibus

932 735 1012 790 quum
1042 721 1149 775 utilitati
1179 723 1386 777 virtutumsunt
1404 723 1582 788 amicitiores,
1613 725 1731 779 tolerare

932 808 1031 863 Christi
1047 810 1140 864 iumuli
1152 810 1292 879 jubemur,
1309 813 1366 867 sire
1382 819 1443 866 sunt
1460 828 1550 883 reges,
1581 812 1639 868 sire
1667 822 1730 867 sunt

932 898 1077 968 principue,
1095 900 1262 967 reljudires,
1295 901 1339 955 rel
1364 902 1477 968 militen,
1508 900 1551 955 rel
1580 903 1732 972 prouincia-

933 989 981 1056 lcs,
998 988 1040 1042 rel
1056 988 1167 1058 divites,
1184 990 1225 1043 rel
1242 1006 1386 1059 paliperna,
1415 990 1457 1044 rel
1480 990 1569 1056 liberi,
1587 991 1628 1044 rel
1654 992 1731 1045 serti

933 1078 1085 1131 utriuslibet
1100 1094 1192 1139 sexus,
1214 1079 1306 1145 etiam,
1333 1080 1355 1132 si
1380 1095 1493 1133 necesse
1516 1080 1559 1148 sit,
1585 1081 1731 1150 pessimam

934 1165 1152 1238 flagitiosamque
1176 1168 1386 1238 rempublicam,
1401 1176 1427 1222 et
1452 1167 1478 1220 iu
1501 1169 1546 1222 iliu
1572 1169 1730 1240 angelorum

934 1263 1087 1309 sanctorum
1104 1256 1206 1310 coelesti
1222 1257 1370 1326 republica,
1400 1257 1445 1310 uhi
1470 1257 1518 1310 Dei
1548 1257 1673 1312 rohmtas
1689 1259 1732 1313 lex

933 1354 985 1410 est,
1011 1344 1190 1398 clarissimum
1216 1346 1265 1398 sibi
1291 1347 1378 1400 locum
1405 1347 1455 1399 ista
1480 1346 1623 1399 tolerantie
1647 1363 1731 1417 paren

935 1433 980 1486 bit.
1001 1433 1244 1497 athalanticum
1267 1435 1337 1488 libro
1355 1436 1393 1489 De
1415 1434 1609 1504 qumstionihus
1638 1437 1732 1491 Eram-

934 1520 1085 1589 geliorum:
1106 1522 1191 1575 «Nem
1215 1523 1343 1591 probatur
1367 1524 1443 1576 l'ortis
1465 1523 1585 1594 grauitas
1614 1523 1733 1578 humen·

934 1617 1032 1673 torum,
1049 1610 1101 1663 nisi
1115 1611 1363 1680 perturbationibus
1383 1612 1506 1682 palemo
1535 1610 1608 1679 tirius
1633 1614 1654 1666 si
1672 1616 1733 1684 quis

76 1703 152 1758 salsa
168 1719 246 1774 paee,
268 1700 326 1756 heri
349 1704 465 1772 potest‘?
491 1700 675 1772 lleclarguisti,
696 1699 852 1770 corripuisti
869 1714 875 1767 ;
892 1720 918 1780 B
935 1699 1115 1767 comprimere
1131 1714 1182 1754 tion
1207 1701 1316 1769 poterit,
1333 1701 1446 1754 veritate
1470 1699 1593 1764 dcleusn,
1618 1705 1735 1757 cesserit

78 1793 193 1847 aditibus
220 1792 311 1858 etiam,
341 1793 364 1845 si
399 1807 442 1846 res
461 1790 556 1860 exigit,
587 1805 736 1861 congruam
764 1799 790 1843 et
816 1804 878 1857 qum¹

78 1882 209 1936 unitatem
221 1896 273 1935 non
289 1879 373 1936 violat
387 1880 560 1950 ‹tiseiplinam
578 1897 584 1932 z
611 1878 687 1932 eristi
703 1878 779 1932 inde.
800 1879 879 1931 bilior

77 1970 159 2024 estin
174 1979 320 2041 corispectu
336 1969 395 2036 Dei,
420 1970 463 2024 cui
489 1970 561 2023 Deus
586 1984 673 2036 neque
694 1983 741 2020 sun
765 1966 878 2037 imputat

77 2068 201 2131 peecata,
219 2059 281 2130 quia
297 2056 448 2118 nealcen:
466 2073 555 2128 neque
571 2057 671 2120 ulienn,
689 2057 752 2126 quie
767 2071 879 2125 nonup-

77 2149 225 2220 probarit3
243 2164 333 2220 neque
359 2146 568 2217 negligentiam,
596 2144 664 2216 quia
688 2161 741 2198 uon
771 2145 876 2213 tacuit;

77 2237 349 2307 nequesuperhiam,
366 2236 431 2307 qum
456 2237 483 2288 in
512 2235 614 2288 ienitate
642 2234 802 2303 permansit.
831 2233 879 2287 Sic

78 2341 155 2398 ergo,
174 2324 349 2389 lratresnrei,
380 2328 514 2394 quotquot
550 2322 653 2376 habetis
684 2337 782 2376 avaros
809 2322 880 2375 iuter

79 2431 139 2479 voa,
155 2414 290 2485 perjuros,
308 2413 451 2474 adulteros,
470 2420 495 2466 et
506 2416 621 2467 eaeterns
636 2410 734 2476 mulos,
751 2419 878 2480 quantum

79 2504 194 2575 potestis
207 2503 313 2575 arguite
330 2519 336 2556 :
354 2508 381 2556 et
404 2500 489 2556 nolite
505 2501 695 2556 consentire.»

115 2628 184 2684 Car.
202 2627 301 2682 Xlilll.
324 2626 400 2694 Quod
416 2625 557 2680 toterreudi
580 2625 638 2679 sint
654 2626 726 2681 mciii
740 2642 790 2698 pre
810 2627 879 2681 uui·

325 2703 382 2752 tute
397 2699 475 2768 prucis
490 2697 639 2752 seruanda.

114 2804 197 2876 Quod
211 2805 283 2859 enim
299 2804 385 2857 unitas
400 2803 518 2856 timenda
536 2803 580 2870 sit,
600 2803 770 2873 hugustiuua
784 2810 879 2857 contra

79 2893 236 2950 Donatistae
263 2893 365 2947 docet:
399 2914 409 2938 u
434 2891 569 2945 Dominus
596 2906 737 2945 serrorum
766 2907 877 2945 errorum

79 2982 248 3039 tolerantiam
273 2979 451 3044 couttrmauit,
480 2996 523 3043 ne,
555 2979 617 3032 ditm
643 2996 673 3033 se
703 2978 878 3050 bonipntunt

934 1788 1036 1841 ttrritnte
1052 1796 1165 1842 serrata.

933 1913 1001 1968 Car.
1021 1912 1120 1969 xttv.
1146 1914 1221 1979 Ueteri
1247 1913 1400 1983 aliquunde
1426 1914 1568 1970 tolerandi
1589 1918 1649 1971 siut
1664 1917 1735 1973 arieli

1166 1987 1223 2040 soto
1236 1988 1353 2056 pictatia
1374 1987 1497 2040 iutuitu.

969 2099 1013 2153 Sic
1032 2099 1180 2170 aliqnando
1206 2099 1338 2154 tolerandi
1363 2108 1425 2153 sunt
1446 2100 1521 2166 mali,
1537 2108 1565 2155 ut
1581 2103 1669 2156 unitas
1685 2102 1736 2161 Ec·

933 2188 1023 2242 clesiae
1035 2197 1062 2242 et
1076 2204 1128 2258 pax
1145 2204 1198 2242 non
1220 2189 1362 2243 turbetur:
1392 2189 1537 2259 aliquando
1553 2191 1612 2244 solo
1629 2192 1736 2258 pietatis

934 2285 959 2330 et
972 2277 1112 2332 charitatis
1136 2277 1240 2329 intuitu.
1262 2277 1339 2332 Unde
1363 2277 1390 2329 in
1413 2275 1483 2331 libro
1499 2293 1517 2331 u
1534 2280 1677 2350 Augustini
1695 2282 1734 2336 Ue

933 2381 1068 2420 consensu
1080 2365 1288 2435 lirangeliorum
1303 2366 1376 2434 (cap.
1389 2366 1451 2434 tuh:
1467 2389 1477 2411 u
1493 2368 1641 2435 Apostolus
1654 2368 1733 2423 dicit:

933 2454 1230 2509 ttrerntturmouara
1242 2457 1365 2525 portata,
1374 2463 1531 2508 etrnrsurn:
1544 2456 1736 2530 Unusquisque

932 2559 1004 2597 onus
1022 2558 1103 2596 aarum
1126 2541 1251 2611 portabit
1266 2543 1372 2612 (Galat.
1394 2559 1433 2607 rr,
1457 2546 1494 2613 5).
1527 2543 1579 2598 seu
1596 2545 1650 2598 elia
1673 2555 1735 2600 sunt

933 2645 1016 2685 onera
1030 2630 1224 2700 participandae
1239 2630 1404 2684 infirmitatis
1421 2651 1428 2694 ·,
1454 2632 1507 2685 alia
1523 2632 1670 2688 reddenda·
1685 2650 1735 2689 ru-

934 2719 1012 2772 tionis
1028 2718 1060 2771 do
1079 2718 1182 2772 actibus
1207 2720 1316 2773 nostris.
1343 2719 1391 2773 llla
1414 2735 1475 2774 enm
1501 2718 1631 2775 iratribus
1656 2736 1734 2776 cnm-

933 2809 1113 2870 munieantur,
1129 2807 1187 2861 luce
1202 2807 1313 2877 propria
1336 2809 1369 2860 ab
1392 2823 1557 2878 unoquoque
1580 2817 1732 2879 portantur.

933 2894 985 2964 Qui
1009 2900 1120 2965 portant
1144 2894 1261 2949 inuicem
1287 2911 1369 2949 onera
1395 2912 1452 2961 sua,
1483 2896 1535 2949 nisi
1559 2898 1605 2969 qui
1630 2899 1732 2954 habent

933 2984 1113 3038 cliaritatem‘.t
1129 2982 1179 3051 Qui
1196 3000 1249 3037 non
1265 2984 1367 3038 babent
1379 2985 1537 3039 charitatem
1556 2996 1734 3056 gravassent

77 3072 213 3128 malorum
228 3069 404 3139 pnrutistione
422 3066 536 3136 culpari,
566 3084 614 3136 per
642 3067 776 3121 humanas
793 3077 819 3121 et
835 3075 877 3121 te·
893 3075 918 3139 c
934 3072 994 3126 sibi.
1011 3072 1051 3126 Ne
1067 3076 1207 3142 prematur
1222 3073 1320 3125 talibus
1341 3072 1468 3126 oneribus
1490 3089 1542 3127 non
1568 3075 1671 3141 timeat,
1686 3077 1733 3131 sed

78 3159 212 3215 meratius
231 3157 422 3219 dissentiones,
452 3163 498 3209 aut
526 3155 653 3223 paruulos
681 3154 804 3224 perdant,
834 3163 879 3210 aut
934 3177 967 3215 ne
990 3169 1127 3230 prematur
1159 3160 1276 3229 peccatis
1306 3160 1362 3213 suis
1392 3161 1576 3232 utiusquisque
1600 3164 1729 3218 attondat.

78 3248 186 3320 parvuli
203 3254 322 3317 pereant.
339 3243 416 3312 Quod
434 3259 520 3313 usque
554 3242 622 3297 adeo
651 3243 878 3298 carendumcce-
932 3248 1444 3319 Nam,quandoportasintirmitutem
1465 3247 1731 3316 lratristui,nonte

78 3338 152 3393 lestis
170 3336 300 3406 Magister
316 3332 488 3403 premonuit,
505 3339 533 3385 ut
561 3331 693 3386 etiamde
722 3331 879 3401 praepositis
932 3344 1169 3405 onerantpeccata
1186 3335 1260 3403 ejus;
1286 3335 1365 3404 plane
1390 3336 1413 3388 si
1436 3338 1731 3407 consentias,jnmuia

79 3425 165 3482 maiis
185 3419 556 3494 Uitbssfflfflfflfflmftlcssiei»
574 3436 607 3473 sse
627 3418 878 3488 Ul⁰ll¹⁰l5110⁸d0·
933 3431 1169 3490 tenuerunt,non
1189 3423 1312 3477 alterius.
1342 3423 1437 3477 Vidisti
1461 3424 1559 3490 iurem,
1587 3427 1730 3482 cucurristi

76 3516 173 3572 ctrinre
186 3512 311 3568 salutaris
325 3508 457 3565 cathedra
472 3509 652 3573 desereretur,
670 3508 760 3579 inqua
775 3523 878 3579 cogun-
932 3530 992 3569 eum
1009 3529 1056 3568 eo:
1075 3514 1146 3582 quot
1163 3511 1248 3582 ipsius
1263 3519 1329 3578 erut,
1355 3513 1455 3567 sactum
1485 3512 1572 3567 sulum
1588 3523 1628 3568 est
1643 3525 1727 3580 tuum,

77 3601 204 3659 tornati
219 3600 291 3654 aona
305 3599 425 3652 discere·
442 3619 452 3645 »
484 3597 550 3650 tum
566 3595 733 3665 Arentinus
752 3597 786 3650 ut
803 3595 878 3650 utu-
932 3603 995 3673 que
1010 3601 1109 3672 praeter
1125 3599 1184 3652 nae
1204 3599 1232 3654 st
1248 3607 1337 3654 aurem
1364 3600 1605 3670 deminuuntur,
1622 3612 1647 3657 u
1662 3618 1729 3659 ou.

77 3691 244 3760 sum(epist.
262 3690 307 3757 tt)
324 3705 330 3739 ε
350 3710 360 3733 u
387 3685 558 3754 Oirjiciuutur
584 3684 792 3739 nobisntitniuu
816 3699 878 3739 tuu-
932 3691 1123 3759 verispr0e0,
1141 3688 1359 3758 portusalterius
1388 3704 1483 3753 onera,
1511 3699 1539 3743 ut
1555 3690 1624 3745 atius
1639 3699 1730 3762 portet

76 3780 367 3840 10t11m·¹10¹¹⁰08ltt‚
388 3775 434 3829 sed
451 3774 548 3837 alienu,
571 3782 598 3828 et
612 3772 669 3842 ipsu
684 3773 781 3842 partim
798 3772 877 3828 ineo·
931 3786 986 3841 tua,
1004 3786 1030 3830 et
1045 3776 1161 3846 implesti
1177 3775 1266 3848 legem
1284 3776 1393 3830 Christi.
1419 3800 1429 3821 a
1447 3778 1525 3832 Unde
1540 3777 1568 3831 in
1582 3778 1651 3834 libro
1663 3782 1729 3836 Ser-

77 3869 165 3942 gnita.
183 3867 250 3937 Quae
264 3865 286 3918 si
300 3864 383 3919 etiam
412 3878 477 3917 vera
507 3862 658 3932 praesentiae
688 3861 821 3932 ridemus,
851 3870 878 3916 et
931 3864 1313 3921 monishominiinmonto:
1336 3887 1346 3913 t,
1365 3864 1543 3920 paulusdjcq
1567 3883 1616 3937 pp,
1639 3870 1730 3925 chari,

76 3957 315 4025 uizaniiapropter
344 3952 482 4006 lrtrrueuta
507 3957 658 4020 paroentes,
687 3949 876 4019 impunitatem
931 3961 1012 4009 tatem
1029 3953 1133 4007 seruire
1158 3951 1290 4006 invicem:
1313 3952 1385 4021 quod
1407 3950 1532 4007 lierinou
1555 3960 1653 4025 petest,
1679 3957 1729 4013 nisi

77 4046 267 4108 toleraremus,
292 4057 348 4096 nou
369 4041 457 4094 solum
486 4039 559 4092 nulla
588 4039 809 4109 reprehensione,
828 4038 875 4093 sed
930 4039 1237 4097 alterinsintirmitntem
1257 4040 1369 4111 quisque
1395 4042 1493 4095 hahent
1516 4043 1585 4097 sicut
1600 4061 1685 4113 suam,
1701 4055 1730 4101 ut

76 4137 160 4191 etiam
175 4148 228 4188 non
244 4145 329 4201 parra
351 4128 433 4184 laude
448 4144 499 4182 nos
525 4127 622 4199 dignos
636 4127 738 4181 diceret
753 4126 877 4197 quisquis
930 4149 990 4187 eam
1005 4130 1194 4202 aequanimiter
1209 4129 1289 4184 serat.
1309 4153 1319 4175 u
1341 4129 1416 4185 Unde
1441 4130 1608 4203 Augustinus
1628 4134 1655 4188 in
1673 4135 1730 4204 epi.

76 4231 186 4280 sanetas
215 4221 368 4290 Scripturas
395 4233 448 4272 non
486 4216 568 4271 corde
596 4216 692 4270 surdus
717 4215 831 4270 audiret.
863 4239 874 4264 ι
929 4220 999 4275 51013
1027 4221 1083 4291 (qq,
1100 4220 1138 4274 aa,
1156 4222 1183 4287 9)
1211 4218 1244 4274 gd
1272 4218 1489 4290 Hieronymum:
1521 4221 1646 4276 ,pacm
1669 4239 1729 4279 sum

78 4313 157 4368 Unde
185 4308 355 4378 Augustinus
384 4321 467 4376 super
503 4306 634 4359 ioannem
662 4304 690 4358 in
714 4320 774 4375 cap.
805 4304 837 4357 to
869 4321 875 4358 :
928 4306 1392 4376 intumisinfirmus,e0mpassioue
1410 4308 1727 4378 scilicetruisericordiae,

79 4399 182 4470 aonio
196 4397 279 4455 voluit
295 4395 426 4451 Dominus
444 4394 590 4448 admonere
605 4393 757 4449 Ecclesiam
787 4408 984 4486 sunm,Dnen
1000 4396 1171 4451 simulatione
1187 4395 1310 4449 fallacia.
1332 4395 1373 4449 tnr
1388 4396 1459 4450 enirn
1488 4405 1613 4467 tanquam
1642 4414 1729 4470 agre·

76 4488 186 4564 quandO
205 4502 286 4541 ultum
301 4484 436 4555 perditum
453 4482 522 4536 iulet
549 4481 694 4537 duodecim
708 4482 808 4537 habeto
824 4496 875 4538 tu·
930 4495 972 4541 tus
986 4485 1034 4555 qui
1050 4484 1181 4538 ministrat
1196 4499 1290 4552 aegro:
1308 4499 1360 4538 non
1376 4500 1438 4539 curn
1462 4500 1492 4538 se
1521 4485 1613 4539 letires
1628 4488 1728 4542 habere

76 4579 138 4643 ltili.
153 4576 205 4631 nisi
219 4583 248 4629 ui
263 4574 348 4628 fflUlOS
363 4571 519 4636 metemus.
536 4586 570 4625 ΗΘ
589 4585 688 4640 corpus
716 4569 818 4624 Chtisii
834 4570 875 4623 dl·
930 4575 1067 4642 mentitur,
1082 4573 1129 4626 sed
1144 4589 1205 4627 cum
1222 4573 1312 4626 auimo
1337 4572 1511 4628 corrclolentis
1534 4576 1635 4645 cogitat
1659 4592 1728 4647 que-

76 4667 204 4723 ritlamua
218 4665 232 4718 ‘t
247 4664 317 4718 Ecce
346 4662 416 4715 inter
444 4666 552 4715 sanctos
580 4665 620 4713 est
645 4658 737 4725 tatas,
753 4673 818 4715 eece
834 4657 877 4712 tur
930 4662 1011 4717 modo
1026 4662 1076 4715 sibi
1091 4661 1186 4714 serviri
1207 4660 1288 4715 vellet
1311 4661 1335 4713 si
1357 4661 1415 4728 ipse
1437 4670 1591 4731 aegrotaret.
1613 4688 1624 4710 a
1651 4665 1729 4720 Unde

77 4761 130 4821 est,
146 4762 173 4810 et
190 4768 224 4808 ne
238 4761 420 4810 contemnas;
451 4749 549 4802 lurest
577 4756 604 4801 et
633 4746 793 4818 sacrilegus,
821 4761 877 4801 uon
932 4751 1098 4822 Augustinus
1112 4750 1138 4802 in
1154 4749 1222 4803 libro
1238 4748 1425 4816 Quaestionum
1442 4765 1501 4820 cap.
1520 4755 1568 4806 83:
1588 4776 1599 4799 t
1613 4754 1729 4825 trocigq.

79 4839 356 4915 qualiscunquesed
382 4837 491 4892 Domini
516 4837 676 4902 loculorum,
702 4835 749 4891 sed
780 4850 876 4891 aaaro-
932 4838 1204 4893 tureahibeamusei
1229 4837 1306 4904 errius
1335 4835 1731 4909 inhruritatemportarerotu·

73 4948 147 4989 rum.
164 4931 236 4986 Talis
250 4927 335 4982 iudas
346 4942 406 4982 cum
422 4924 562 4995 discipulis
575 4924 610 4978 ad
626 4939 734 4979 crunam
750 4923 877 4979 Domini·
931 4944 1000 4994 mus,
1017 4926 1088 4995 quod
1105 4927 1139 4979 ab
1163 4926 1209 4981 illo
1231 4926 1375 4980 extrihctur
1399 4927 1487 4993 nobis,
1510 4930 1533 4981 si
1555 4928 1621 4983 sorte
1647 4931 1672 4985 in
1698 4947 1729 4985 ea

73 5037 135 5077 ⁰³¹1]
151 5021 267 5075 messii
282 5035 290 5082 3
306 5013 464 5071 00¹¹V0f³³ti
488 5028 550 5068 cum
566 5013 606 5066 tis
621 5012 717 5083 potuit,
734 5013 877 5084 inquinate
932 5031 1061 5071 essemus.
1082 5037 1091 5062 v
1107 5014 1184 5070 Unde
1200 5014 1349 5084 Gregorius
1370 5014 1397 5068 in
1408 5014 1479 5070 libre
1494 5015 1630 5073 Pastnrali
1648 5024 1729 5088 (part.

74 5126 125 5167 eos
139 5124 193 5164 non
209 5106 304 5178 potuit.
323 5127 334 5152 a
353 5106 419 5157 item
432 5102 603 5172 Augustinus
620 5103 646 5155 in
662 5102 730 5156 libro
745 5102 876 5168 secunde,
932 5120 961 5168 u,
972 5120 1032 5175 cap.
1044 5108 1073 5156 tt
1089 5102 1144 5174 [to]
1155 5118 1161 5156 :
1174 5126 1184 5151 e
1197 5103 1382 5158 Considamus
1395 5104 1526 5175 teipsum,
1538 5123 1574 5162 ue
1584 5112 1611 5162 ec
1624 5113 1656 5162 aa
1669 5115 1730 5162 ren.

74 5200 140 5256 tono
155 5194 357 5268 Depastoribus
374 5212 380 5246 :
400 5192 520 5245 «Veniet
532 5190 630 5245 messis
643 5197 669 5245 et
680 5192 878 5260 separabuntur
933 5192 1207 5248 ter-iehcsidicat:
1235 5191 1302 5246 Cum
1331 5192 1455 5261 displicet
1481 5210 1516 5246 ex
1543 5195 1630 5249 alirino
1653 5194 1730 5250 intir-

76 5286 177 5343 zizania
192 5284 323 5339 autnon.
339 5281 400 5336 Non
415 5284 456 5334 est
472 5280 553 5334 modo
569 5279 746 5348 separationis
760 5287 877 5349 tempus,
932 5282 1025 5336 mitete
1040 5279 1112 5349 quod
1127 5280 1274 5349 conspicis,
1297 5296 1380 5350 pensu
1398 5282 1471 5352 rpmd
1488 5299 1526 5347 es,
1544 5294 1571 5336 ut
1586 5284 1621 5337 ah
1638 5285 1732 5339 inore-

77 5375 128 5432 aed
147 5371 322 5429 tolerationis.
337 5369 417 5423 Nune
431 5377 521 5422 autem
542 5368 615 5421 Deus
635 5375 716 5433 tacet,
739 5375 765 5422 tu
779 5367 823 5421 ris
838 5368 877 5423 lo·
934 5369 1121 5441 pationiszelo
1137 5368 1289 5438 suspiritus
1312 5377 1453 5438 tenrporm,
1475 5371 1540 5425 dnm
1557 5373 1608 5427 sibi
1625 5389 1734 5444 qtroque

78 5465 128 5537 qui
141 5464 157 5518 ‘t
172 5462 232 5532 lpse
247 5468 317 5515 tacet
330 5474 345 5512 a
359 5456 478 5512 vindicta
492 5456 596 5526 judicii,
614 5472 669 5511 non
684 5472 700 5511 a
715 5455 801 5511 verbo
816 5472 879 5512 cer·
934 5459 1008 5532 quod
1023 5458 1142 5528 increpat
1158 5457 1242 5512 timet.
1261 5481 1271 5505 ι
1288 5460 1355 5512 item
1372 5475 1404 5512 ex
1427 5459 1542 5528 epistola
1565 5462 1674 5517 Consilii
1699 5462 1734 5517 ad

78 5549 222 5626 reptionis.
246 5551 309 5620 lpse
333 5547 454 5601 nondum
474 5553 592 5618 separat,
618 5554 645 5601 tu
672 5547 880 5616 risseparare?
935 5547 1093 5604 Donatistae
1110 5562 1116 5601 :
1134 5546 1286 5617 «Quisquis
1314 5547 1343 5601 iu
1372 5548 1495 5604 Ecclesia
1524 5551 1593 5607 berre
1622 5552 1735 5620 riserit,

188 5675 311 5731 Parnon.
329 5670 467 5728 CLXXX.
1596 5675 1633 5732 28
