3728 6000
80 232 135 293 ηδ
776 222 925 289 matema
940 228 1044 290 stunt.
1683 235 1737 296 416

80 352 243 418 substantia,
260 352 287 407 in
303 367 360 423 qua
374 350 524 408 subsistunt
537 366 709 423 quacunque
722 354 810 418 sunt;
831 349 880 406 sad
893 351 922 412 A
936 357 1028 407 nmen
1050 350 1195 407 dicendum
1219 353 1271 417 est,
1296 352 1361 422 quia
1385 354 1456 409 sicut
1479 357 1600 411 essentia
1619 357 1739 415 continet

79 443 117 499 sd
130 441 280 499 dicendum
294 440 367 511 qnod
382 440 417 495 de
435 438 520 496 rebus
541 438 698 509 hujusmodi
721 437 816 494 sentiri
841 442 887 494 ut·
942 439 1072 495 unitatem
1089 458 1096 505 ;
1113 440 1154 495 sic
1172 437 1269 494 relatio
1294 440 1420 510 praedicat
1443 443 1616 499 Trinitatem.
1642 446 1741 502 Errare

80 547 190 601 cunque
217 536 317 601 potest,
345 528 426 584 verba
453 527 595 585 deliciunt.
625 529 684 584 lloc
713 543 780 600 ergo
805 526 888 583 ruodo
941 536 1032 583 autem
1047 527 1074 582 in
1087 526 1141 583 lide
1156 527 1235 582 unius
1256 526 1337 596 illius,
1363 529 1398 585 de
1419 547 1473 603 quo
1497 532 1630 589 Dominus
1652 532 1741 600 dioitg

81 621 194 678 nomina
209 617 302 673 divina
316 633 348 673 ea
363 633 424 687 quas
438 617 474 672 ad
497 626 653 673 creaturam
678 626 750 683 suut,
776 615 889 674 relativa
941 618 996 688 Epo
1010 620 1040 672 et
1054 614 1149 672 Pater
1161 633 1253 672 orrum
1266 632 1365 675 romae
1380 617 1475 690 (donn.
1494 620 1533 690 x),
1549 635 1601 677 nec
1615 635 1742 677 commu·

80 705 262 781 intelligenda
282 713 347 762 suut
362 726 368 761 :
385 722 447 778 que
462 706 525 763 licet
540 705 594 760 siut
608 705 644 762 ad
659 704 837 776 temporalem
861 713 890 762 ct
942 720 1006 760 nem
1029 705 1064 760 da
1088 719 1121 761 eo
1144 705 1265 760 omniurn
1289 705 1498 764 aestimationem
1522 709 1744 775 trabere,scilicet

80 797 242 854 mutabilem
258 804 419 860 creaturam,
444 803 555 851 nerum
577 802 668 850 nmen
691 802 718 849 et
733 793 887 850 incommu-
943 794 1016 864 quod
1031 792 1163 850 Dominus
1179 794 1347 859 Deus,Deus
1358 812 1429 851 uuus
1441 795 1476 851 sit
1488 798 1584 866 (Dent.
1596 800 1646 867 vr),
1660 813 1743 856 nemo

80 886 176 943 tabilis
202 884 327 941 εεεειιιὶεε
355 883 466 940 uomina
494 891 565 949 sunt,
584 890 611 939 et
636 898 685 938 suo
712 881 794 938 modo
818 882 888 938 asti·
942 890 1042 953 potest,
1057 881 1103 954 qni
1117 881 1228 937 rationis
1243 883 1369 940 hnmanae
1393 885 1566 956 quantumvis
1590 902 1686 958 parurn
1707 885 1742 943 sit

82 975 184 1031 manda
200 979 272 1029 sunt.
289 975 357 1029 Cum
372 972 444 1028 euim
460 973 488 1027 in
503 973 571 1036 Deo,
588 972 616 1026 in
631 987 685 1043 quo
700 971 773 1044 quod
787 970 887 1026 laetum
941 971 1089 1041 particeps.
1105 971 1149 1026 En
1166 987 1218 1040 quo
1233 970 1305 1027 enim
1319 971 1407 1027 illusit
1430 973 1457 1028 in
1479 975 1581 1030 mundo
1604 974 1742 1033 Dominus

81 1072 138 1130 est,
153 1064 272 1127 vitaest,
293 1070 322 1117 et
344 1062 371 1115 in
396 1077 451 1133 qno
475 1060 605 1133 quidquid
626 1062 759 1129 est,Deus
779 1069 830 1127 est,
853 1059 888 1116 ab
941 1067 1035 1115 noster
1048 1060 1131 1114 lesus
1146 1059 1280 1130 Christus,
1306 1076 1361 1116 non
1385 1062 1473 1119 solum
1497 1063 1605 1120 erubuit
1624 1064 1743 1121 mundus

81 1161 188 1210 aeterno
203 1151 238 1206 sit
251 1149 417 1222 principalis
432 1149 550 1205 essentia
565 1149 687 1206 omniurn
704 1166 764 1221 quae
778 1156 887 1220 tempo·
942 1149 990 1204 vel
1002 1149 1085 1204 homo
1099 1149 1216 1205 adorare
1229 1164 1313 1219 opera
1327 1166 1456 1206 manuum
1471 1167 1579 1208 suarum
1592 1171 1599 1219 ;
1611 1153 1661 1209 sad
1674 1152 1745 1227 fugit

84 1241 265 1308 ralitersunt,
281 1238 388 1294 nonnisi
402 1238 560 1309 exemplum
575 1238 672 1293 summi
693 1236 766 1292 illins
789 1251 887 1293 exem·
941 1253 1012 1307 pene
1026 1238 1060 1293 de
1074 1245 1130 1293 toto
1151 1237 1219 1294 orbe
1242 1246 1374 1294 terramm
1396 1240 1541 1297 multorum
1565 1241 1654 1297 cultus
1672 1243 1742 1299 deo-

83 1329 182 1401 piaris,
204 1337 231 1385 et
251 1327 400 1383 similitudo
426 1327 514 1399 aliqua
538 1326 678 1382 interioris
703 1325 824 1382 veritatis
845 1327 888 1382 est
941 1342 1003 1380 rum
1018 1334 1046 1382 et
1059 1326 1235 1395 daemonum,
1251 1334 1277 1383 et
1291 1327 1319 1382 in
1334 1329 1407 1384 cultu
1418 1329 1501 1385 unius
1509 1330 1559 1386 Dei
1569 1332 1745 1387 consentiunt

84 1417 179 1474 omnis
192 1418 252 1473 lraec
266 1416 383 1472 sorensis
402 1423 527 1472 creature
541 1435 551 1481 ,·
566 1431 621 1470 non
634 1414 674 1469 itti
687 1412 824 1480 accidens,
840 1413 889 1469 sed
942 1430 1037 1470 omnes
1050 1430 1106 1470 uon
1120 1416 1206 1471 solum
1221 1416 1330 1471 Judaeus
1344 1425 1371 1472 et
1384 1417 1563 1489 Christianus,
1587 1419 1635 1474 sed
1658 1421 1742 1476 etiarn

83 1507 150 1563 uide
165 1504 329 1580 procedens,
344 1513 371 1560 et
385 1503 502 1559 naturali
525 1502 643 1573 origine,
671 1511 698 1558 et
717 1502 818 1558 causali
840 1518 888 1558 ra·
943 1503 1065 1558 ethnicus
1079 1510 1106 1558 et
1121 1503 1253 1559 barbarus
1269 1518 1276 1570 ;
1303 1520 1353 1562 nec
1377 1505 1515 1562 communi
1539 1507 1662 1563 omnium
1678 1508 1743 1567 nuic

85 1596 171 1665 done,
188 1602 215 1650 et
227 1593 325 1650 ordine
339 1592 531 1664 providentiae.
546 1592 598 1648 Ubi
613 1591 778 1648 cumomnia
792 1588 889 1647 scienti
942 1590 1084 1646 sententiae
1111 1591 1146 1645 de
1169 1591 1227 1646 Deo
1246 1605 1392 1649 occurrere
1420 1593 1566 1665 aliquando
1593 1611 1675 1651 ausus
1702 1604 1746 1653 εει

84 1685 145 1740 Deo
160 1684 212 1740 boc
226 1683 260 1738 sit
276 1698 346 1751 esse,
362 1680 435 1753 quod
454 1680 550 1744 scire;
575 1696 629 1735 non
651 1680 723 1749 ideo,
747 1679 783 1734 ibi
803 1680 929 1760 sciturB
944 1679 1087 1750 qnisquam
1111 1678 1267 1748 mauiiaste,
1294 1697 1343 1736 seu
1366 1682 1507 1738 hereticus
1524 1683 1743 1741 Christianorum

83 1772 177 1828 omnis
192 1774 250 1828 brec
263 1769 382 1827 forensis
394 1777 532 1838 creatura,
548 1768 612 1840 quia
626 1776 685 1836 est;
706 1767 754 1823 sed
769 1768 832 1842 quia
851 1767 890 1823 ibi
943 1767 988 1825 vel
1015 1768 1179 1829 ludaeorum,
1204 1783 1251 1826 seu
1275 1770 1397 1841 gentium
1419 1771 1608 1844 philosophus.
1632 1774 1745 1845 Propter

83 1861 178 1927 scitur,
194 1860 256 1916 ideo
271 1867 314 1917 est
329 1876 337 1915 :
354 1875 417 1929 quae
428 1858 675 1928 quomodocunque
695 1856 722 1911 iu
744 1857 889 1927 semetipsa
944 1856 1016 1927 quod
1044 1859 1127 1911 etiarn
1156 1855 1224 1913 tides
1251 1858 1390 1913 Trinitatis
1417 1875 1478 1915 cum
1500 1861 1630 1918 scandalo
1644 1862 1743 1932 crucis,

83 1950 212 2005 mortalis
233 1950 277 2016 sit,
302 1949 332 2002 in
358 1946 573 2002 incommutabili
597 1946 682 2002 verbo
696 1945 751 2000 vita
772 1956 824 2000 est.
840 1940 890 2000 Cui
944 1947 1073 2014 quaejam
1088 1945 1152 2000 oiim
1167 1961 1184 2000 a
1198 1953 1320 2016 tempore
1339 1947 1556 2016 patriarcharum
1580 1958 1608 2005 at
1627 1950 1745 2023 propbe-

84 2054 154 2112 ergo
169 2039 243 2094 scire
259 2035 434 2108 semetipsum
449 2044 563 2091 estesse
578 2034 650 2104 quod
665 2043 723 2090 est:
739 2050 797 2090 non
811 2033 891 2089 aliter
945 2040 1033 2087 tarum
1048 2042 1166 2104 coeperat
1180 2034 1208 2088 in
1222 2035 1324 2090 mundo
1348 2036 1517 2091 manifestari
1538 2038 1674 2110 aliquibus
1692 2039 1746 2096 bo-

83 2127 136 2183 scit
150 2125 337 2196 semetipsum,
352 2125 432 2179 aliter
445 2133 609 2188 creaturam,
625 2123 671 2194 qui
686 2138 741 2178 non
764 2122 843 2177 aliter
865 2128 891 2178 ει
944 2121 1072 2185 minibus,
1090 2137 1122 2177 er
1137 2137 1191 2192 quo
1210 2123 1378 2193 temporibus
1399 2124 1495 2196 gratita
1515 2125 1642 2182 omnibus
1665 2127 1747 2201 ooepit

83 2216 165 2272 aliter
179 2223 230 2271 est.
245 2214 302 2271 Scit
315 2214 389 2269 enim
409 2221 515 2282 tempus
537 2212 598 2266 sine
621 2220 743 2283 tempore
763 2210 889 2276 Creator,
944 2208 1094 2280 praedicam,
1108 2210 1211 2267 iactum
1230 2218 1271 2267 est
1295 2213 1323 2266 in
1344 2212 1454 2285 signori,
1472 2213 1516 2270 cui
1539 2230 1556 2269 a
1579 2221 1635 2270 tem
1654 2215 1747 2272 multis

86 2320 119 2362 sc
137 2303 285 2375 dispositor
308 2301 477 2357 mutabilium
500 2299 622 2356 omnium
646 2299 705 2356 sine
730 2300 773 2355 sui
795 2305 890 2354 muta-
944 2298 1150 2367 contradicitur,
1181 2300 1258 2371 qnasi
1282 2302 1396 2356 culturae
1422 2301 1504 2357 trium
1531 2302 1655 2373 deorum,
1682 2319 1746 2360 curn

85 2394 162 2450 none
176 2409 239 2465 quse
257 2393 505 2464 quomodocunque
530 2389 559 2444 in
581 2387 738 2459 semetipsis
750 2387 812 2454 sint,
827 2403 891 2443 om-
945 2384 1112 2458 impropen'o
1125 2388 1264 2444 crucifixi.
1284 2390 1319 2445 Ut
1332 2389 1407 2444 enim
1421 2391 1526 2446 mittam
1540 2407 1587 2448 eoa
1609 2393 1658 2463 qui
1680 2391 1748 2450 loris

84 2482 131 2539 nis
147 2481 250 2552 inipso
274 2480 329 2536 rita
353 2488 426 2534 sunt.
454 2479 512 2534 Nec
536 2477 630 2534 vivere
654 2492 720 2533 vero
743 2476 891 2550 aliquando
944 2484 1015 2542 sunt,
1029 2484 1092 2530 sunt
1106 2475 1255 2551 aliquando
1270 2476 1365 2534 fideles
1380 2477 1407 2533 in
1422 2478 1552 2548 Ecclesia,
1564 2481 1610 2552 qni
1620 2497 1748 2540 cumuon

84 2570 180 2641 coepit,
197 2584 249 2626 nec
266 2576 356 2641 potest
369 2567 450 2636 muri,
467 2566 599 2640 quidquid
623 2565 651 2620 in
672 2565 822 2621 catamitate
837 2565 892 2621 vita
945 2564 1054 2634 capiunt
1068 2564 1140 2636 quod
1154 2565 1264 2630 dicitur,
1280 2566 1374 2622 dicunt
1397 2584 1404 2623 ε
1431 2569 1467 2627 Ut
1488 2568 1554 2639 quid
1575 2570 1656 2626 nobis
1677 2588 1747 2643 pre·

82 2667 140 2716 εει,
945 2651 1045 2708 dicatio
1068 2652 1230 2709 Trinitatis?
1257 2655 1332 2710 Unus
1362 2657 1553 2713 tantummodo
1581 2658 1655 2714 Dens
1681 2661 1746 2731 qui·

120 2747 299 2820 Quaecunque
313 2762 381 2818 ergo
403 2745 451 2800 ille
465 2749 592 2801 creature
607 2744 650 2809 sit,
671 2759 719 2798 seu
734 2743 827 2798 vivens
840 2758 891 2799 seu
946 2756 1054 2812 cunque
1068 2740 1111 2798 vel
1136 2742 1382 2814 quomodocunque
1406 2744 1452 2801 ille
1476 2754 1527 2814 est,
1552 2746 1747 2818 praedicaretur

84 2852 140 2893 non
156 2837 263 2901 vivens,
275 2851 324 2890 seu
338 2833 496 2905 intelligens
511 2849 563 2888 seu
578 2847 633 2887 non
648 2829 814 2903 intelligens,
830 2846 892 2902 quae
945 2837 973 2884 et
985 2830 1129 2887 coleretur.
1153 2832 1234 2886 Errat
1256 2840 1346 2888 autern
1370 2833 1523 2906 quicunque
1549 2837 1601 2892 bon
1618 2835 1695 2904 dicit,
1719 2843 1747 2895 et

84 2926 113 2980 in
129 2926 189 2981 Deo
204 2924 259 2981 vita
273 2931 324 2990 est,
341 2920 516 2994 quodomnis
533 2928 662 2978 creatura
676 2919 893 2991 est,quomodo·
945 2918 1040 2991 gratiae
1067 2919 1117 2975 Dei
1137 2920 1310 2976 contradicit.
1341 2924 1431 2979 Deum
1458 2925 1536 2979 enim
1564 2941 1647 2982 nemo
1674 2925 1747 2982 vidit

84 3029 194 3087 cunque
210 3012 238 3067 iu
258 3011 405 3081 semetipsa
419 3014 537 3065 mutetur
558 3009 601 3067 vel
627 3015 824 3080 corrumpatur,
845 3007 889 3063 in·
907 3024 1089 3108 Genauam:
1102 3010 1268 3081 Untqeuitos
1280 3011 1495 3082 quiartlnrtno
1505 3013 1602 3069 Putris
1613 3014 1749 3086 ipsassus-

82 3102 170 3174 cipiet
182 3108 210 3157 ει
223 3099 329 3155 finiatur
346 3117 353 3162 ;
368 3099 456 3169 prima
470 3105 498 3154 et
511 3096 671 3170 principalis
687 3097 748 3167 eJus
771 3095 891 3152 essentia
947 3097 1022 3152 rooit
1036 3097 1127 3166 (loon.
1144 3098 1175 3167 r).
1193 3097 1233 3153 Ad
1249 3099 1302 3154 boc
1315 3100 1386 3154 enirn
1403 3099 1476 3155 venit
1490 3099 1518 3155 in
1532 3101 1674 3169 mundum,
1694 3102 1748 3160 boc

81 3190 231 3247 etveritas
252 3187 396 3254 existendi,
417 3203 478 3257 quta
499 3185 526 3240 iu
550 3186 608 3241 Deo
623 3193 675 3254 est,
691 3195 717 3241 et
739 3186 813 3241 Deus
839 3192 891 3251 est,
946 3184 1048 3253 effecit,
1066 3186 1182 3242 utDcus
1197 3186 1314 3242 Trinitas
1328 3193 1520 3246 innotesceret.
1540 3190 1680 3261 Nusquam
1695 3206 1747 3247 au·

80 3295 134 3336 nec
148 3286 270 3334 mutatur
284 3293 334 3332 nec
349 3275 550 3346 corrumpitur,
568 3273 660 3331 omnia
675 3273 814 3328 mutabilia
829 3273 888 3343 ejus
946 3280 1000 3329 tem
1015 3273 1042 3327 iu
1057 3275 1106 3329 bac
1121 3274 1176 3329 vita
1196 3274 1324 3331 divinitas
1349 3276 1449 3331 melius
1472 3279 1591 3334 humano
1605 3277 1746 3335 intellectu

80 3383 197 3423 summa
210 3364 344 3438 sapientia
362 3362 564 3419 immutabiliter
587 3362 732 3427 ordinavit,
749 3361 891 3433 sicutipse
944 3361 1194 3433 comprehenditur,
1212 3378 1294 3434 quam
1309 3363 1335 3418 iu
1351 3380 1385 3420 eo
1400 3380 1454 3436 quo
1476 3364 1565 3436 magis
1579 3365 1749 3438 {incompre-

81 3455 228 3512 mutabilia
249 3452 454 3509 immutabiliter
474 3460 556 3508 creat.
580 3451 634 3508 Ubi
658 3449 788 3521 quidquid
812 3450 889 3522 prin-
944 3449 1088 3505 bensibilis
1102 3466 1164 3507 esse
1178 3451 1340 3524 intelligitur
1356 3469 1362 3508 :
1378 3454 1428 3508 boc
1445 3461 1490 3508 est
1503 3453 1530 3509 in
1549 3454 1746 3524 predicatione

80 3544 157 3618 cipio
171 3560 221 3600 suo
235 3541 352 3599 similius
367 3545 419 3609 est,
436 3540 526 3597 varius
544 3548 586 3596 est
603 3559 610 3605 3
626 3538 715 3594 minus
729 3545 820 3595 autem
836 3544 889 3603 est,
943 3538 1086 3594 Trinitatis.
1112 3538 1217 3595 Idcirco
1239 3540 1313 3595 enim
1330 3540 1446 3596 Verbum
1471 3556 1536 3599 caro
1559 3543 1659 3600 lactum
1681 3551 1745 3600 est:

80 3634 158 3707 quod
174 3632 266 3688 mintts
280 3630 305 3687 ei
320 3629 409 3686 simile
425 3634 476 3685 est.
493 3629 550 3684 lloc
562 3643 630 3698 erqo
642 3626 723 3684 modo
734 3626 889 3683 secundum
943 3634 970 3682 et
984 3627 1116 3683 habitavit
1131 3627 1159 3682 in
1174 3628 1261 3694 nobis,
1278 3636 1318 3697 ut,
1341 3631 1409 3684 sicut
1430 3629 1489 3701 ipse
1513 3630 1646 3687 Dominus
1666 3631 1746 3690 lesus

79 3721 217 3778 rationem
241 3725 272 3776 et
292 3718 409 3776 sormam
433 3716 507 3785 iidei,
532 3726 558 3772 et
581 3731 682 3773 nomen
706 3712 841 3772 creatoris
854 3714 889 3771 de
943 3715 1068 3771 Christus
1091 3731 1173 3772 orans
1197 3716 1263 3772 dicit
1286 3717 1320 3772 ad
1342 3719 1459 3787 Patrem,
1484 3719 1672 3777 manifestaret
1690 3737 1744 3779 no-

79 3816 208 3868 creatnra
221 3805 365 3864 essentiale
379 3806 437 3861 Deo
452 3811 503 3873 est,
520 3804 546 3858 in
563 3818 596 3860 eo
611 3805 683 3875 qnod
706 3805 779 3860 Deus
798 3802 888 3860 omnis
942 3819 1006 3860 men
1021 3803 1107 3860 Patris
1121 3804 1288 3872 bominibus,
1315 3808 1342 3861 st
1356 3805 1517 3863 charitatem
1532 3808 1583 3864 Dei
1604 3807 1743 3867 diffunde-

79 3905 218 3955 creatnrae
231 3893 391 3968 principalis
405 3892 523 3949 essentia
544 3900 610 3960 est,
631 3899 661 3947 et
680 3907 781 3949 nomen
805 3908 887 3949 crea·
942 3901 983 3949 ret
996 3893 1024 3948 in
1038 3893 1166 3949 cordibus
1181 3893 1280 3949 nostris
1294 3910 1343 3965 per
1361 3893 1490 3967 Spiritum
1514 3904 1637 3954 sanctum
1661 3915 1743 3973 quem

81 3995 153 4043 turae
181 3986 216 4041 ad
240 3986 397 4040 Creatorem
421 3980 567 4037 relativum
592 3988 643 4047 est,
667 3980 826 4052 inquantum
852 3980 886 4036 ab
940 3979 1015 4035 dedit
1036 3981 1116 4036 nobis
1140 3984 1229 4051 (Rom.
1259 3986 1297 4052 v).
1327 3981 1450 4053 Denique
1478 3984 1531 4041 hoc
1556 3993 1597 4042 est
1623 3988 1741 4060 enigma

79 4075 142 4148 ipso
157 4082 282 4132 creatura
296 4073 358 4144 ipsa
379 4079 432 4127 est.
462 4069 541 4126 Unde
562 4067 691 4140 quidquid
715 4068 834 4123 diximus
853 4082 886 4124 eo
940 4066 1013 4137 fidei,
1030 4068 1151 4125 terribile
1169 4069 1273 4139 impiis,
1289 4070 1322 4125 ad
1338 4069 1515 4127 deterrendos
1529 4082 1619 4129 eoset
1643 4074 1742 4147 lugan·

80 4171 199 4237 spectat,
218 4170 248 4217 ut
271 4161 337 4218 licet
364 4159 481 4214 uomina
508 4165 638 4214 creaturae
665 4156 699 4211 ad
727 4157 885 4212 Creatorem
939 4154 1020 4211 dosa
1035 4156 1106 4213 lucie
1128 4156 1261 4225 Domiri;
1285 4156 1415 4214 blandum
1439 4158 1502 4230 piis,
1525 4160 1559 4215 ad
1580 4160 1741 4219 excitandos

80 4250 199 4309 relative
215 4249 339 4305 dicautur
356 4266 362 4310 ;
378 4246 490 4303 nomina
503 4255 596 4302 tamen
609 4243 746 4300 creatoris
758 4247 793 4299 ad
806 4259 886 4300 crea·
939 4257 986 4298 eos
1000 4250 1026 4299 et
1037 4243 1227 4314 provocandos
1250 4261 1375 4317 quaerere
1401 4246 1498 4303 faciem
1523 4247 1584 4317 ejus
1604 4264 1736 4320 semper:

80 4350 173 4397 turam
195 4353 250 4395 non
273 4336 387 4393 relative
412 4333 574 4400 accidentis,
594 4332 641 4388 sed
666 4331 842 4404 principalem
857 4333 885 4387 in
939 4331 1012 4402 quod
1026 4333 1164 4402 aientium
1177 4333 1365 4406 saepedictum
1381 4342 1431 4404 est,
1447 4335 1562 4392 dicimus
1584 4337 1672 4393 Deum
1685 4339 1739 4393 Pa·

78 4430 142 4486 Deo
156 4426 303 4484 essentiam
317 4430 447 4480 creaturae
470 4420 652 4495 significantis
674 4420 860 4492 intelligantur
874 4437 880 4473 :
896 4395 924 4457 D
940 4426 1019 4487 trem,
1035 4422 1123 4477 Deum
1143 4422 1251 4489 Filium,
1273 4424 1361 4482 Deum
1383 4423 1512 4497 Spiritum
1532 4433 1667 4493 sanctum,
1681 4441 1737 4485 uon

78 4514 279 4591 propterquod
293 4511 443 4569 seeundum
464 4510 588 4584 regulam
612 4509 733 4565 omnium
755 4507 884 4565 essentia·
940 4515 996 4563 tres
1010 4510 1093 4577 Deos,
1110 4510 1160 4567 sed
1177 4527 1260 4567 unum
1275 4513 1376 4569 Deum.

80 4606 151 4662 lium
173 4603 202 4660 in
225 4604 283 4658 Deo
305 4601 455 4667 nominum,
479 4599 539 4671 ipss
562 4596 642 4655 etiam
667 4599 882 4672 pronuntiantur,
975 4596 1006 4651 lu
1034 4613 1088 4668 quo
1118 4600 1272 4671 quicunqne
1298 4601 1419 4657 notitiam
1452 4602 1570 4675 aliquam
1599 4604 1737 4662 Trinitatis

80 4709 145 4753 cnm
158 4691 269 4761 dicitur,
285 4697 390 4746 creator
413 4688 504 4754 Peter,
526 4692 637 4744 creator
659 4686 753 4754 Filius,
775 4690 884 4742 creator
937 4698 1091 4742 scuranum
1106 4686 1260 4744 divinarum
1273 4686 1440 4761 investigans
1459 4706 1509 4762 par
1527 4691 1608 4765 signa
1630 4693 1734 4751 verbo·

80 4782 202 4856 Spiritus
216 4787 336 4847 sanctus,
352 4785 378 4833 et
392 4784 483 4832 tamen
498 4791 552 4832 non
573 4783 630 4832 tres
650 4783 712 4830 sunt
730 4780 881 4840 creatores,
937 4791 1007 4841 rum,
1032 4772 1216 4846 labyrinthum
1241 4775 1341 4832 divinae
1367 4777 1543 4835 revelationis
1569 4780 1732 4854 ingreditur,

80 4879 132 4937 sed
146 4894 218 4935 unus
232 4878 352 4933 Creator.
371 4872 500 4929 Similiter
511 4872 545 4928 de
560 4872 670 4928 nomine
692 4871 803 4927 Domini
824 4870 883 4930 siva
937 4885 994 4926 nou
1008 4876 1143 4926 scrutator
1164 4869 1316 4940 majestatis
1330 4871 1528 4944 opprimendus
1541 4890 1559 4931 a
1571 4876 1671 4950 gloria,
1685 4877 1735 4936 sed

78 4978 219 5051 principii,
234 4975 292 5034 sive
304 4972 432 5030 omnibus
447 4971 613 5039 nominibus,
633 4971 731 5042 quibus
752 4970 826 5026 Deus
846 4969 883 5026 ad
936 4982 1045 5040 pauper
1059 4966 1168 5039 spiritu,
1182 4968 1227 5024 oui
1245 4970 1370 5040 proxima
1381 4986 1492 5043 semper
1515 4980 1556 5030 est
1579 4975 1733 5036 misericor·

78 5079 238 5133 creaturam
251 5071 360 5138 dicitur,
375 5069 583 5143 intelligendum
598 5072 649 5125 est.
673 5069 734 5125 llac
756 5084 822 5142 erge
840 5085 883 5125 η.
936 5065 982 5120 dis
996 5065 1067 5120 scire
1086 5065 1167 5121 debet
1179 5066 1263 5122 alium
1278 5083 1337 5123 esse
1351 5068 1477 5125 ordinem
1492 5069 1615 5128 discendi
1635 5075 1664 5130 in
1685 5091 1732 5133 m·

79 5174 154 5231 tione
172 5172 216 5227 bis
230 5171 313 5226 etiam
328 5167 484 5224 nominibus
498 5167 598 5239 quibus
612 5167 647 5222 ad
661 5176 814 5223 ereaturam
837 5166 894 5222 cli·¹
936 5161 988 5218 bus
1015 5163 1149 5232 humanis,
1175 5172 1286 5236 propter
1311 5181 1382 5235 squas
1409 5166 1603 5241 significandas
1637 5181 1733 5231 cuncta

78 5270 151 5327 citur
164 5268 250 5335 Deus,
265 5281 327 5323 cum
349 5265 390 5322 eis
412 5264 568 5321 nominibus
590 5264 765 5336 computatis,
787 5263 882 5334 quibus
936 5274 1106 5331 tuaecunque
1120 5264 1187 5315 sunl
1201 5259 1285 5316 letha
1297 5268 1406 5331 repelli
1420 5271 1485 5319 ΝΜ
1500 5280 1507 5328 ἱ
1521 5263 1604 5321 ‘¹5⁰⁰‘
1623 5267 1650 5322 ¹¹¹
1664 5268 1733 5329 ‘fili‘

79 5366 265 5426 εεεεειίιιὶιεε
278 5372 306 5420 ει
319 5364 353 5419 ad
368 5379 399 5419 se
408 5361 556 5429 (licitumad
565 5363 680 5419 relativa
697 5371 879 5419 transeamus:
936 5356 988 5426 nis,
1004 5357 1103 5430 quibilss
1117 5357 1302 5431 Sldfllfifflssdiss
1317 5358 1392 5417 ”⁰¹¹²
1406 5377 1516 5432 Dr⁰¹⁵⁰³
1528 5365 1612 5422 V0lb⁸
1634 5366 1734 5425 “¹⁰⁰0ss

79 5464 186 5535 ,lu-,bus
200 5462 230 5517 tn
242 5459 373 5516 Trinium
388 5473 449 5528 quae
464 5456 540 5512 Deus
555 5465 605 5527 est,
621 5457 785 5515 adinvicem
808 5460 881 5516 rele-
937 5465 1008 5512 sunt.
1022 5457 1052 5512 ln
1067 5455 1121 5512 illis
1135 5456 1206 5513 enim
1222 5457 1311 5530 primo
1330 5458 1420 5517 studio
1442 5460 1562 5520 ducendi
1585 5466 1735 5537 querenda

79 5563 136 5620 tiva
149 5559 283 5619 dicumru
294 5557 386 5622 Pater,
408 5552 524 5713 Filiqz,X
519 5553 636 5626 Spiritus
658 5562 776 5618 smctua
801 5556 882 5638 Prius
936 5555 1257 5629 estnotitiarsrbomrn,
1271 5573 1419 5632 perquam
1432 5560 1468 5617 sd
1489 5563 1615 5621 notitiam
1638 5581 1734 5624 rerum

224 5655 358 5720 Parnon.
381 5649 465 5715 (2er
529 5695 537 5713 .
1499 5659 1538 5722 ¹4
