3728 6000
140 194 210 255 {089
832 191 978 253 EUGENII
998 191 1037 251 111
1059 192 1165 251 PAPAE
1784 188 1853 248 tuto

138 319 177 379 dv
191 319 355 387 castellari,
369 319 490 395 plebem
515 319 553 378 dc
572 320 712 379 Horatios
723 334 792 378 cum
808 317 928 392 capellis
942 322 972 377 et
985 319 1010 376 A
1025 318 1181 392 prelatum
1204 318 1367 379 Ecclesiam
1384 323 1494 378 temere
1508 315 1695 393 perturbare,
1711 319 1767 372 aut
1787 312 1848 387 ejus

138 407 276 480 decimis,
292 409 450 468 ecclesiam
465 411 496 466 S.
510 408 589 467 Petri
601 410 631 467 in
645 408 827 468 monasterio
837 424 905 467 cum
918 407 971 466 de-
1024 409 1231 482 possessiones
1246 408 1423 476 eulerre,vel
1436 407 1553 467 ablatos
1562 403 1847 472 retineremiuusre,

138 496 234 567 cimis,
250 497 369 572 plebem
381 498 621 557 §.prosodocimi
635 514 705 556 cum
715 496 839 572 capellis
853 504 882 556 et
893 497 971 556 deci·
1024 503 1076 556 aut
1086 499 1239 574 aliquibus
1254 496 1458 558 vexationibus
1469 496 1603 570 tetigere,
1617 494 1671 553 sed
1685 492 1795 551 omnic
1806 491 1848 549 in·

138 586 208 654 mis,
230 592 260 645 et
273 593 355 646 curte
376 603 471 662 usque
494 586 534 646 ad
549 593 681 647 veterem
703 587 824 646 slvcum
847 587 969 655 Tartari,
1023 591 1105 659 tegre
1125 592 1349 656 conserventur,
1363 603 1418 661 pro
1438 601 1568 660 quorum
1584 581 1806 658 gubernatione
1823 585 1848 637 et

139 676 297 736 ecclesiam
328 677 402 736 Gatii
428 693 498 735 cum
526 676 662 744 decimis,
695 677 854 736 ecclesiam
881 677 971 734 curtis
1024 670 1847 748 sustentetioueconcessasunt,usibusomnimodispro

139 766 238 838 ltegies
253 781 323 824 cum
336 766 461 824 decimis
476 770 505 825 et
518 773 611 825 curte.
621 766 675 824 lus
690 765 860 841 perochicle
870 767 900 823 in
912 766 973 840 ple
1024 766 1133 836 tuturo,
1150 767 1234 827 salvs
1248 770 1278 825 in
1290 767 1433 826 omnibus
1444 766 1615 841 apostolicus
1627 762 1709 822 sedis
1720 759 1845 820 auctori·

137 853 210 913 bem
231 854 269 913 de
283 855 411 926 Sogcria
424 855 502 913 sicut
530 871 584 929 per
600 856 793 914 concordiam
807 856 883 913 iuter
898 859 924 913 te
941 858 971 913 et
1023 860 1093 914 tate.
1110 857 1209 931 Siqua
1219 857 1309 932 igitur
1327 857 1359 915 in
1374 858 1517 923 luturum,
1533 860 1591 913 etc.

136 945 381 1004 ltouautulenum
401 946 547 1005 abbatem
564 947 722 1020 presentis
736 952 839 1005 nostra
857 945 970 1004 lectum
1058 945 1120 1018 Ego
1134 948 1283 1019 Eugenius
1300 945 1457 1004 cutbolices
1472 943 1609 1003 Ecclesiae
1623 940 1796 1016 episcopus.

135 1028 364 1101 determinante,
386 1038 532 1092 statutum
547 1040 603 1102 est,
623 1041 653 1092 et
681 1035 844 1108 descripto
869 1039 970 1093 nostro
1059 1037 1120 1106 ligo
1129 1034 1239 1094 Theod.
1257 1038 1373 1094 sanctas
1386 1035 1501 1092 Rufinus
1514 1033 1677 1108 episcopus
1692 1029 1798 1087 subsc.

136 1120 291 1181 firmatum
305 1140 374 1181 cum
390 1123 518 1182 decimis
536 1140 615 1199 ques
630 1125 774 1184 canonice
788 1124 926 1199 possides
939 1124 970 1182 in
1059 1127 1120 1197 Ego
1135 1127 1191 1184 GG.
1205 1128 1363 1200 presbyter
1375 1125 1457 1182 card.
1468 1125 1511 1182 tit.
1525 1124 1555 1183 S.
1569 1121 1679 1182 Callisti
1693 1119 1796 1177 subsc.

137 1213 245 1271 eadem
258 1211 331 1271 villu
344 1213 382 1270 de
396 1214 536 1286 Nogeria,
552 1217 582 1271 et
605 1214 636 1272 in
651 1214 745 1272 altera
758 1213 826 1271 villa
839 1229 908 1289 ques
926 1213 969 1270 di·
1060 1217 1119 1287 ligo
1139 1215 1234 1274 Guido
1246 1215 1345 1288 presb.
1367 1213 1448 1272 card.
1465 1215 1509 1271 tit.
1531 1215 1560 1271 8.
1573 1209 1732 1284 crisogoni
1747 1208 1840 1266 subsc.

138 1301 214 1360 citur
226 1307 355 1376 dspum3
372 1302 530 1362 ecclesiam
544 1304 736 1371 Gssulevoui,
751 1304 907 1363 ecclesium
921 1307 971 1363 Se·
1059 1304 1120 1376 ligo
1139 1306 1283 1362 itenerius
1295 1302 1395 1378 presb.
1416 1302 1500 1360 card.
1512 1302 1558 1360 tlt.
1574 1302 1602 1360 S.
1624 1300 1733 1358 Priscus
1749 1301 1842 1358 subse.

137 1388 239 1457 lecolo,
251 1390 410 1449 ecclesiam
424 1394 630 1452 ttavcnuencc
645 1410 715 1451 eum
728 1394 863 1462 decimis,
878 1395 970 1452 eccle·
1059 1397 1119 1466 Ego
1138 1394 1267 1453 Thomss
1281 1393 1383 1467 presb.
1399 1392 1481 1450 card.
1498 1391 1539 1450 tit.
1555 1391 1682 1448 vestinae
1695 1388 1798 1448 subsc.

138 1478 216 1538 siam
230 1478 393 1538 vcntcrerii
408 1496 477 1540 cum
494 1481 637 1549 decimis,
652 1481 771 1557 plebem
787 1483 889 1541 ceredi
899 1499 968 1541 cum
1060 1487 1120 1555 Ego
1131 1483 1300 1543 lincfredus
1311 1483 1411 1557 presb.
1423 1482 1507 1542 cerd.
1517 1481 1560 1540 tit.
1572 1482 1601 1539 S.
1615 1479 1738 1539 Sebincs
1748 1479 1841 1537 subse

137 1567 261 1643 capellis
278 1573 306 1627 et
330 1569 466 1637 decimis,
481 1575 511 1628 et
529 1569 654 1639 lamitis,
671 1576 699 1629 ct
717 1571 866 1646 quidquid
885 1572 967 1630 eliud
1059 1574 1120 1644 Ego
1134 1571 1266 1631 Villenus
1281 1572 1382 1647 presb.
1395 1570 1530 1630 cardtit.
1546 1569 1576 1628 S.
1587 1566 1733 1642 Stephani
1743 1567 1775 1625 lu
1788 1566 1844 1624 cc-

138 1654 251 1716 ibidem
256 1659 335 1732 juste
343 1659 614 1733 possides;plebcm
626 1659 834 1719 Leutecisoum
842 1661 967 1735 capellis
984 1661 1061 1742 Btio
1077 1665 1178 1720 monte
1197 1660 1298 1719 subsc.

138 1750 169 1805 et
189 1746 315 1805 decimis
340 1754 368 1806 et
389 1754 481 1820 curte,
497 1753 528 1807 et
550 1748 666 1807 cunctis
684 1751 868 1823 pertinentiis
887 1752 967 1823 suis;
1057 1754 1118 1824 Ego
1130 1753 1288 1823 Gregorius
1297 1750 1376 1808 diac.
1390 1750 1535 1809 curdss.
1549 1746 1681 1820 Sergiiet
1691 1746 1799 1805 Bacchi
1809 1761 1843 1802 ss.

137 1835 258 1910 plebem
270 1838 439 1895 Portecrem
452 1852 521 1895 cum
534 1838 656 1911 cepellis
667 1839 862 1898 etdecimisct
873 1845 964 1909 curte,
1057 1841 1118 1912 ugo
1132 1838 1219 1899 Oddo
1232 1840 1313 1898 dice.
1328 1840 1410 1898 card.
1436 1841 1465 1899 8.
1482 1837 1598 1910 Georgii
1612 1837 1652 1896 cd
1667 1836 1776 1895 telum
1790 1839 1842 1893 tn·

138 1929 168 1983 st
185 1940 255 1982 cum
269 1925 456 1999 pertinentiis
473 1927 553 1994 suisr
577 1933 691 1985 curtem
713 1930 800 1987 ltaest
825 1946 894 1987 cum
918 1945 965 1989 ca·
1021 1946 1106 1988 reum
1123 1930 1225 1987 subsc.

136 2013 266 2090 petiiset
280 2013 417 2083 decimis,
433 2015 553 2089 plebem
571 2018 600 2075 S.
611 2019 737 2076 Zenonis
760 2034 830 2076 cum
844 2019 967 2092 capellis
1057 2023 1118 2092 Ego
1145 2020 1240 2079 Guido
1263 2019 1340 2078 dioc.
1358 2018 1440 2077 ccrd.
1457 2019 1506 2077 SS.
1529 2019 1644 2075 memte
1671 2021 1702 2074 et
1714 2013 1843 2074 usmieui

136 2107 165 2163 st
174 2102 299 2162 decimis
313 2109 341 2163 et
353 2108 446 2177 curte,
457 2104 582 2180 plebem
595 2106 801 2178 Euglariicum
811 2108 928 2182 capella
938 2110 968 2166 et
1022 2108 1125 2171 subsc.

135 2193 271 2262 decimis,
296 2193 445 2269 quidquid
467 2194 548 2253 aliud
574 2194 687 2254 ibidem
704 2197 782 2269 iuste
807 2198 964 2271 possides;
1057 2203 1118 2273 Ego
1133 2203 1233 2258 Petrus
1244 2200 1322 2257 dioc.
1338 2198 1422 2257 eard.
1435 2199 1463 2256 S.
1474 2197 1609 2257 Herioein
1621 2192 1843 2254 Porticusubsc.

135 2287 250 2342 curtem
261 2283 460 2354 bonamdigni
477 2298 546 2340 cum
557 2283 967 2355 ecclesiisetdecimis,eccle·
1057 2289 1383 2364 Egollodulplrusdiec.
1395 2288 1477 2346 cord.
1493 2288 1521 2345 S.
1533 2285 1665 2344 Luciusin
1674 2281 1844 2358 septasolis

135 2372 214 2429 siam
229 2370 324 2430 basim
340 2387 409 2429 oum
425 2371 561 2438 decimis,
571 2379 687 2430 curtem
700 2374 881 2449 tiupssclarss
896 2392 965 2434 eum
1020 2378 1120 2436 subsc.

135 2459 223 2535 plebe
236 2462 265 2518 et
278 2460 411 2534 capellis,
431 2459 567 2529 decimis,
581 2461 702 2521 lumiliis
716 2465 889 2539 caeterisque
902 2465 964 2523 suis
1055 2470 1116 2539 ligo
1136 2468 1293 2540 Gregorius
1307 2466 1384 2524 disc.
1395 2465 1479 2523 cord.
1496 2467 1523 2523 S.
1541 2463 1646 2537 bugeli
1657 2463 1762 2521 subsc.

134 2549 964 2630 pertinentiis,plebemcortilianicumdecimis‚plebem
1054 2559 1114 2628 Ego
1132 2558 1266 2616 tecintus
1279 2557 1357 2615 disc.
1374 2554 1456 2613 cord.
1471 2556 1499 2613 S.
1525 2554 1621 2612 larice
1636 2552 1667 2611 iu
1689 2552 1844 2612 cosmedin

134 2638 361 2698 ltobolouicum
385 2639 511 2698 decimis
532 2646 560 2699 et
584 2647 677 2711 curte,
700 2643 819 2718 plebem
839 2644 962 2704 lumbes
1019 2648 1122 2705 subsc.

134 2743 205 2787 oum
219 2727 343 2801 capellis
364 2733 394 2786 et
407 2728 533 2788 decimis
547 2736 576 2789 et
597 2737 689 2800 curte,
713 2733 886 2809 caterisque
901 2737 963 2793 suis
1052 2737 1113 2807 Ego
1125 2735 1292 2794 tternardus
1303 2735 1382 2792 dieo.
1399 2733 1482 2791 cerd-
1500 2734 1616 2790 sanctes
1636 2733 1784 2789 ltomsnes
1798 2730 1843 2786 lic·

134 2817 318 2893 pertinentiis
329 2833 337 2875 :
350 2817 421 2878 vilts
435 2822 589 2878 casanove
602 2837 670 2879 cum
682 2824 765 2881 omui
777 2823 920 2891 districto,
934 2830 963 2884 et
1017 2823 1116 2882 cissis
1130 2824 1233 2884 subsc.

134 2906 256 2966 esstello
280 2907 385 2975 veteri;
410 2907 528 2981 plebem
551 2910 588 2968 de
608 2911 731 2970 Roucho
747 2928 816 2971 cum
841 2914 963 2987 capellis
1053 2917 1113 2986 Ego
1127 2917 1228 2972 Petrus
1237 2913 1316 2971 diue.
1325 2911 1551 2970 card-suteris
1564 2909 1594 2967 in
1605 2908 1659 2967 vta
1669 2906 1842 2966 Lutssubse.

133 3000 164 3055 et
174 2995 309 3064 decimis,
318 2996 554 3069 plebemlnsulre
563 3000 749 3059 Porchcritiee
758 3019 826 3060 cum
840 3003 961 3075 capellis
980 3044 1001 3103 C
1052 3005 1113 3075 ligo
1132 3003 1244 3060 (lintius
1258 3003 1343 3062 diac.
1359 3001 1441 3060 cerd.
1461 3002 1489 3058 S.
1503 3003 1588 3058 itum.
1600 2994 1677 3055 liccl.
1694 2995 1798 3054 subsc.

133 3090 163 3143 et
172 3085 297 3145 decimis
307 3091 435 3155 etcurte,
444 3088 562 3162 plebem
571 3089 828 3164 deopedsnicum
839 3092 961 3165 capellis
1053 3095 1160 3151 [latum
1171 3091 1291 3151 viterbii
1300 3108 1355 3164 per
1370 3106 1496 3149 manum
1506 3086 1625 3147 liuberti
1639 3087 1668 3145 S.
1680 3088 1715 3143 u.
1728 3083 1842 3144 &card

133 3178 162 3233 et
171 3172 306 3244 decimis,
318 3181 434 3235 curtem
444 3178 643 3236 scardevariae
653 3181 861 3238 cumeeclesiis
871 3187 899 3239 et
911 3181 960 3238 de·
1016 3185 1046 3238 et
1063 3180 1198 3250 cancell,
1222 3197 1271 3238 svr
1297 3180 1362 3238 liet.
1384 3181 1465 3248 tun,
1489 3178 1592 3236 indict.
1611 3192 1672 3245 rur,
1696 3176 1843 3233 lucsrust

133 3264 231 3331 simis,
247 3264 366 3339 plebem
380 3266 494 3326 (leberti
502 3284 572 3326 cum
582 3269 704 3343 capellis
715 3276 744 3329 et
752 3272 888 3343 decimis,
901 3273 961 3346 ple·
1017 3272 1133 3328 bomin.
1161 3287 1210 3331 an.
1235 3273 1316 3336 tito,
1342 3269 1446 3343 pontii.
1463 3284 1534 3327 vcro
1549 3270 1580 3326 u.
1595 3264 1721 3339 liugeuii
1742 3264 1779 3322 lll
1793 3262 1841 3320 l’l’.

58 3356 61 3361 '
131 3352 203 3411 bem
222 3355 467 3414 descensurum
488 3357 610 3430 cupellis
625 3359 802 3430 etdecimis,
817 3362 960 3421 ecoleeies
1015 3376 1064 3419 en.
1083 3378 1102 3417 ι.

131 3441 170 3500 de
197 3443 310 3502 Porcilli
335 3461 404 3504 cum
430 3446 553 3521 capellis
576 3453 605 3506 et
628 3448 764 3518 decimis,
788 3451 907 3524 plebem
922 3452 960 3510 de
1393 3450 1471 3507 XXV·

132 3532 466 3607 Susrdiocumcspellis
477 3536 836 3613 etdecimis,etquidquid
847 3540 959 3597 ibidem
1015 3543 1752 3618 confirmetpoeemicterl’teobntdumepiscopum
1762 3543 1842 3601 Vere

129 3621 208 3694 lusto
222 3622 370 3696 possides,
382 3630 495 3682 curtem
507 3625 633 3683 Galderii
646 3643 716 3685 cum
730 3628 862 3686 ecelesiis
875 3630 959 3687 etde·
1049 3633 1178 3684 ”enims
1188 3624 1216 3704 0!
1229 3621 1252 3675 Α
1264 3616 1418 3693 [ibellum]
1429 3617 1564 3674 libbam
1578 3615 1840 3701 Nmmttlltme

131 3709 666 3788 umisstrenuus,erqureqnejuru
679 3716 808 3775 urceus
820 3734 867 3776 me
878 3721 959 3778 uoce
1050 3690 1107 3748 ΜΟ
1125 3691 1387 3776 mesenensem
1399 3696 1431 3745 ‘⁴‘
1446 3690 1525 3772 arse
1541 3703 1619 3759 «Μ
1629 3687 1837 3772 W⁰⁶i¹⁰¹t=²

131 3794 215 3867 quod
224 3797 522 3865 vocatursarmsties,
537 3804 565 3856 et
577 3800 606 3856 iu
617 3800 770 3859 silvissitis
779 3803 865 3874 juxte
877 3820 958 3862 mon·
1049 3763 1149 3820 “um
1160 3777 1214 3834 μ’
1225 3761 1317 3833 sumu
1329 3782 1342 3814 ¹⁹
1356 3761 1464 3819 habeat
1478 3759 1607 3870 ΨΜ
1616 3759 1809 3832 ΝΜΜΜ

131 3885 192 3940 tem
208 3884 335 3950 Fortem,
348 3891 377 3942 et
391 3885 422 3942 in
437 3887 589 3944 Fustalino
603 3903 673 3947 cum
684 3892 797 3948 cunctis
812 3895 960 3964 pertinen·
1255 3861 1352 3934 (ΑΜ
1370 3862 1448 3976 ω’
1468 3861 1533 3916 ⁸³¹¹
1551 3859 1608 3929 ω’)

130 3968 179 4029 tiis
188 3971 324 4044 ejusdem
338 3974 571 4048 curtis:plebem
579 3976 740 4037 colonione
752 3995 820 4038 cum
836 3981 958 4055 cepellis
1086 3966 1261 4037 [Tituloscm
1280 3964 1379 4023 ⁸⁶⁰⁶ss
1393 3964 1425 4021 θ’
1438 3965 1570 4022 ΝΟΜ·
1591 3963 1625 4028 ¹¹·
1643 3976 1674 4035 Ρ·
1694 3963 1773 4035 Μ]

130 4065 160 4116 et
180 4058 307 4119 decimis
321 4067 349 4120 et
364 4060 494 4134 tamitiis,
519 4070 547 4123 ct
565 4066 691 4126 dimidia
714 4074 813 4137 curte3
838 4070 957 4144 plebem
1050 4075 1187 4130 succurre
1196 4073 1369 4147 episcopus,
1380 4088 1484 4129 servus
1495 4084 1648 4128 servorum
1660 4068 1722 4137 liei,
1735 4068 1838 4126 dilecto

130 4145 207 4205 tllati
216 4164 286 4207 cum
295 4151 418 4224 repellis
432 4159 461 4210 et
473 4153 598 4212 decimis
613 4161 641 4212 et
652 4155 777 4214 dimidie
788 4163 880 4226 curte,
893 4177 958 4217 cnr·
1012 4160 1074 4219 tilio
1084 4167 1116 4219 Α.
1127 4162 1337 4220 Nouantulano
1348 4161 1461 4228 abbsti,
1471 4157 1837 4229 selutemetspostoticcm

129 4239 188 4294 tem
204 4236 358 4298 Cclaveure
378 4257 447 4298 cum
464 4242 550 4316 plebe
564 4249 593 4302 et
607 4245 729 4319 capellis
746 4251 776 4303 ct
788 4246 912 4306 decimis
930 4256 958 4308 et
1011 4250 1262 4309 benedictionem.

128 4322 248 4383 lsmtlils
258 4327 321 4384 suis
336 4329 534 4402 pertiuentia;
553 4334 770 4392 monasterium
786 4337 815 4394 S.
831 4336 907 4395 Petri
920 4339 956 4396 de
1048 4341 1118 4407 oure
1131 4339 1235 4412 judicii
1256 4340 1379 4397 veritute
1392 4337 1503 4404 decise,
1521 4335 1566 4393 vel
1586 4333 1764 4392 rationabili
1775 4347 1838 4392 con·

128 4413 286 4484 warenn,
300 4417 420 4491 plebem
432 4426 471 4479 de
483 4423 606 4480 liezuno
621 4439 690 4480 cum
706 4425 827 4498 capellis
840 4432 869 4484 et
879 4427 956 4485 deci·
974 4409 996 4465 ⁰
1011 4429 1114 4487 cordia
1126 4428 1284 4486 terminata
1293 4432 1372 4494 sunt,
1385 4427 1550 4484 litterarum
1563 4423 1675 4480 debent
1688 4421 1838 4480 memoris

128 4502 195 4572 mis,
211 4507 241 4562 et
253 4507 383 4575 castello,
398 4514 426 4567 et
439 4510 572 4581 temitiis,
593 4512 750 4571 dimidiam
766 4519 880 4573 curtem
901 4519 956 4576 La·
1010 4515 1228 4587 commendeti,
1243 4532 1280 4573 ue
1295 4531 1458 4589 pravorum
1468 4514 1624 4571 hominum
1637 4510 1671 4568 in
1684 4517 1836 4583 posterum

126 4591 281 4652 vsuiicum
295 4596 428 4655 ecclesiis
441 4603 469 4657 et
483 4600 735 4669 decimis,curtem
751 4605 856 4662 Montis
868 4607 954 4664 Aurei
1009 4608 1128 4667 valeant
1139 4605 1339 4679 refragatione
1349 4604 1472 4663 turbari.
1483 4604 1613 4676 ldeoque
1624 4600 1760 4674 qualiter
1773 4613 1836 4658 cou-

126 4696 193 4739 cnm
207 4682 304 4755 plebe,
318 4691 346 4743 et
360 4687 491 4761 capellis,
508 4692 538 4747 et
551 4689 686 4760 decimis,
701 4699 729 4750 ct
739 4695 879 4752 omnibus
893 4694 954 4752 suis
1009 4697 1155 4755 troversia
1168 4712 1237 4770 quse
1250 4697 1326 4753 iuter
1348 4700 1374 4751 te
1389 4699 1418 4752 et
1431 4691 1633 4750 venerabilem
1649 4688 1777 4748 tratrem
1790 4704 1836 4747 uo

126 4771 328 4844 pertinentiis:
355 4776 473 4850 plebem
489 4778 526 4837 de
542 4782 678 4839 Cretienc
692 4798 761 4840 cum
777 4784 908 4857 capellis,
925 4788 955 4843 et
1009 4791 1103 4845 strum
1122 4784 1307 4843 Teobsldum
1328 4787 1526 4842 veronensem
1546 4781 1728 4853 episcopum
1752 4791 1836 4853 super

46 4904 50 4911 .
125 4857 259 4928 decimis,
270 4867 299 4919 et
313 4863 452 4923 tamiliis:
467 4871 581 4927 curtem
593 4869 740 4943 ilsensgi,
757 4877 786 4929 et
796 4872 954 4932 dimidium
1009 4875 1095 4949 plebe
1119 4874 1157 4931 de
1179 4875 1308 4945 ltogsris
1325 4873 1480 4945 agebatur,
1496 4871 1526 4928 in
1553 4873 1654 4928 nostre
1678 4866 1836 4941 proesentis

125 4953 241 5021 partem
256 4952 365 5024 .tssgi:
388 4954 507 5028 plebem
522 4957 672 5018 Albatiani
685 4976 755 5019 cum
777 4962 911 5030 decimis,
926 4967 954 5020 et
1008 4964 1168 5022 terminate
1186 4964 1223 5020 sit
1237 4960 1435 5038 presentibus
1452 4959 1555 5018 litteris
1576 4955 1717 5015 aunotcri
1738 4955 1836 5032 praeei-

124 5038 247 5111 cepellis
270 5040 450 5102 indistricto
470 5046 571 5114 euris,
592 5054 620 5106 et
635 5048 765 5117 iemiliis,
782 5050 902 5124 plebem
924 5055 952 5110 S·
1008 5046 1835 5129 pirnus.Auditissiquidemutriusqucpsrtisrationibus

124 5126 251 5186 Floriani
266 5146 337 5189 cum
351 5133 472 5206 capellis
497 5140 525 5192 et
539 5136 675 5205 decimis,
692 5144 721 5197 et
737 5138 871 5210 lamiliis;
895 5143 952 5215 ple·
1008 5148 1036 5201 et
1050 5143 1206 5214 diligenter
1220 5142 1367 5214 inquisitis
1382 5145 1547 5213 antequam
1557 5135 1707 5209 iudicium
1723 5134 1833 5209 proler-

122 5213 194 5274 bem
204 5217 242 5275 de
255 5219 462 5292 lligrctiocuru
472 5225 595 5298 capellis
605 5226 950 5298 etdeeimis,etlamiliis,
1008 5247 1120 5301 remus,
1137 5248 1192 5307 pro
1203 5232 1283 5289 bono
1293 5230 1377 5304 pacis
1390 5225 1729 5300 elutriusquslicclesire
1740 5225 1835 5299 quiete

122 5307 153 5359 et
163 5303 289 5368 dimidiu
303 5315 387 5383 perte
401 5312 507 5380 curtis;
519 5314 638 5388 plebem
652 5318 681 5374 S·
690 5318 804 5393 Georgii
820 5335 888 5376 cum
904 5335 951 5377 ca·
1008 5323 1161 5394 optionem
1172 5319 1344 5395 paciscendi
1355 5317 1443 5376 vobis
1458 5316 1647 5374 indulsimus.
1660 5314 1778 5372 Placuit
1786 5314 1834 5371 iu·

123 5389 217 5462 petus,
234 5399 264 5453 et
275 5397 411 5471 decimis,
422 5405 452 5458 et
465 5400 595 5472 lemiliis,
609 5408 638 5462 ct
649 5405 774 5466 dimidiu
788 5413 880 5465 curte.
1007 5426 1067 5485 quc
1078 5410 1287 5485 utriquepcrti,
1296 5404 1511 5466 utVeroncneis
1519 5403 1682 5479 episcopus
1686 5403 1739 5476 jus
1752 5415 1836 5478 paro·

157 5480 685 5558 beeemtmusergcutnutlicmntoo
695 5496 855 5556 bominum
866 5496 952 5559 liceat
1007 5499 1114 5568 chiule,
1133 5497 1360 5558 ltonantulonus
1377 5511 1446 5555 vero
1460 5493 1559 5554 ebbes
1569 5493 1621 5566 ius
1636 5492 1723 5552 tundi
1738 5493 1771 5553 tu
1790 5506 1834 5551 es·
