3728 6000
625 266 811 324 ttttttttstttt
832 265 975 322 diinTlS
995 268 1023 322 S.
1045 268 1258 323 Tudttootttct

1745 272 1798 328 236

145 397 235 453 sciam
250 391 319 465 quid
333 391 404 448 desit
431 389 499 446 mibi
521 391 802 460 (Paul.xxxv1u).ln
824 389 876 445 iude
895 388 1218 461 tuaAomnibus,sicut
1244 391 1310 448 dicit
1328 393 1393 462 iob,
1407 394 1521 450 visitans
1550 397 1672 468 speciem
1700 411 1790 452 meam

145 492 200 554 sto,
215 486 244 538 in
255 498 304 554 spe
319 481 445 553 prolicio,
461 479 495 535 dc
509 496 602 536 amore
620 487 666 536 tuo
681 495 785 551 pauper
807 479 907 534 assisto
917 483 945 535 et

145 572 296 630 mendicas.
312 570 432 640 0amor,
449 585 465 625 o
480 569 566 641 ignis,
581 585 599 624 o
613 569 741 635 charitas,
759 569 820 624 veni
835 567 865 623 in
878 583 939 623 nos.

143 662 210 717 Esto
226 662 282 716 dux
296 666 322 715 et
337 659 394 730 lux,
411 658 482 732 ignis
496 658 595 713 ardens
610 664 636 713 et
659 672 823 713 consumens
837 656 864 711 in
883 672 943 726 pm-

144 751 260 807 nitentia
282 756 467 821 peccatorum.
486 747 650 815 Paracletus,
670 747 835 815 consolator,
856 746 943 801 adtro-

144 846 231 910 catus,
247 842 274 894 et
304 837 415 907 adjutor
443 837 471 891 in
496 836 586 893 causis
609 837 764 891 orationum
779 842 943 890 nostrarum.

147 928 268 987 Ostende
281 926 364 983 uobis
379 926 451 998 quod
466 925 622 988 credimus;
640 925 749 979 insinua
766 923 837 995 quod
847 939 945 994 spera-

141 1017 279 1083 mus·,iao
292 1016 403 1084 taciem,
422 1030 502 1086 quam
524 1012 606 1070 faciei
628 1014 677 1068 Dei
701 1026 901 1082 comparemus,
917 1023 945 1071 ut

140 1107 264 1163 dicamus
282 1125 288 1161 z
305 1105 362 1160 Tibi
380 1105 457 1160 dixit
469 1119 517 1160 cor
536 1119 642 1170 metam,
654 1103 806 1175 exquisivit
822 1101 945 1172 tesnoies

140 1211 206 1253 meet
220 1195 410 1266 (Peal.xav1).

411 1299 605 1356 mantuano
625 1298 665 1354 X.

159 1409 379 1466 incarnationis
394 1412 423 1464 et
446 1407 587 1478 passionis
608 1406 712 1463 Citriali
726 1404 924 1461 consideratio.

175 1523 244 1582 iiiiii
257 1523 330 1580 obsit
340 1522 460 1595 ptarinri
467 1523 524 1578 nisi
533 1522 565 1577 in
571 1536 653 1578 entre
660 1520 776 1577 Domini
784 1520 944 1576 nostriietu

145 1613 251 1671 Christi
266 1613 371 1682 (Galat.
387 1610 436 1681 vt).
453 1609 494 1665 dd
509 1608 671 1666 crucifixum
688 1623 778 1663 nucum
798 1608 944 1663 conversio

141 1716 214 1757 mea.
231 1701 302 1756 Crux
317 1700 376 1768 ejus
391 1699 480 1771 gloria
496 1712 568 1766 mea,
586 1712 640 1767 qua
655 1696 731 1752 troas
745 1712 804 1751 mea
822 1695 938 1766 insigni·

142 1798 195 1857 tur,
215 1788 354 1844 hilarescit
378 1803 467 1854 mens,
488 1786 616 1858 dirigitur
635 1785 698 1852 vita,
722 1801 797 1839 mors
817 1793 935 1839 ansatur.

140 1880 202 1934 Non
217 1877 373 1948 despiciant
386 1892 440 1943 me,
457 1875 585 1945 Domine,
601 1891 682 1945 super
697 1875 816 1944 boe,qui
829 1888 941 1928 mercn-

140 1972 185 2022 tur
210 1966 303 2023 videro
329 1973 354 2020 te
382 1964 522 2019 sedentem
545 1962 738 2034 supersolium
753 1963 889 2017 excelsum
916 1969 942 2015 et

141 2055 276 2111 clevatum
291 2053 445 2109 divinitatis
460 2060 524 2120 tua,
534 2059 561 2107 et
575 2052 719 2121 majestate
735 2059 781 2105 tua
794 2050 942 2120 replentem

140 2159 251 2200 omnem
263 2150 362 2198 terram
378 2159 385 2206 ;
399 2142 463 2213 quia
478 2150 504 2197 et
520 2155 552 2196 ea
577 2156 638 2212 quae
653 2141 704 2194 sub
726 2147 751 2194 te
766 2145 829 2194 sum
845 2139 942 2192 liuma-

140 2248 184 2289 me
198 2232 412 2303 dispensationis
433 2229 571 2301 mysteria,
588 2227 680 2284 omnis
698 2226 943 2297 contemplationis

141 2319 249 2391 replent
275 2318 416 2390 templum,
446 2319 635 2390 cujuscunque
663 2317 698 2371 sit
731 2315 940 2387 magnitudinis.

143 2408 269 2463 Habeant
282 2409 368 2462 sancti
384 2407 475 2479 angeli
496 2408 533 2460 tui
551 2407 580 2460 in
602 2405 679 2461 coelis
699 2404 820 2477 gloriam
840 2415 940 2469 suam;

146 2497 195 2552 sed
207 2511 403 2568 nonnumquam
420 2496 621 2551 communicent
632 2495 712 2549 etiam
723 2493 804 2547 nobis
822 2493 850 2545 in
862 2491 943 2547 terris

144 2584 262 2658 gratiam
285 2601 360 2641 suam
375 2603 382 2648 ς
398 2585 463 2654 quia
476 2592 502 2639 et
526 2583 560 2639 de
578 2583 676 2637 nostris
699 2580 787 2636 adhuc
811 2577 942 2651 prolicere

142 2678 267 2740 amat,ct
282 2673 361 2729 dulce
385 2672 467 2727 habet
482 2671 562 2726 beata
582 2686 677 2726 eorum
700 2669 842 2738 perfectio,
864 2683 941 2736 eum,

145 2764 219 2819 sicut
228 2763 295 2817 dicit
305 2763 467 2833 Apostolus,
477 2761 631 2817 innotescit
633 2759 844 2830 principatibus
855 2760 883 2812 et
893 2772 943 2829 po·

146 2851 297 2909 iactatibus
312 2853 341 2906 in
358 2850 515 2906 celestibus
529 2848 742 2920 pet·Eeelesiam
753 2846 942 2917 inullisormit

144 2941 288 3012 supientia
301 2941 353 2997 Dei
368 2940 478 3011 (Epiust.
498 2940 549 3007 m).
568 2938 683 3007 Propter
704 2934 776 3007 quod
800 2935 943 3006 ignoscant

145 3028 236 3094 nobis,
256 3029 384 3095 Domine,
404 3029 486 3082 etiarn
498 3027 525 3080 in
545 3028 607 3093 hoc,
623 3026 648 3078 si
672 3039 751 3078 amor
765 3031 826 3077 tuus
841 3037 874 3077 eo
887 3021 942 3076 nli-

145 3204 219 3277 quod
238 3220 298 3259 eum
314 3205 354 3259 eis
368 3218 514 3259 amamus:
532 3202 632 3273 quibus
646 3216 701 3255 non
715 3200 794 3271 plena
814 3200 947 3254 charitate

144 3293 327 3366 gratulamur,
344 3291 498 3349 videntibus
513 3290 584 3360 quod
601 3289 689 3344 adhuc
710 3289 801 3343 videre
817 3303 871 3342 non
886 3303 946 3342 me·

145 3397 248 3438 remur.
266 3381 492 3452 Contemplemur
506 3378 622 3435 feliciter
636 3377 664 3433 in
677 3377 809 3448 sapientia
819 3385 863 3431 tua
878 3376 947 3431 divi-

41 3484 46 3491 '
145 3471 241 3526 nitatis
256 3475 311 3526 tuas
326 3469 506 3538 majestatem,
528 3474 664 3538 quaeante
680 3466 801 3522 medium
821 3472 947 3521 nostrum

144 3566 172 3616 et
187 3566 249 3630 post
264 3560 393 3629 inspecta,
406 3564 489 3613 totum
511 3557 643 3628 quidquid
665 3555 731 3610 illud
746 3559 798 3621 est,
814 3554 947 3625 praeteriti

145 3646 190 3704 vel
206 3646 300 3714 tutari,
312 3647 385 3700 intra
408 3661 529 3716 praesens
544 3645 705 3699 mlemilatis
725 3658 782 3697 suae
796 3642 946 3707 includens,

147 3736 261 3807 attingit
275 3749 292 3789 a
306 3733 360 3790 stne
374 3750 459 3804 usquc
474 3734 509 3788 ad
523 3732 604 3789 finem
621 3731 727 3788 sortiter
737 3746 745 3801 ;
755 3731 846 3786 media
856 3736 946 3786 autem

148 3830 251 3892 nostra,
267 3838 327 3893 quae
343 3829 404 3877 sunt
423 3823 547 3876 ltumanae
567 3821 780 3892 dispensationis
802 3826 865 3888 tuae,
878 3820 946 3876 claa-

147 3911 230 3967 ritato
245 3912 405 3979 constravit,
418 3910 567 3981 disponens
582 3910 675 3966 omnia
689 3910 820 3977 suaviter,
836 3916 948 3979 propter

147 4000 220 4055 iilius
240 4000 402 4067 Jerusalem,
417 3998 542 4068 devotas,
557 3999 606 4054 sed
627 3996 747 4052 infirmas
769 3997 857 4053 adimo
883 4013 946 4051 am-

146 4103 206 4144 mas
224 4105 230 4142 :
248 4104 308 4160 qttae
322 4088 358 4143 ad
373 4089 527 4143 contuenda
547 4087 674 4142 sublimia
688 4085 736 4141 illa
758 4086 881 4140 troadam
895 4086 947 4140 ha·

147 4179 244 4234 beutcs
259 4178 423 4233 exercitatos
437 4193 543 4243 seusus,
559 4183 650 4231 amant
665 4174 735 4231 affici
750 4175 819 4230 circa
833 4174 948 4229 humilia
1002 4221 1007 4232 .

149 4278 203 4335 tua,
220 4269 249 4322 et
271 4267 383 4337 resolvi,
402 4267 471 4321 sicut
495 4265 569 4322 circa
593 4264 693 4318 similia
708 4264 772 4318 sibi.
792 4263 865 4319 luter
880 4278 949 4334 quas

148 4371 240 4412 meum
256 4371 365 4428 quoque
380 4355 516 4426 spiritum,
532 4354 660 4421 Domine,
672 4351 781 4408 docebit
790 4351 946 4423 aliquando,

150 4452 186 4515 tc,
203 4446 250 4515 qui
276 4445 394 4516 spiritus
410 4461 450 4513 es,
464 4443 577 4499 adorare
603 4443 631 4494 iu
646 4442 747 4511 spiritu
762 4448 788 4495 et
808 4442 922 4495 veritate
939 4462 945 4516 ;

149 4549 230 4589 carne
247 4534 303 4601 iam
326 4533 457 4588 adversus
482 4547 544 4587 cum
570 4545 624 4585 non
656 4528 876 4598 concupiscente,
902 4525 947 4581 vel

146 4622 246 4679 lentius
258 4622 287 4676 id
302 4630 409 4695 ugente.
427 4620 482 4677 Sed
506 4636 577 4675 nunc
600 4619 721 4687 interim,
737 4619 802 4690 quia
824 4633 877 4673 rvon
893 4632 945 4688 po-

146 4716 201 4769 test
215 4712 243 4766 in
258 4728 291 4766 ea
306 4728 365 4781 tpuae
388 4718 433 4765 tua
457 4717 528 4776 sunl,
545 4710 585 4764 sio
599 4707 704 4763 sortiter
727 4707 859 4778 expediri,
876 4707 947 4761 sicut

147 4803 174 4857 ei
190 4801 310 4872 expedit,
326 4799 457 4869 dispones
484 4798 508 4853 ei
524 4813 584 4868 qua
606 4812 655 4851 sua
670 4805 741 4863 sunt,
758 4797 797 4851 sic
813 4794 944 4861 suaviter,

147 4890 217 4945 sicut
232 4889 258 4943 ei
276 4888 417 4958 competit.
427 4887 494 4942 Cum
506 4886 578 4942 euim
594 4885 731 4941 sensualis
740 4880 947 4957 imaginationis

145 4993 216 5034 mcae
224 4976 377 5031 rudimenta
386 4975 502 5030 necdum
521 4991 718 5047 supergressus
727 4975 791 5039 sim,
803 4974 946 5044 permittes

145 5074 172 5123 ct
186 5074 294 5138 gratum
310 5065 435 5132 babebis,
452 5064 511 5135 ipsa
534 5064 632 5119 mentis
656 5063 849 5136 imaginatione
874 5061 946 5117 circa

144 5156 258 5211 humilia
274 5162 328 5224 tua,
344 5152 477 5208 infirmam
501 5153 589 5209 atlhuc
616 5153 733 5207 animum
757 5166 846 5206 meam
868 5165 945 5204 suam

144 5244 265 5299 indolem
279 5258 409 5298 exercere
425 5261 431 5308 ;
449 5242 556 5298 scilicet
580 5240 717 5297 nascentis
732 5239 859 5310 amplecti
875 5253 946 5309 prae·

143 5333 232 5403 sepia,
247 5337 276 5386 ct
289 5341 409 5388 sanctam
436 5332 553 5387 adorare
576 5331 731 5395 infantiam,
746 5328 891 5399 pendentis
917 5326 945 5380 in

144 5435 227 5478 cruce
239 5419 359 5478 lambere
373 5422 501 5494 vestigia,
519 5430 612 5476 tenere
638 5428 664 5475 et
680 5415 830 5473 deosculari
859 5414 944 5485 pcdcs

143 5520 318 5593 resurgentis,
327 5521 436 5577 mittere
446 5533 556 5575 manum
576 5517 604 5572 iu
616 5516 677 5573 loca
690 5514 842 5581 clavorum,
858 5516 886 5569 ct
898 5528 947 5569 ox·

143 5615 265 5678 sanare
282 5619 438 5680 :Dominus
457 5631 535 5674 meus
554 5623 583 5674 ct
605 5615 680 5673 Deus
698 5628 786 5672 maus.
804 5611 840 5669 tat
852 5609 881 5667 iu
901 5609 944 5668 bis

996 494 1054 535 non
1075 481 1204 551 peccabo,
1220 497 1281 537 oum
1296 483 1380 538 orabo
1404 492 1431 539 et
1451 486 1585 553 adorabo,
1602 485 1676 557 quod
1690 486 1793 558 imagi-

997 569 1088 625 nando
1098 569 1206 638 videbo,
1220 569 1293 642 quod
1308 572 1428 638 audiam,
1440 573 1513 644 quod
1528 590 1623 629 manus
1643 589 1712 630 meae
1733 589 1798 631 con-

996 657 1151 712 trectabunt
1163 658 1197 713 da
1213 658 1296 714 verbo
1311 661 1384 715 vitae.
1402 663 1542 718 Audacter
1555 662 1629 718 euim
1646 662 1747 729 dicam,
1764 663 1794 716 in

997 745 1074 801 suavi
1102 746 1278 818 dispositione
1307 748 1449 819 sapientiae
1476 756 1530 807 tuat
1558 752 1627 807 hanc
1641 752 1674 806 ab
1693 759 1797 806 aeterno

998 833 1138 905 provisam
1166 834 1245 890 nobis
1260 837 1376 907 gratiam
1391 843 1419 893 et
1433 838 1468 894 da
1495 840 1642 911 praecipuis
1666 842 1796 895 incarna-

998 921 1081 978 tionis
1097 930 1148 979 tuat
1161 925 1250 979 causis
1264 926 1334 981 hanc
1349 926 1420 997 apud
1435 935 1460 983 tc
1476 928 1558 983 tuisse
1575 944 1628 983 non
1644 927 1796 995 minimam,

998 1019 1026 1065 ut
1040 1012 1147 1082 parvuli
1163 1013 1201 1068 tui
1217 1015 1247 1068 in
1271 1014 1395 1070 Emissis
1411 1024 1456 1071 tua
1472 1017 1540 1073 lacte
1563 1017 1652 1073 adimo
1666 1016 1795 1089 indigen·

999 1106 1049 1167 tes,
1065 1108 1092 1156 et
1106 1116 1161 1156 non
1180 1101 1270 1158 solido
1291 1102 1364 1170 cibo,
1386 1119 1436 1160 nec
1459 1105 1645 1176 spiritualiter,
1660 1113 1687 1162 et
1710 1113 1797 1160 tuoto

998 1189 1081 1244 modo
1096 1189 1223 1261 cogitare
1238 1192 1567 1260 praevaleutes,haberent
1581 1194 1608 1248 iu
1632 1199 1659 1249 te
1674 1210 1729 1249 uon
1751 1194 1796 1266 ig·

999 1281 1089 1332 notam
1114 1277 1167 1332 sibi
1192 1278 1411 1352 formam,quam
1438 1282 1465 1335 in
1480 1282 1614 1339 sacrificio
1641 1283 1796 1338 orationum

998 1381 1106 1420 suarum
1121 1368 1366 1437 proponerentsibi
1380 1369 1487 1441 absque
1504 1369 1566 1426 fidei
1582 1371 1722 1435 scandalo,
1739 1386 1795 1425 non

998 1454 1165 1511 sufficientes
1176 1456 1263 1512 adbuc
1277 1456 1374 1513 intueri
1389 1458 1416 1513 in
1431 1457 1585 1515 claritatem
1600 1460 1675 1515 illam
1698 1459 1796 1515 diviuae

997 1545 1153 1614 majestatis
1169 1553 1231 1600 luae.

1032 1649 1214 1722 Quapropter,
1226 1651 1276 1706 etsi
1288 1651 1346 1722 jam
1370 1660 1397 1709 te
1416 1670 1472 1709 non
1496 1654 1621 1710 novimus
1645 1654 1794 1710 secuudum

955 1765 982 1825 B
996 1755 1117 1805 caruem,
1129 1740 1278 1795 secundum
1290 1741 1341 1797 hoc
1353 1750 1443 1797 mmen
1459 1759 1512 1813 quo
1530 1742 1697 1814 glorificatus
1716 1743 1796 1798 sedes

996 1827 1023 1882 in
1047 1828 1157 1883 dextera
1181 1829 1266 1884 Patris
1285 1831 1312 1883 iu
1334 1831 1467 1899 excelsis,
1479 1837 1554 1886 tanto
1574 1833 1672 1888 melior
1686 1832 1796 1904 angelis

997 1915 1109 1972 effectus
1124 1924 1227 1988 quanto
1243 1934 1300 1989 prae
1320 1919 1373 1973 illis
1394 1919 1564 1975 differentius
1584 1935 1684 1975 nomen
1707 1922 1796 1975 baere-

996 2004 1098 2074 ditasti,
1122 2006 1209 2076 ipsam
1239 2022 1346 2062 earnem
1374 2016 1505 2077 nostram,
1523 2025 1605 2082 quam
1642 2024 1696 2064 non
1718 2009 1797 2077 adie-

997 2094 1070 2162 cisti,
1093 2093 1141 2149 sed
1166 2096 1335 2166 glorificasti,
1359 2113 1420 2168 quae
1448 2106 1488 2152 est
1519 2096 1670 2154 scabellum
1696 2097 1797 2168 pedam

997 2189 1118 2248 tuorum,
1137 2198 1256 2250 oramus,
1277 2184 1432 2254 adoramus,
1451 2186 1636 2250 obsecramus,
1647 2186 1733 2241 David
1748 2199 1799 2239 uos

997 2271 1032 2325 ad
1053 2272 1105 2326 boo
1128 2272 1290 2327 exbonante
1310 2280 1336 2326 et
1356 2274 1482 2335 dieente;
1505 2275 1625 2330 idernte
1643 2275 1798 2330 scabellum

995 2359 1097 2432 pedum
1112 2361 1181 2430 ejus,
1199 2363 1334 2431 quostiam
1344 2365 1478 2417 sunctum
1489 2368 1531 2418 ent
1546 2364 1633 2432 (Paul.
1644 2366 1752 2431 ravair).
1763 2361 1798 2415 Et

997 2463 1013 2502 o
1040 2447 1153 2502 beatum
1181 2448 1246 2502 illud
1276 2451 1363 2504 sancti
1392 2452 1510 2521 Spiritus
1525 2453 1667 2522 templum,
1684 2451 1719 2505 de
1743 2465 1797 2522 quo

997 2536 1141 2590 exaltatum
1156 2537 1184 2590 in
1203 2553 1283 2593 cruce
1298 2539 1433 2593 Christum
1451 2540 1525 2594 nulia
1544 2540 1709 2594 exterminat
1725 2539 1798 2594 obii-

998 2624 1041 2679 vio
1056 2633 1082 2679 et
1097 2639 1193 2680 recens
1229 2643 1338 2698 semper
1359 2627 1480 2683 decurrit
1508 2629 1621 2701 sanguis
1634 2628 1660 2682 iu
1682 2627 1798 2682 salutem

997 2714 1134 2769 credentis
1149 2722 1176 2769 et
1189 2716 1319 2776 amantis,
1334 2725 1364 2772 ct
1380 2716 1485 2789 jugiter
1507 2721 1638 2787 operatur
1660 2717 1731 2787 quod
1744 2731 1797 2786 po-

997 2802 1080 2856 stulat
1094 2803 1235 2873 Propheta.
1253 2805 1365 2861 Redime
1376 2821 1431 2872 ene,
1447 2810 1476 2860 et
1491 2807 1623 2860 miserare
1639 2803 1794 2873 meilPaal.

997 2892 1186 2957 xxv.)Toties
1212 2893 1283 2947 onim
1310 2893 1507 2964 redemptionis
1534 2902 1634 2949 nostrae
1661 2893 1688 2948 in
1717 2892 1797 2948 nobis

997 2978 1148 3035 celebratur
1161 2980 1285 3047 effectus,
1302 2983 1484 3053 quotiescum
1505 2982 1599 3037 recolit
1618 2980 1799 3053 supplicantis

424 3115 428 3125 .
568 3115 572 3124 .
736 3111 741 3121 .
909 3112 913 3120 .
997 3066 1121 3123 effectus.
1139 3069 1192 3124 Sed
1221 3070 1285 3139 quia
1311 3086 1400 3143 neque
1428 3072 1480 3126 hoo
1504 3069 1800 3141 possumus,utvolu-

148 3116 257 3187 quando
272 3132 322 3171 nos
332 3116 453 3187 abducit,
469 3121 497 3168 ul
512 3113 704 3169 desideremus
717 3111 809 3167 vadere
820 3126 941 3178 cumeis,
957 3124 983 3186 0

1001 3172 1071 3225 mus,
1097 3158 1160 3212 ideo
1188 3159 1278 3214 adbuc
1306 3160 1423 3230 amplius
1456 3159 1596 3225 audentes,
1622 3159 1800 3229 proponimus

1001 3246 1081 3300 nobis
1102 3246 1218 3302 sormam
1234 3248 1374 3316 passionis
1388 3256 1439 3303 tum
1454 3256 1482 3302 ut
1496 3249 1615 3302 babeant
1629 3248 1709 3301 etiam
1724 3247 1800 3301 oculi

1000 3334 1181 3404 curnis,quod
1201 3336 1322 3401 rideant,
1336 3337 1380 3392 cui
1404 3337 1565 3402 inhaereant,
1577 3352 1632 3390 non
1654 3336 1801 3390 adorantes

1000 3423 1113 3492 picturae
1144 3423 1300 3498 imaginem,
1317 3425 1365 3481 sed
1392 3426 1420 3479 in
1446 3425 1565 3498 imagine
1592 3424 1726 3496 passionis
1748 3431 1801 3479 tua

1001 3513 1156 3567 veritatem.
1173 3512 1240 3568 Cam
1263 3514 1334 3569 enim
1359 3514 1484 3569 attentius
1505 3514 1665 3584 respicimus
1681 3514 1707 3566 in
1723 3512 1801 3567 ima·

1000 3601 1094 3673 ginem
1110 3601 1246 3671 passionis
1270 3611 1322 3658 tuae
1340 3603 1437 3658 silente
1452 3603 1523 3674 ipsa,
1540 3603 1642 3659 videris
1664 3602 1744 3656 nobis
1759 3600 1801 3656 di·

1001 3704 1066 3745 cere
1081 3689 1115 3745 de
1130 3705 1211 3746 cruce
1229 3708 1235 3744 ε
1254 3690 1324 3745 Cum
1337 3691 1497 3747 dilexissem
1506 3707 1566 3760 vos,
1578 3691 1605 3745 in
1622 3689 1702 3745 tinem
1716 3689 1800 3745 dilexi

1001 3793 1059 3834 vos.
1084 3780 1157 3834 blors
1183 3787 1209 3834 et
1233 3779 1356 3834 infernus
1394 3780 1538 3836 mordeant
1564 3796 1607 3835 me
1633 3779 1658 3833 in
1685 3786 1801 3834 mortem

1000 3882 1076 3921 suam
1089 3886 1096 3932 ;
1111 3867 1245 3923 comedite
1265 3883 1314 3923 vos
1335 3869 1429 3937 amici,
1447 3874 1474 3923 et
1494 3867 1677 3936 inebriamini,
1693 3867 1801 3922 charis-

921 3997 926 4007 .
1000 3955 1117 4025 simi,in
1134 3955 1215 4011 vitam
1244 3963 1383 4012 aeteruam.
1400 3956 1498 4028 Sicque
1527 3972 1594 4011 cmx
1618 3964 1661 4011 tua
1686 3954 1800 4010 linteum

999 4043 1065 4097 illud
1081 4044 1161 4099 uobis
1175 4043 1296 4116 efficitur,
1313 4044 1387 4115 quod
1401 4045 1482 4101 beato
1498 4045 1580 4101 Petro
1605 4052 1754 4109 ostensum,
1774 4046 1802 4098 et

999 4141 1116 4203 quatuor
1127 4133 1215 4188 initiis
1236 4132 1382 4188 demissum
1403 4132 1438 4188 dc
1456 4135 1544 4203 emto,
1561 4134 1590 4187 in
1610 4133 1682 4203 qaod
1703 4146 1800 4187 omncs

1000 4227 1144 4291 intrantes,
1157 4229 1183 4278 et
1198 4223 1301 4277 munda
1315 4222 1489 4278 etimmunda
1508 4221 1647 4289 animalia,
1659 4221 1687 4275 in
1701 4222 1801 4277 coelum

1001 4325 1051 4365 nos
1077 4311 1161 4367 levari
1184 4311 1361 4383 gratulamur,
1383 4313 1487 4383 inquo
1512 4320 1539 4367 et
1564 4310 1738 4377 mundamur,
1754 4309 1801 4381 qui

1002 4415 1096 4455 sumus
1107 4399 1255 4455 immundi.
1271 4401 1407 4456 btediaule
1422 4416 1541 4472 namque
1555 4400 1675 4472 imagine
1690 4398 1801 4470 passio·

962 4483 1045 4544 Dnis
1074 4493 1136 4557 tuae,
1154 4489 1460 4562 Christe,cogitatuma
1483 4490 1564 4544 nobis
1590 4489 1660 4544 eirea
1674 4503 1724 4543 nos
1747 4487 1802 4543 bo·

1002 4593 1065 4631 num
1092 4585 1166 4632 tuum
1195 4586 1307 4649 repente
1335 4595 1386 4634 nos
1411 4579 1581 4633 transfertin
1605 4578 1705 4632 summi
1734 4576 1801 4632 boui

1001 4664 1136 4721 affectum.
1152 4666 1237 4736 CuJus
1259 4667 1359 4722 faciem
1388 4666 1415 4721 iu
1442 4682 1526 4738 opere
1550 4665 1642 4721 salutis
1671 4673 1723 4721 tute
1750 4664 1801 4720 das

1000 4755 1081 4810 nobis
1097 4754 1200 4822 uidere,
1216 4771 1270 4810 non
1279 4755 1338 4824 jam
1354 4756 1431 4825 quasi
1454 4756 1573 4811 humano
1588 4758 1686 4810 conata
1707 4761 1802 4809 exorta

999 4843 1190 4915 intelligentia,
1206 4851 1235 4899 et
1248 4845 1427 4900 trementibus
1449 4845 1534 4901 oculis
1548 4843 1655 4912 mentis,
1671 4851 1698 4898 et
1722 4841 1801 4897 reiu-

999 4933 1141 5006 gientibus
1155 4933 1243 4990 lucem
1257 4939 1348 5002 tuam,
1363 4934 1411 4989 sed
1426 4933 1537 5005 placido
1552 4932 1655 4989 amoris
1666 4947 1760 5002 sensu,
1770 4939 1797 4986 et

1001 5022 1072 5078 bono
1082 5038 1133 5077 usu
1148 5021 1257 5078 videndi
1274 5030 1301 5078 ct
1316 5022 1422 5077 fruendi
1438 5024 1584 5087 suavitate,
1600 5021 1734 5093 sapientia
1754 5027 1801 5075 tua

1000 5136 1060 5192 quae
1076 5127 1168 5175 nostra
1182 5129 1244 5175 sunt
1259 5120 1417 5192 disponente
1432 5120 1513 5176 nobis
1531 5121 1664 5175 suaviter.
1681 5118 1798 5174 Laborat

1001 5219 1082 5284 enirn,
1100 5218 1145 5289 qui
1157 5216 1279 5275 ascendit
1294 5217 1412 5274 aliunde.
1428 5216 1482 5287 Qui
1504 5233 1569 5274 vero
1582 5234 1633 5291 per
1649 5225 1675 5273 tc
1701 5215 1794 5284 intrat,

1000 5317 1142 5383 oostium,
1157 5332 1209 5389 per
1227 5315 1338 5388 planum
1352 5314 1484 5388 graditur,
1501 5322 1528 5370 et
1542 5315 1616 5370 venit
1629 5314 1664 5370 ad
1680 5315 1798 5384 Patrem,

999 5415 1132 5487 adquam
1154 5414 1244 5471 nullus
1267 5415 1341 5471 veuit
1362 5413 1414 5468 uisi
1427 5429 1478 5485 per
1490 5421 1532 5482 te;
1549 5428 1601 5469 neo
1615 5413 1674 5483 jam
1688 5411 1799 5467 laborat

999 5511 1176 5568 inintellecta
1198 5509 1423 5583 supereminentis
1436 5509 1559 5567 scientiae
1572 5526 1580 5574 ;
1594 5509 1645 5565 sed
1664 5513 1736 5565 totus
1750 5522 1799 5564 re·

998 5609 1116 5669 soluitur
1128 5609 1159 5669 ia
1180 5607 1313 5669 anenata
1337 5607 1410 5668 benc
1438 5604 1543 5668 adeda
1563 5605 1749 5668 muscicudae.
1763 5604 1799 5663 ut
