<?xml version="1.0" encoding="UTF-8"?>
<!DOCTYPE html PUBLIC "-//W3C//DTD XHTML 1.0 Transitional//EN"
    "http://www.w3.org/TR/xhtml1/DTD/xhtml1-transitional.dtd">
<html xmlns="http://www.w3.org/1999/xhtml" xml:lang="en" lang="en">
 <head>
  <title>
</title>
<meta http-equiv="Content-Type" content="text/html;charset=utf-8" />
  <meta name='ocr-system' content='tesseract 3.04.00' />
  <meta name='ocr-capabilities' content='ocr_page ocr_carea ocr_par ocr_line ocrx_word'/>
</head>
<body>
  <div class='ocr_page' id='page_1' title='image "./patrologiaecurs13unkngoog_0245.png"; bbox 0 0 3728 6000; ppageno 0'>
   <div class='ocr_carea' id='block_1_1' title="bbox 171 260 221 314">
    <p class='ocr_par' dir='ltr' id='par_1_1' title="bbox 171 260 221 314">
     <span class='ocr_line' id='line_1_1' title="bbox 171 260 221 314; baseline 0 0"><span class='ocrx_word' id='word_1_1' title='bbox 171 260 221 314; x_wconf 66' lang='lat'><strong>179</strong></span> 
     </span>
    </p>
   </div>
   <div class='ocr_carea' id='block_1_2' title="bbox 707 251 1329 310">
    <p class='ocr_par' dir='ltr' id='par_1_2' title="bbox 707 251 1329 310">
     <span class='ocr_line' id='line_1_2' title="bbox 707 251 1329 310; baseline 0 -1"><span class='ocrx_word' id='word_1_2' title='bbox 707 252 894 309; x_wconf 76' lang='lat' dir='ltr'><strong>colluatur</strong></span> <span class='ocrx_word' id='word_1_3' title='bbox 909 251 1054 309; x_wconf 80' lang='lat' dir='ltr'><strong>nnuaTtS</strong></span> <span class='ocrx_word' id='word_1_4' title='bbox 1069 253 1097 310; x_wconf 92' lang='lat' dir='ltr'><strong>S.</strong></span> <span class='ocrx_word' id='word_1_5' title='bbox 1113 252 1329 310; x_wconf 74' lang='lat' dir='ltr'><strong>rueouotttcr</strong></span> 
     </span>
    </p>
   </div>
   <div class='ocr_carea' id='block_1_3' title="bbox 1770 256 1824 312">
    <p class='ocr_par' dir='ltr' id='par_1_3' title="bbox 1770 256 1824 312">
     <span class='ocr_line' id='line_1_3' title="bbox 1770 256 1824 312; baseline 0 -1"><span class='ocrx_word' id='word_1_6' title='bbox 1770 256 1824 312; x_wconf 64' lang='grc'><strong>880</strong></span> 
     </span>
    </p>
   </div>
   <div class='ocr_carea' id='block_1_4' title="bbox 169 376 1821 448">
    <p class='ocr_par' dir='ltr' id='par_1_4' title="bbox 169 376 1821 448">
     <span class='ocr_line' id='line_1_4' title="bbox 169 376 1821 448; baseline -0.001 -12"><span class='ocrx_word' id='word_1_7' title='bbox 169 386 199 436; x_wconf 91' lang='lat' dir='ltr'><strong>in</strong></span> <span class='ocrx_word' id='word_1_8' title='bbox 224 382 339 437; x_wconf 81' lang='lat' dir='ltr'><strong>ilenriun</strong></span> <span class='ocrx_word' id='word_1_9' title='bbox 361 382 422 436; x_wconf 89' lang='lat' dir='ltr'><strong>Jesu</strong></span> <span class='ocrx_word' id='word_1_10' title='bbox 444 378 549 435; x_wconf 86' lang='lat' dir='ltr'><strong>Christo</strong></span> <span class='ocrx_word' id='word_1_11' title='bbox 570 376 813 447; x_wconf 67' lang='lat' dir='ltr'>dispensationum.</span> <span class='ocrx_word' id='word_1_12' title='bbox 840 376 904 430; x_wconf 88' lang='lat' dir='ltr'><strong>ldeu</strong></span> <span class='ocrx_word' id='word_1_13' title='bbox 920 377 965 447; x_wconf 91' lang='lat' dir='ltr'><strong>qui</strong></span> <span class='ocrx_word' id='word_1_14' title='bbox 980 380 1007 438; x_wconf 75' lang='grc' dir='ltr'>Α</span> <span class='ocrx_word' id='word_1_15' title='bbox 1022 377 1127 431; x_wconf 87' lang='lat' dir='ltr'><strong>dulcius</strong></span> <span class='ocrx_word' id='word_1_16' title='bbox 1144 378 1167 431; x_wconf 88' lang='lat' dir='ltr'><strong>oi</strong></span> <span class='ocrx_word' id='word_1_17' title='bbox 1193 378 1363 431; x_wconf 70' lang='lat' dir='ltr'><strong>celsitudinis</strong></span> <span class='ocrx_word' id='word_1_18' title='bbox 1379 395 1434 433; x_wconf 76' lang='lat' dir='ltr'><strong>suro</strong></span> <span class='ocrx_word' id='word_1_19' title='bbox 1455 378 1611 448; x_wconf 86' lang='lat' dir='ltr'><strong>majestates</strong></span> <span class='ocrx_word' id='word_1_20' title='bbox 1631 378 1659 433; x_wconf 94' lang='lat' dir='ltr'><strong>in</strong></span> <span class='ocrx_word' id='word_1_21' title='bbox 1670 377 1821 435; x_wconf 80' lang='lat' dir='ltr'><strong>familiares</strong></span> 
     </span>
    </p>
   </div>
   <div class='ocr_carea' id='block_1_5' title="bbox 165 466 967 1689">
    <p class='ocr_par' dir='ltr' id='par_1_5' title="bbox 165 466 967 1689">
     <span class='ocr_line' id='line_1_5' title="bbox 169 466 966 537; baseline -0.008 -11"><span class='ocrx_word' id='word_1_22' title='bbox 169 472 307 528; x_wconf 88' lang='lat' dir='ltr'><strong>rationalis</strong></span> <span class='ocrx_word' id='word_1_23' title='bbox 327 480 375 537; x_wconf 88' lang='lat' dir='ltr'><strong>est,</strong></span> <span class='ocrx_word' id='word_1_24' title='bbox 398 478 424 524; x_wconf 90' lang='lat' dir='ltr'><strong>et</strong></span> <span class='ocrx_word' id='word_1_25' title='bbox 442 468 544 522; x_wconf 90' lang='lat' dir='ltr'><strong>ratione</strong></span> <span class='ocrx_word' id='word_1_26' title='bbox 564 467 663 537; x_wconf 87' lang='lat' dir='ltr'><strong>agitur,</strong></span> <span class='ocrx_word' id='word_1_27' title='bbox 691 469 741 521; x_wconf 85' lang='lat' dir='ltr'><strong>troc</strong></span> <span class='ocrx_word' id='word_1_28' title='bbox 754 466 842 535; x_wconf 89' lang='lat' dir='ltr'><strong>ipsum</strong></span> <span class='ocrx_word' id='word_1_29' title='bbox 863 466 966 521; x_wconf 89' lang='lat' dir='ltr'><strong>ratione</strong></span> 
     </span>
     <span class='ocr_line' id='line_1_6' title="bbox 169 554 965 631; baseline -0.008 -16"><span class='ocrx_word' id='word_1_30' title='bbox 169 567 334 631; x_wconf 74' lang='lat' dir='ltr'>suggerente</span> <span class='ocrx_word' id='word_1_31' title='bbox 346 560 372 613; x_wconf 90' lang='lat' dir='ltr'><strong>in</strong></span> <span class='ocrx_word' id='word_1_32' title='bbox 384 557 523 614; x_wconf 78' lang='lat' dir='ltr'><strong>laboribus</strong></span> <span class='ocrx_word' id='word_1_33' title='bbox 539 554 728 609; x_wconf 86' lang='lat' dir='ltr'><strong>laboranssibi</strong></span> <span class='ocrx_word' id='word_1_34' title='bbox 740 555 965 626; x_wconf 85' lang='lat' dir='ltr'><strong>agitsatagitque,</strong></span> 
     </span>
     <span class='ocr_line' id='line_1_7' title="bbox 169 643 966 717; baseline -0.008 -14"><span class='ocrx_word' id='word_1_35' title='bbox 169 648 258 704; x_wconf 89' lang='lat' dir='ltr'><strong>donec</strong></span> <span class='ocrx_word' id='word_1_36' title='bbox 280 649 367 703; x_wconf 88' lang='lat' dir='ltr'><strong>rictor</strong></span> <span class='ocrx_word' id='word_1_37' title='bbox 394 647 434 701; x_wconf 92' lang='lat' dir='ltr'><strong>sui</strong></span> <span class='ocrx_word' id='word_1_38' title='bbox 450 647 508 700; x_wconf 76' lang='lat' dir='ltr'><strong>lrsec</strong></span> <span class='ocrx_word' id='word_1_39' title='bbox 526 643 618 699; x_wconf 89' lang='lat' dir='ltr'><strong>omnia</strong></span> <span class='ocrx_word' id='word_1_40' title='bbox 638 644 872 717; x_wconf 89' lang='lat' dir='ltr'><strong>supergrediatur,</strong></span> <span class='ocrx_word' id='word_1_41' title='bbox 892 651 918 698; x_wconf 91' lang='lat' dir='ltr'><strong>ct</strong></span> <span class='ocrx_word' id='word_1_42' title='bbox 939 644 966 697; x_wconf 93' lang='lat' dir='ltr'><strong>in</strong></span> 
     </span>
     <span class='ocr_line' id='line_1_8' title="bbox 168 732 967 810; baseline -0.009 -17"><span class='ocrx_word' id='word_1_43' title='bbox 168 752 199 793; x_wconf 86' lang='lat' dir='ltr'><strong>ea</strong></span> <span class='ocrx_word' id='word_1_44' title='bbox 210 754 272 810; x_wconf 85' lang='lat' dir='ltr'><strong>quae</strong></span> <span class='ocrx_word' id='word_1_45' title='bbox 286 736 398 808; x_wconf 91' lang='lat' dir='ltr'><strong>spiritus</strong></span> <span class='ocrx_word' id='word_1_46' title='bbox 414 743 477 789; x_wconf 90' lang='lat' dir='ltr'><strong>sunt</strong></span> <span class='ocrx_word' id='word_1_47' title='bbox 490 733 603 795; x_wconf 86' lang='lat' dir='ltr'><strong>eradat;</strong></span> <span class='ocrx_word' id='word_1_48' title='bbox 621 733 747 788; x_wconf 79' lang='lat' dir='ltr'><strong>voluutas</strong></span> <span class='ocrx_word' id='word_1_49' title='bbox 762 732 832 788; x_wconf 90' lang='lat' dir='ltr'><strong>hona</strong></span> <span class='ocrx_word' id='word_1_50' title='bbox 849 738 967 788; x_wconf 80' lang='lat' dir='ltr'><strong>transeat</strong></span> 
     </span>
     <span class='ocr_line' id='line_1_9' title="bbox 167 820 966 887; baseline -0.008 -7"><span class='ocrx_word' id='word_1_51' title='bbox 167 827 195 880; x_wconf 93' lang='lat' dir='ltr'><strong>in</strong></span> <span class='ocrx_word' id='word_1_52' title='bbox 217 835 334 881; x_wconf 89' lang='lat' dir='ltr'><strong>mentem</strong></span> <span class='ocrx_word' id='word_1_53' title='bbox 360 826 474 887; x_wconf 85' lang='lat' dir='ltr'><strong>bonam;</strong></span> <span class='ocrx_word' id='word_1_54' title='bbox 498 822 662 878; x_wconf 88' lang='lat' dir='ltr'><strong>desiderium</strong></span> <span class='ocrx_word' id='word_1_55' title='bbox 683 821 816 876; x_wconf 91' lang='lat' dir='ltr'><strong>tendentis</strong></span> <span class='ocrx_word' id='word_1_56' title='bbox 832 821 860 875; x_wconf 91' lang='lat' dir='ltr'><strong>in</strong></span> <span class='ocrx_word' id='word_1_57' title='bbox 884 820 966 875; x_wconf 90' lang='lat' dir='ltr'><strong>intel·</strong></span> 
     </span>
     <span class='ocr_line' id='line_1_10' title="bbox 167 909 966 981; baseline -0.01 -11"><span class='ocrx_word' id='word_1_58' title='bbox 167 913 266 970; x_wconf 87' lang='lat' dir='ltr'><strong>lectum</strong></span> <span class='ocrx_word' id='word_1_59' title='bbox 287 913 415 981; x_wconf 85' lang='lat' dir='ltr'><strong>ridentis,</strong></span> <span class='ocrx_word' id='word_1_60' title='bbox 430 911 474 966; x_wconf 83' lang='lat' dir='ltr'><strong>vel</strong></span> <span class='ocrx_word' id='word_1_61' title='bbox 495 926 615 965; x_wconf 88' lang='lat' dir='ltr'><strong>amorem</strong></span> <span class='ocrx_word' id='word_1_62' title='bbox 639 910 760 963; x_wconf 79' lang='lat' dir='ltr'><strong>fruentis.</strong></span> <span class='ocrx_word' id='word_1_63' title='bbox 778 911 898 979; x_wconf 80' lang='lat' dir='ltr'><strong>Cumque</strong></span> <span class='ocrx_word' id='word_1_64' title='bbox 913 909 966 964; x_wconf 88' lang='lat' dir='ltr'><strong>ad-</strong></span> 
     </span>
     <span class='ocr_line' id='line_1_11' title="bbox 165 997 965 1074; baseline -0.006 -17"><span class='ocrx_word' id='word_1_65' title='bbox 165 1003 279 1072; x_wconf 86' lang='lat' dir='ltr'><strong>jurante</strong></span> <span class='ocrx_word' id='word_1_66' title='bbox 291 1003 390 1074; x_wconf 79' lang='lat' dir='ltr'><strong>Spiritu</strong></span> <span class='ocrx_word' id='word_1_67' title='bbox 407 1009 500 1056; x_wconf 90' lang='lat' dir='ltr'><strong>sancto</strong></span> <span class='ocrx_word' id='word_1_68' title='bbox 515 998 698 1053; x_wconf 83' lang='lat' dir='ltr'><strong>infirmitatem</strong></span> <span class='ocrx_word' id='word_1_69' title='bbox 707 998 839 1065; x_wconf 89' lang='lat' dir='ltr'><strong>hominis,</strong></span> <span class='ocrx_word' id='word_1_70' title='bbox 850 997 965 1070; x_wconf 82' lang='lat' dir='ltr'><strong>imagini</strong></span> 
     </span>
     <span class='ocr_line' id='line_1_12' title="bbox 167 1086 967 1162; baseline -0.008 -16"><span class='ocrx_word' id='word_1_71' title='bbox 167 1092 216 1148; x_wconf 89' lang='lat' dir='ltr'><strong>Dei</strong></span> <span class='ocrx_word' id='word_1_72' title='bbox 232 1108 278 1145; x_wconf 92' lang='lat' dir='ltr'><strong>sua</strong></span> <span class='ocrx_word' id='word_1_73' title='bbox 293 1091 387 1162; x_wconf 76' lang='lat' dir='ltr'><strong>incipit</strong></span> <span class='ocrx_word' id='word_1_74' title='bbox 407 1089 512 1160; x_wconf 89' lang='lat' dir='ltr'><strong>species</strong></span> <span class='ocrx_word' id='word_1_75' title='bbox 527 1087 660 1155; x_wconf 83' lang='lat' dir='ltr'><strong>renovari,</strong></span> <span class='ocrx_word' id='word_1_76' title='bbox 675 1087 869 1157; x_wconf 89' lang='lat' dir='ltr'><strong>superveniens</strong></span> <span class='ocrx_word' id='word_1_77' title='bbox 879 1086 967 1159; x_wconf 89' lang='lat' dir='ltr'><strong>gratia</strong></span> 
     </span>
     <span class='ocr_line' id='line_1_13' title="bbox 165 1175 965 1248; baseline -0.006 -14"><span class='ocrx_word' id='word_1_78' title='bbox 165 1179 309 1248; x_wconf 72' lang='lat' dir='ltr'><strong>munnam,</strong></span> <span class='ocrx_word' id='word_1_79' title='bbox 326 1186 455 1242; x_wconf 92' lang='lat' dir='ltr'><strong>mentem,</strong></span> <span class='ocrx_word' id='word_1_80' title='bbox 472 1178 565 1240; x_wconf 88' lang='lat' dir='ltr'><strong>vitam,</strong></span> <span class='ocrx_word' id='word_1_81' title='bbox 587 1192 686 1244; x_wconf 85' lang='lat' dir='ltr'><strong>mores,</strong></span> <span class='ocrx_word' id='word_1_82' title='bbox 698 1176 786 1246; x_wconf 91' lang='lat' dir='ltr'><strong>ipsum</strong></span> <span class='ocrx_word' id='word_1_83' title='bbox 802 1175 882 1230; x_wconf 87' lang='lat' dir='ltr'><strong>etiam</strong></span> <span class='ocrx_word' id='word_1_84' title='bbox 902 1191 965 1230; x_wconf 90' lang='lat' dir='ltr'><strong>cor·</strong></span> 
     </span>
     <span class='ocr_line' id='line_1_14' title="bbox 166 1263 965 1340; baseline -0.008 -18"><span class='ocrx_word' id='word_1_85' title='bbox 166 1268 243 1340; x_wconf 91' lang='lat' dir='ltr'><strong>poris</strong></span> <span class='ocrx_word' id='word_1_86' title='bbox 258 1274 515 1338; x_wconf 81' lang='lat' dir='ltr'><strong>temperamentum,</strong></span> <span class='ocrx_word' id='word_1_87' title='bbox 533 1263 614 1320; x_wconf 84' lang='lat' dir='ltr'><strong>efficit</strong></span> <span class='ocrx_word' id='word_1_88' title='bbox 627 1274 653 1319; x_wconf 91' lang='lat' dir='ltr'><strong>et</strong></span> <span class='ocrx_word' id='word_1_89' title='bbox 669 1263 822 1320; x_wconf 90' lang='lat' dir='ltr'><strong>conlormat</strong></span> <span class='ocrx_word' id='word_1_90' title='bbox 840 1264 965 1318; x_wconf 91' lang='lat' dir='ltr'><strong>inunum</strong></span> 
     </span>
     <span class='ocr_line' id='line_1_15' title="bbox 167 1352 966 1427; baseline -0.009 -15"><span class='ocrx_word' id='word_1_91' title='bbox 167 1355 291 1412; x_wconf 88' lang='lat' dir='ltr'><strong>affectum</strong></span> <span class='ocrx_word' id='word_1_92' title='bbox 315 1355 432 1427; x_wconf 90' lang='lat' dir='ltr'><strong>pietatis,</strong></span> <span class='ocrx_word' id='word_1_93' title='bbox 455 1355 482 1408; x_wconf 91' lang='lat' dir='ltr'><strong>in</strong></span> <span class='ocrx_word' id='word_1_94' title='bbox 510 1368 590 1407; x_wconf 90' lang='lat' dir='ltr'><strong>unam</strong></span> <span class='ocrx_word' id='word_1_95' title='bbox 618 1352 735 1423; x_wconf 88' lang='lat' dir='ltr'><strong>elligicm</strong></span> <span class='ocrx_word' id='word_1_96' title='bbox 765 1352 912 1418; x_wconf 83' lang='lat' dir='ltr'><strong>charitatis,</strong></span> <span class='ocrx_word' id='word_1_97' title='bbox 937 1354 966 1406; x_wconf 91' lang='lat' dir='ltr'><strong>in</strong></span> 
     </span>
     <span class='ocr_line' id='line_1_16' title="bbox 166 1439 966 1511; baseline -0.005 -12"><span class='ocrx_word' id='word_1_98' title='bbox 166 1460 249 1499; x_wconf 89' lang='lat' dir='ltr'><strong>unam</strong></span> <span class='ocrx_word' id='word_1_99' title='bbox 261 1444 356 1499; x_wconf 82' lang='lat' dir='ltr'><strong>faciem</strong></span> <span class='ocrx_word' id='word_1_100' title='bbox 372 1445 458 1498; x_wconf 91' lang='lat' dir='ltr'><strong>Deum</strong></span> <span class='ocrx_word' id='word_1_101' title='bbox 475 1441 659 1511; x_wconf 83' lang='lat' dir='ltr'><strong>exquirentis;</strong></span> <span class='ocrx_word' id='word_1_102' title='bbox 684 1455 744 1496; x_wconf 83' lang='lat' dir='ltr'><strong>cuni</strong></span> <span class='ocrx_word' id='word_1_103' title='bbox 761 1439 871 1495; x_wconf 83' lang='lat' dir='ltr'><strong>affectat</strong></span> <span class='ocrx_word' id='word_1_104' title='bbox 883 1440 966 1495; x_wconf 93' lang='lat' dir='ltr'><strong>homo</strong></span> 
     </span>
     <span class='ocr_line' id='line_1_17' title="bbox 167 1529 966 1605; baseline -0.005 -17"><span class='ocrx_word' id='word_1_105' title='bbox 167 1547 339 1605; x_wconf 78' lang='lat' dir='ltr'><strong>cognoscere</strong></span> <span class='ocrx_word' id='word_1_106' title='bbox 361 1532 458 1595; x_wconf 87' lang='lat' dir='ltr'><strong>Deum,</strong></span> <span class='ocrx_word' id='word_1_107' title='bbox 475 1529 639 1599; x_wconf 82' lang='lat' dir='ltr'><strong>inquantum</strong></span> <span class='ocrx_word' id='word_1_108' title='bbox 665 1529 707 1583; x_wconf 89' lang='lat' dir='ltr'><strong>las</strong></span> <span class='ocrx_word' id='word_1_109' title='bbox 722 1537 771 1596; x_wconf 90' lang='lat' dir='ltr'><strong>est,</strong></span> <span class='ocrx_word' id='word_1_110' title='bbox 789 1538 814 1583; x_wconf 89' lang='lat' dir='ltr'><strong>et</strong></span> <span class='ocrx_word' id='word_1_111' title='bbox 836 1529 966 1600; x_wconf 77' lang='lat' dir='ltr'><strong>cognosci</strong></span> 
     </span>
     <span class='ocr_line' id='line_1_18' title="bbox 168 1617 965 1689; baseline -0.006 -12"><span class='ocrx_word' id='word_1_112' title='bbox 168 1621 203 1677; x_wconf 88' lang='lat' dir='ltr'><strong>ab</strong></span> <span class='ocrx_word' id='word_1_113' title='bbox 220 1638 272 1684; x_wconf 71' lang='grc' dir='ltr'><strong>θος</strong></span> <span class='ocrx_word' id='word_1_114' title='bbox 289 1619 403 1676; x_wconf 80' lang='lat' dir='ltr'><strong>revelari</strong></span> <span class='ocrx_word' id='word_1_115' title='bbox 421 1619 472 1673; x_wconf 90' lang='lat' dir='ltr'><strong>sibi</strong></span> <span class='ocrx_word' id='word_1_116' title='bbox 488 1617 584 1673; x_wconf 82' lang='lat' dir='ltr'><strong>facicm</strong></span> <span class='ocrx_word' id='word_1_117' title='bbox 600 1617 664 1686; x_wconf 84' lang='lat' dir='ltr'><strong>ejus</strong></span> <span class='ocrx_word' id='word_1_118' title='bbox 677 1617 780 1689; x_wconf 73' lang='lat' dir='ltr'><strong>gratiae,</strong></span> <span class='ocrx_word' id='word_1_119' title='bbox 797 1618 885 1687; x_wconf 89' lang='lat' dir='ltr'><strong>ipsum</strong></span> <span class='ocrx_word' id='word_1_120' title='bbox 901 1633 965 1673; x_wconf 85' lang='lat' dir='ltr'><strong>vero</strong></span> 
     </span>
    </p>
   </div>
   <div class='ocr_carea' id='block_1_6' title="bbox 1018 465 1821 1690">
    <p class='ocr_par' dir='ltr' id='par_1_6' title="bbox 1018 465 1821 1421">
     <span class='ocr_line' id='line_1_19' title="bbox 1020 465 1821 539; baseline 0.004 -19"><span class='ocrx_word' id='word_1_121' title='bbox 1020 467 1150 536; x_wconf 90' lang='lat' dir='ltr'><strong>quasdam</strong></span> <span class='ocrx_word' id='word_1_122' title='bbox 1172 475 1198 520; x_wconf 92' lang='lat' dir='ltr'><strong>et</strong></span> <span class='ocrx_word' id='word_1_123' title='bbox 1215 466 1317 521; x_wconf 87' lang='lat' dir='ltr'><strong>arnicas</strong></span> <span class='ocrx_word' id='word_1_124' title='bbox 1331 475 1494 522; x_wconf 81' lang='lat' dir='ltr'><strong>conuertens</strong></span> <span class='ocrx_word' id='word_1_125' title='bbox 1508 465 1664 524; x_wconf 82' lang='lat' dir='ltr'><strong>affectiones</strong></span> <span class='ocrx_word' id='word_1_126' title='bbox 1680 476 1706 523; x_wconf 91' lang='lat' dir='ltr'><strong>et</strong></span> <span class='ocrx_word' id='word_1_127' title='bbox 1731 483 1821 539; x_wconf 86' lang='lat' dir='ltr'><strong>expe·</strong></span> 
     </span>
     <span class='ocr_line' id='line_1_20' title="bbox 1019 552 1818 624; baseline 0.005 -17"><span class='ocrx_word' id='word_1_128' title='bbox 1019 552 1131 608; x_wconf 86' lang='lat' dir='ltr'><strong>rienlias</strong></span> <span class='ocrx_word' id='word_1_129' title='bbox 1159 554 1260 609; x_wconf 78' lang='lat' dir='ltr'><strong>divinar</strong></span> <span class='ocrx_word' id='word_1_130' title='bbox 1289 555 1430 624; x_wconf 87' lang='lat' dir='ltr'><strong>cujusdam</strong></span> <span class='ocrx_word' id='word_1_131' title='bbox 1459 555 1597 611; x_wconf 85' lang='lat' dir='ltr'><strong>suavitatis</strong></span> <span class='ocrx_word' id='word_1_132' title='bbox 1626 564 1652 611; x_wconf 88' lang='lat' dir='ltr'><strong>et</strong></span> <span class='ocrx_word' id='word_1_133' title='bbox 1679 555 1818 624; x_wconf 86' lang='lat' dir='ltr'><strong>honitatis,</strong></span> 
     </span>
     <span class='ocr_line' id='line_1_21' title="bbox 1020 642 1818 716; baseline 0.004 -19"><span class='ocrx_word' id='word_1_134' title='bbox 1020 651 1120 714; x_wconf 86' lang='lat' dir='ltr'><strong>quanto</strong></span> <span class='ocrx_word' id='word_1_135' title='bbox 1136 642 1230 697; x_wconf 89' lang='lat' dir='ltr'><strong>beatus</strong></span> <span class='ocrx_word' id='word_1_136' title='bbox 1244 658 1349 714; x_wconf 78' lang='lat' dir='ltr'><strong>pauper</strong></span> <span class='ocrx_word' id='word_1_137' title='bbox 1363 643 1459 714; x_wconf 91' lang='lat' dir='ltr'><strong>spiritu</strong></span> <span class='ocrx_word' id='word_1_138' title='bbox 1481 651 1508 699; x_wconf 90' lang='lat' dir='ltr'><strong>et</strong></span> <span class='ocrx_word' id='word_1_139' title='bbox 1528 643 1638 699; x_wconf 88' lang='lat' dir='ltr'><strong>humilis</strong></span> <span class='ocrx_word' id='word_1_140' title='bbox 1653 651 1680 699; x_wconf 88' lang='lat' dir='ltr'><strong>et</strong></span> <span class='ocrx_word' id='word_1_141' title='bbox 1699 644 1818 716; x_wconf 86' lang='lat' dir='ltr'><strong>quietus,</strong></span> 
     </span>
     <span class='ocr_line' id='line_1_22' title="bbox 1020 731 1818 804; baseline 0.001 -19"><span class='ocrx_word' id='word_1_142' title='bbox 1020 733 1047 786; x_wconf 88' lang='lat' dir='ltr'><strong>ct</strong></span> <span class='ocrx_word' id='word_1_143' title='bbox 1069 737 1188 787; x_wconf 89' lang='lat' dir='ltr'><strong>tremens</strong></span> <span class='ocrx_word' id='word_1_144' title='bbox 1209 747 1350 786; x_wconf 88' lang='lat' dir='ltr'><strong>sermones</strong></span> <span class='ocrx_word' id='word_1_145' title='bbox 1371 731 1490 797; x_wconf 85' lang='lat' dir='ltr'><strong>Domini,</strong></span> <span class='ocrx_word' id='word_1_146' title='bbox 1512 740 1539 788; x_wconf 89' lang='lat' dir='ltr'><strong>et</strong></span> <span class='ocrx_word' id='word_1_147' title='bbox 1559 732 1677 804; x_wconf 81' lang='lat' dir='ltr'><strong>simplex</strong></span> <span class='ocrx_word' id='word_1_148' title='bbox 1700 732 1818 800; x_wconf 88' lang='lat' dir='ltr'><strong>animus,</strong></span> 
     </span>
     <span class='ocr_line' id='line_1_23' title="bbox 1019 819 1819 893; baseline 0.001 -19"><span class='ocrx_word' id='word_1_149' title='bbox 1019 834 1082 874; x_wconf 90' lang='lat' dir='ltr'><strong>eum</strong></span> <span class='ocrx_word' id='word_1_150' title='bbox 1106 835 1161 892; x_wconf 90' lang='lat' dir='ltr'><strong>quo</strong></span> <span class='ocrx_word' id='word_1_151' title='bbox 1188 821 1256 875; x_wconf 90' lang='lat' dir='ltr'><strong>solet</strong></span> <span class='ocrx_word' id='word_1_152' title='bbox 1283 835 1344 876; x_wconf 90' lang='lat' dir='ltr'><strong>essa</strong></span> <span class='ocrx_word' id='word_1_153' title='bbox 1372 821 1560 877; x_wconf 84' lang='lat' dir='ltr'><strong>sermocinatio</strong></span> <span class='ocrx_word' id='word_1_154' title='bbox 1576 820 1691 893; x_wconf 86' lang='lat' dir='ltr'><strong>Spiritus</strong></span> <span class='ocrx_word' id='word_1_155' title='bbox 1719 819 1819 885; x_wconf 86' lang='lat' dir='ltr'><strong>sancti,</strong></span> 
     </span>
     <span class='ocr_line' id='line_1_24' title="bbox 1019 907 1817 981; baseline 0.001 -19"><span class='ocrx_word' id='word_1_156' title='bbox 1019 916 1080 963; x_wconf 88' lang='lat' dir='ltr'><strong>ante</strong></span> <span class='ocrx_word' id='word_1_157' title='bbox 1094 907 1260 981; x_wconf 80' lang='lat' dir='ltr'><strong>cognitionis</strong></span> <span class='ocrx_word' id='word_1_158' title='bbox 1275 909 1317 963; x_wconf 87' lang='lat' dir='ltr'><strong>vel</strong></span> <span class='ocrx_word' id='word_1_159' title='bbox 1337 908 1491 965; x_wconf 89' lang='lat' dir='ltr'><strong>intellectus</strong></span> <span class='ocrx_word' id='word_1_160' title='bbox 1517 909 1603 980; x_wconf 91' lang='lat' dir='ltr'><strong>ipsius</strong></span> <span class='ocrx_word' id='word_1_161' title='bbox 1626 909 1817 974; x_wconf 83' lang='lat' dir='ltr'><strong>reverentiam,</strong></span> 
     </span>
     <span class='ocr_line' id='line_1_25' title="bbox 1019 997 1819 1069; baseline 0.003 -19"><span class='ocrx_word' id='word_1_162' title='bbox 1019 997 1186 1068; x_wconf 89' lang='lat' dir='ltr'><strong>paupertatis</strong></span> <span class='ocrx_word' id='word_1_163' title='bbox 1202 1005 1228 1052; x_wconf 94' lang='lat' dir='ltr'><strong>et</strong></span> <span class='ocrx_word' id='word_1_164' title='bbox 1243 998 1399 1052; x_wconf 86' lang='lat' dir='ltr'><strong>humilitatis</strong></span> <span class='ocrx_word' id='word_1_165' title='bbox 1419 1006 1445 1052; x_wconf 89' lang='lat' dir='ltr'><strong>et</strong></span> <span class='ocrx_word' id='word_1_166' title='bbox 1460 997 1638 1069; x_wconf 88' lang='lat' dir='ltr'><strong>simplicitatis</strong></span> <span class='ocrx_word' id='word_1_167' title='bbox 1653 1014 1710 1053; x_wconf 86' lang='lat' dir='ltr'><strong>suae</strong></span> <span class='ocrx_word' id='word_1_168' title='bbox 1726 997 1819 1052; x_wconf 87' lang='lat' dir='ltr'><strong>verius</strong></span> 
     </span>
     <span class='ocr_line' id='line_1_26' title="bbox 1020 1074 1820 1159; baseline 0.003 -20"><span class='ocrx_word' id='word_1_169' title='bbox 1020 1093 1046 1140; x_wconf 91' lang='lat' dir='ltr'><strong>at</strong></span> <span class='ocrx_word' id='word_1_170' title='bbox 1061 1074 1185 1141; x_wconf 81' lang='lat' dir='ltr'><strong>devotius</strong></span> <span class='ocrx_word' id='word_1_171' title='bbox 1206 1088 1399 1159; x_wconf 81' lang='lat' dir='ltr'><strong>recognoverit</strong></span> <span class='ocrx_word' id='word_1_172' title='bbox 1420 1086 1610 1151; x_wconf 71' lang='lat' dir='ltr'><strong>infirmitates,</strong></span> <span class='ocrx_word' id='word_1_173' title='bbox 1632 1094 1659 1142; x_wconf 89' lang='lat' dir='ltr'><strong>et</strong></span> <span class='ocrx_word' id='word_1_174' title='bbox 1671 1102 1766 1141; x_wconf 89' lang='lat' dir='ltr'><strong>sensus</strong></span> <span class='ocrx_word' id='word_1_175' title='bbox 1785 1086 1820 1141; x_wconf 88' lang='lat' dir='ltr'><strong>ad</strong></span> 
     </span>
     <span class='ocr_line' id='line_1_27' title="bbox 1019 1174 1817 1247; baseline 0.004 -21"><span class='ocrx_word' id='word_1_176' title='bbox 1019 1174 1071 1230; x_wconf 86' lang='lat' dir='ltr'><strong>lioc</strong></span> <span class='ocrx_word' id='word_1_177' title='bbox 1086 1174 1212 1241; x_wconf 89' lang='lat' dir='ltr'><strong>attulerit,</strong></span> <span class='ocrx_word' id='word_1_178' title='bbox 1228 1182 1302 1230; x_wconf 91' lang='lat' dir='ltr'><strong>tauto</strong></span> <span class='ocrx_word' id='word_1_179' title='bbox 1323 1175 1479 1230; x_wconf 87' lang='lat' dir='ltr'><strong>subtiliores</strong></span> <span class='ocrx_word' id='word_1_180' title='bbox 1493 1183 1595 1246; x_wconf 89' lang='lat' dir='ltr'><strong>quanto</strong></span> <span class='ocrx_word' id='word_1_181' title='bbox 1621 1175 1817 1247; x_wconf 85' lang='lat' dir='ltr'><strong>simpliciores;</strong></span> 
     </span>
     <span class='ocr_line' id='line_1_28' title="bbox 1018 1263 1816 1335; baseline 0.003 -19"><span class='ocrx_word' id='word_1_182' title='bbox 1018 1279 1073 1317; x_wconf 91' lang='lat' dir='ltr'><strong>nun</strong></span> <span class='ocrx_word' id='word_1_183' title='bbox 1089 1271 1143 1317; x_wconf 91' lang='lat' dir='ltr'><strong>tam</strong></span> <span class='ocrx_word' id='word_1_184' title='bbox 1168 1263 1195 1317; x_wconf 93' lang='lat' dir='ltr'><strong>in</strong></span> <span class='ocrx_word' id='word_1_185' title='bbox 1217 1263 1378 1333; x_wconf 87' lang='lat' dir='ltr'><strong>litteratura,</strong></span> <span class='ocrx_word' id='word_1_186' title='bbox 1394 1279 1474 1335; x_wconf 87' lang='lat' dir='ltr'><strong>qnam</strong></span> <span class='ocrx_word' id='word_1_187' title='bbox 1493 1265 1520 1318; x_wconf 90' lang='lat' dir='ltr'><strong>in</strong></span> <span class='ocrx_word' id='word_1_188' title='bbox 1541 1263 1671 1334; x_wconf 85' lang='lat' dir='ltr'><strong>potentiis</strong></span> <span class='ocrx_word' id='word_1_189' title='bbox 1694 1263 1816 1330; x_wconf 87' lang='lat' dir='ltr'><strong>Domini,</strong></span> 
     </span>
     <span class='ocr_line' id='line_1_29' title="bbox 1019 1351 1386 1421; baseline -0.003 -14"><span class='ocrx_word' id='word_1_190' title='bbox 1019 1352 1086 1407; x_wconf 85' lang='lat' dir='ltr'><strong>etin</strong></span> <span class='ocrx_word' id='word_1_191' title='bbox 1099 1351 1201 1420; x_wconf 86' lang='lat' dir='ltr'><strong>justitia</strong></span> <span class='ocrx_word' id='word_1_192' title='bbox 1216 1352 1276 1421; x_wconf 88' lang='lat' dir='ltr'><strong>ejus</strong></span> <span class='ocrx_word' id='word_1_193' title='bbox 1292 1353 1386 1407; x_wconf 89' lang='lat' dir='ltr'><strong>solius.</strong></span> 
     </span>
    </p>

    <p class='ocr_par' dir='ltr' id='par_1_7' title="bbox 1018 1441 1819 1690">
     <span class='ocr_line' id='line_1_30' title="bbox 1055 1441 1817 1514; baseline 0.004 -20"><span class='ocrx_word' id='word_1_194' title='bbox 1055 1441 1103 1495; x_wconf 86' lang='lat' dir='ltr'><strong>llic</strong></span> <span class='ocrx_word' id='word_1_195' title='bbox 1115 1449 1155 1495; x_wconf 90' lang='lat' dir='ltr'><strong>est</strong></span> <span class='ocrx_word' id='word_1_196' title='bbox 1169 1441 1290 1497; x_wconf 89' lang='lat' dir='ltr'><strong>calculus</strong></span> <span class='ocrx_word' id='word_1_197' title='bbox 1305 1441 1438 1497; x_wconf 90' lang='lat' dir='ltr'><strong>candidus</strong></span> <span class='ocrx_word' id='word_1_198' title='bbox 1453 1441 1486 1496; x_wconf 93' lang='lat' dir='ltr'><strong>de</strong></span> <span class='ocrx_word' id='word_1_199' title='bbox 1502 1441 1696 1514; x_wconf 71' lang='lat' dir='ltr'><strong>apocalypsi«</strong></span> <span class='ocrx_word' id='word_1_200' title='bbox 1712 1442 1817 1497; x_wconf 88' lang='lat' dir='ltr'><strong>habens</strong></span> 
     </span>
     <span class='ocr_line' id='line_1_31' title="bbox 1019 1529 1816 1602; baseline 0.004 -20"><span class='ocrx_word' id='word_1_201' title='bbox 1019 1543 1118 1584; x_wconf 91' lang='lat' dir='ltr'><strong>nomeu</strong></span> <span class='ocrx_word' id='word_1_202' title='bbox 1133 1529 1160 1584; x_wconf 91' lang='lat' dir='ltr'><strong>in</strong></span> <span class='ocrx_word' id='word_1_203' title='bbox 1178 1545 1207 1584; x_wconf 90' lang='lat' dir='ltr'><strong>se</strong></span> <span class='ocrx_word' id='word_1_204' title='bbox 1223 1532 1366 1599; x_wconf 91' lang='lat' dir='ltr'><strong>scriptum,</strong></span> <span class='ocrx_word' id='word_1_205' title='bbox 1384 1531 1457 1602; x_wconf 90' lang='lat' dir='ltr'><strong>quod</strong></span> <span class='ocrx_word' id='word_1_206' title='bbox 1472 1545 1553 1585; x_wconf 91' lang='lat' dir='ltr'><strong>nemo</strong></span> <span class='ocrx_word' id='word_1_207' title='bbox 1578 1531 1621 1598; x_wconf 88' lang='lat' dir='ltr'><strong>ait,</strong></span> <span class='ocrx_word' id='word_1_208' title='bbox 1637 1530 1688 1585; x_wconf 92' lang='lat' dir='ltr'><strong>uisi</strong></span> <span class='ocrx_word' id='word_1_209' title='bbox 1702 1531 1746 1601; x_wconf 92' lang='lat' dir='ltr'><strong>qui</strong></span> <span class='ocrx_word' id='word_1_210' title='bbox 1766 1545 1816 1585; x_wconf 89' lang='lat' dir='ltr'><strong>ac-</strong></span> 
     </span>
     <span class='ocr_line' id='line_1_32' title="bbox 1018 1616 1819 1690; baseline 0.001 -18"><span class='ocrx_word' id='word_1_211' title='bbox 1018 1616 1083 1687; x_wconf 93' lang='lat' dir='ltr'><strong>cipit</strong></span> <span class='ocrx_word' id='word_1_212' title='bbox 1098 1619 1190 1689; x_wconf 77' lang='lat' dir='ltr'><strong>(Apoc.</strong></span> <span class='ocrx_word' id='word_1_213' title='bbox 1208 1625 1273 1686; x_wconf 78' lang='lat' dir='ltr'><strong>arx).</strong></span> <span class='ocrx_word' id='word_1_214' title='bbox 1293 1641 1303 1667; x_wconf 71' lang='lat' dir='ltr'><strong>n</strong></span> <span class='ocrx_word' id='word_1_215' title='bbox 1328 1619 1392 1673; x_wconf 69' lang='lat' dir='ltr'><strong>llaec</strong></span> <span class='ocrx_word' id='word_1_216' title='bbox 1412 1627 1454 1674; x_wconf 83' lang='lat' dir='ltr'><strong>est</strong></span> <span class='ocrx_word' id='word_1_217' title='bbox 1477 1618 1605 1685; x_wconf 82' lang='lat' dir='ltr'><strong>suavitas,</strong></span> <span class='ocrx_word' id='word_1_218' title='bbox 1621 1619 1655 1674; x_wconf 88' lang='lat' dir='ltr'><strong>de</strong></span> <span class='ocrx_word' id='word_1_219' title='bbox 1681 1635 1732 1690; x_wconf 91' lang='lat' dir='ltr'><strong>qua</strong></span> <span class='ocrx_word' id='word_1_220' title='bbox 1747 1620 1819 1674; x_wconf 89' lang='lat' dir='ltr'><strong>seri·</strong></span> 
     </span>
    </p>
   </div>
   <div class='ocr_carea' id='block_1_7' title="bbox 164 1705 1826 3635">
    <p class='ocr_par' dir='ltr' id='par_1_8' title="bbox 164 1705 1826 3635">
     <span class='ocr_line' id='line_1_33' title="bbox 169 1705 1819 1797; baseline -0.002 -32"><span class='ocrx_word' id='word_1_221' title='bbox 169 1709 344 1765; x_wconf 87' lang='lat' dir='ltr'><strong>conscientiae</strong></span> <span class='ocrx_word' id='word_1_222' title='bbox 358 1724 425 1776; x_wconf 74' lang='lat' dir='ltr'><strong>suas,</strong></span> <span class='ocrx_word' id='word_1_223' title='bbox 441 1715 470 1760; x_wconf 95' lang='lat' dir='ltr'><strong>ut</strong></span> <span class='ocrx_word' id='word_1_224' title='bbox 483 1721 653 1778; x_wconf 85' lang='lat' dir='ltr'><strong>cognoscens</strong></span> <span class='ocrx_word' id='word_1_225' title='bbox 664 1722 735 1772; x_wconf 81' lang='lat' dir='ltr'><strong>euni,</strong></span> <span class='ocrx_word' id='word_1_226' title='bbox 751 1714 776 1761; x_wconf 87' lang='lat' dir='ltr'><strong>el</strong></span> <span class='ocrx_word' id='word_1_227' title='bbox 792 1706 915 1778; x_wconf 89' lang='lat' dir='ltr'><strong>cognitus</strong></span> <span class='ocrx_word' id='word_1_228' title='bbox 929 1706 964 1760; x_wconf 87' lang='lat' dir='ltr'><strong>ab</strong></span> <span class='ocrx_word' id='word_1_229' title='bbox 979 1737 1005 1797; x_wconf 81' lang='grc' dir='ltr'>Β</span> <span class='ocrx_word' id='word_1_230' title='bbox 1021 1713 1094 1775; x_wconf 91' lang='lat' dir='ltr'><strong>ptum</strong></span> <span class='ocrx_word' id='word_1_231' title='bbox 1109 1714 1150 1760; x_wconf 85' lang='lat' dir='ltr'><strong>est</strong></span> <span class='ocrx_word' id='word_1_232' title='bbox 1172 1706 1197 1760; x_wconf 95' lang='lat' dir='ltr'><strong>in</strong></span> <span class='ocrx_word' id='word_1_233' title='bbox 1214 1705 1294 1761; x_wconf 89' lang='lat' dir='ltr'><strong>laude</strong></span> <span class='ocrx_word' id='word_1_234' title='bbox 1308 1707 1453 1777; x_wconf 87' lang='lat' dir='ltr'><strong>Sapientiae</strong></span> <span class='ocrx_word' id='word_1_235' title='bbox 1470 1724 1476 1763; x_wconf 95' lang='lat'><strong>:</strong></span> <span class='ocrx_word' id='word_1_236' title='bbox 1505 1730 1515 1755; x_wconf 71' lang='lat' dir='ltr'><strong>s</strong></span> <span class='ocrx_word' id='word_1_237' title='bbox 1534 1707 1597 1780; x_wconf 91' lang='lat' dir='ltr'><strong>quia</strong></span> <span class='ocrx_word' id='word_1_238' title='bbox 1612 1723 1667 1763; x_wconf 94' lang='lat' dir='ltr'><strong>non</strong></span> <span class='ocrx_word' id='word_1_239' title='bbox 1682 1707 1819 1764; x_wconf 83' lang='lat' dir='ltr'><strong>invenitur</strong></span> 
     </span>
     <span class='ocr_line' id='line_1_34' title="bbox 168 1793 1823 1868; baseline -0.002 -15"><span class='ocrx_word' id='word_1_240' title='bbox 168 1813 211 1863; x_wconf 90' lang='lat' dir='ltr'><strong>eo,</strong></span> <span class='ocrx_word' id='word_1_241' title='bbox 230 1805 288 1853; x_wconf 89' lang='lat' dir='ltr'><strong>oret</strong></span> <span class='ocrx_word' id='word_1_242' title='bbox 302 1813 364 1852; x_wconf 91' lang='lat' dir='ltr'><strong>eum</strong></span> <span class='ocrx_word' id='word_1_243' title='bbox 379 1805 405 1852; x_wconf 93' lang='lat' dir='ltr'><strong>et</strong></span> <span class='ocrx_word' id='word_1_244' title='bbox 415 1796 518 1861; x_wconf 86' lang='lat' dir='ltr'><strong>adoret,</strong></span> <span class='ocrx_word' id='word_1_245' title='bbox 531 1794 600 1849; x_wconf 90' lang='lat' dir='ltr'><strong>sicut</strong></span> <span class='ocrx_word' id='word_1_246' title='bbox 613 1794 868 1866; x_wconf 89' lang='lat' dir='ltr'><strong>oportet,inspiritu</strong></span> <span class='ocrx_word' id='word_1_247' title='bbox 884 1803 911 1850; x_wconf 91' lang='lat' dir='ltr'><strong>et</strong></span> <span class='ocrx_word' id='word_1_248' title='bbox 921 1811 965 1850; x_wconf 87' lang='lat' dir='ltr'><strong>ve·</strong></span> <span class='ocrx_word' id='word_1_249' title='bbox 1020 1793 1048 1848; x_wconf 93' lang='lat' dir='ltr'><strong>in</strong></span> <span class='ocrx_word' id='word_1_250' title='bbox 1071 1803 1141 1849; x_wconf 88' lang='lat' dir='ltr'><strong>terra</strong></span> <span class='ocrx_word' id='word_1_251' title='bbox 1165 1795 1284 1850; x_wconf 79' lang='lat' dir='ltr'><strong>suaviter</strong></span> <span class='ocrx_word' id='word_1_252' title='bbox 1307 1796 1457 1852; x_wconf 78' lang='lat' dir='ltr'><strong>viventium</strong></span> <span class='ocrx_word' id='word_1_253' title='bbox 1480 1797 1549 1864; x_wconf 78' lang='lat' dir='ltr'><strong>(tel.</strong></span> <span class='ocrx_word' id='word_1_254' title='bbox 1571 1797 1706 1868; x_wconf 80' lang='lat' dir='ltr'><strong>xxvlll).·</strong></span> <span class='ocrx_word' id='word_1_255' title='bbox 1733 1797 1823 1852; x_wconf 86' lang='lat' dir='ltr'><strong>Habet</strong></span> 
     </span>
     <span class='ocr_line' id='line_1_35' title="bbox 168 1882 1823 1956; baseline -0.001 -15"><span class='ocrx_word' id='word_1_256' title='bbox 168 1886 259 1941; x_wconf 88' lang='lat' dir='ltr'><strong>ritate.</strong></span> <span class='ocrx_word' id='word_1_257' title='bbox 277 1887 309 1940; x_wconf 81' lang='lat' dir='ltr'><strong>dt</strong></span> <span class='ocrx_word' id='word_1_258' title='bbox 331 1887 390 1955; x_wconf 92' lang='lat' dir='ltr'><strong>ipse</strong></span> <span class='ocrx_word' id='word_1_259' title='bbox 410 1891 451 1939; x_wconf 90' lang='lat' dir='ltr'><strong>est</strong></span> <span class='ocrx_word' id='word_1_260' title='bbox 467 1884 596 1955; x_wconf 90' lang='lat' dir='ltr'><strong>Sponsus,</strong></span> <span class='ocrx_word' id='word_1_261' title='bbox 609 1887 637 1938; x_wconf 86' lang='lat' dir='ltr'><strong>el</strong></span> <span class='ocrx_word' id='word_1_262' title='bbox 659 1884 719 1954; x_wconf 91' lang='lat' dir='ltr'><strong>ipsa</strong></span> <span class='ocrx_word' id='word_1_263' title='bbox 746 1884 967 1954; x_wconf 72' lang='lat' dir='ltr'><strong>estSponsa31t</strong></span> <span class='ocrx_word' id='word_1_264' title='bbox 1020 1898 1089 1955; x_wconf 85' lang='lat' dir='ltr'><strong>ergo</strong></span> <span class='ocrx_word' id='word_1_265' title='bbox 1109 1890 1202 1938; x_wconf 90' lang='lat' dir='ltr'><strong>orator</strong></span> <span class='ocrx_word' id='word_1_266' title='bbox 1223 1882 1282 1939; x_wconf 66' lang='lat' dir='ltr'><strong>istae</strong></span> <span class='ocrx_word' id='word_1_267' title='bbox 1297 1884 1437 1939; x_wconf 88' lang='lat' dir='ltr'><strong>rationalis</strong></span> <span class='ocrx_word' id='word_1_268' title='bbox 1460 1885 1503 1940; x_wconf 83' lang='lat' dir='ltr'><strong>vel</strong></span> <span class='ocrx_word' id='word_1_269' title='bbox 1522 1883 1673 1956; x_wconf 86' lang='lat' dir='ltr'><strong>spiritualis</strong></span> <span class='ocrx_word' id='word_1_270' title='bbox 1692 1885 1823 1955; x_wconf 88' lang='lat' dir='ltr'><strong>(quandiu</strong></span> 
     </span>
     <span class='ocr_line' id='line_1_36' title="bbox 166 1971 1819 2045; baseline -0.001 -17"><span class='ocrx_word' id='word_1_271' title='bbox 166 1972 257 2045; x_wconf 90' lang='lat' dir='ltr'><strong>ipsum</strong></span> <span class='ocrx_word' id='word_1_272' title='bbox 281 1983 326 2028; x_wconf 90' lang='lat' dir='ltr'><strong>cst</strong></span> <span class='ocrx_word' id='word_1_273' title='bbox 348 1979 471 2028; x_wconf 92' lang='lat' dir='ltr'><strong>mutuum</strong></span> <span class='ocrx_word' id='word_1_274' title='bbox 489 1987 583 2027; x_wconf 89' lang='lat' dir='ltr'><strong>eorum</strong></span> <span class='ocrx_word' id='word_1_275' title='bbox 603 1972 778 2042; x_wconf 89' lang='lat' dir='ltr'><strong>colloquium.</strong></span> <span class='ocrx_word' id='word_1_276' title='bbox 800 1972 867 2026; x_wconf 90' lang='lat' dir='ltr'><strong>Cum</strong></span> <span class='ocrx_word' id='word_1_277' title='bbox 892 1972 966 2027; x_wconf 89' lang='lat' dir='ltr'><strong>enim</strong></span> <span class='ocrx_word' id='word_1_278' title='bbox 1022 1971 1121 2042; x_wconf 86' lang='lat' dir='ltr'><strong>quippe</strong></span> <span class='ocrx_word' id='word_1_279' title='bbox 1135 1972 1236 2026; x_wconf 87' lang='lat' dir='ltr'><strong>ratione</strong></span> <span class='ocrx_word' id='word_1_280' title='bbox 1261 1981 1360 2043; x_wconf 91' lang='lat' dir='ltr'><strong>agente</strong></span> <span class='ocrx_word' id='word_1_281' title='bbox 1376 1973 1468 2027; x_wconf 90' lang='lat' dir='ltr'><strong>nititur</strong></span> <span class='ocrx_word' id='word_1_282' title='bbox 1482 1973 1516 2028; x_wconf 92' lang='lat' dir='ltr'><strong>ad</strong></span> <span class='ocrx_word' id='word_1_283' title='bbox 1532 1974 1585 2029; x_wconf 88' lang='lat' dir='ltr'><strong>hou</strong></span> <span class='ocrx_word' id='word_1_284' title='bbox 1605 1973 1745 2029; x_wconf 86' lang='lat' dir='ltr'><strong>rationalis</strong></span> <span class='ocrx_word' id='word_1_285' title='bbox 1760 1978 1819 2039; x_wconf 74' lang='lat' dir='ltr'><strong>est3</strong></span> 
     </span>
     <span class='ocr_line' id='line_1_37' title="bbox 164 2060 1821 2134; baseline -0.001 -17"><span class='ocrx_word' id='word_1_286' title='bbox 164 2062 240 2132; x_wconf 86' lang='lat' dir='ltr'><strong>juxta</strong></span> <span class='ocrx_word' id='word_1_287' title='bbox 255 2060 535 2134; x_wconf 88' lang='lat' dir='ltr'><strong>promissumDomini</strong></span> <span class='ocrx_word' id='word_1_288' title='bbox 548 2061 581 2114; x_wconf 90' lang='lat' dir='ltr'><strong>ad</strong></span> <span class='ocrx_word' id='word_1_289' title='bbox 595 2060 754 2131; x_wconf 87' lang='lat' dir='ltr'><strong>diligentem</strong></span> <span class='ocrx_word' id='word_1_290' title='bbox 769 2077 797 2114; x_wconf 90' lang='lat' dir='ltr'><strong>se</strong></span> <span class='ocrx_word' id='word_1_291' title='bbox 813 2061 908 2117; x_wconf 82' lang='lat' dir='ltr'><strong>venire</strong></span> <span class='ocrx_word' id='word_1_292' title='bbox 922 2060 968 2114; x_wconf 91' lang='lat' dir='ltr'><strong>in·</strong></span> <span class='ocrx_word' id='word_1_293' title='bbox 1021 2068 1164 2129; x_wconf 89' lang='lat' dir='ltr'><strong>postquam</strong></span> <span class='ocrx_word' id='word_1_294' title='bbox 1190 2076 1252 2115; x_wconf 90' lang='lat' dir='ltr'><strong>vero</strong></span> <span class='ocrx_word' id='word_1_295' title='bbox 1277 2061 1356 2115; x_wconf 83' lang='lat' dir='ltr'><strong>suerit</strong></span> <span class='ocrx_word' id='word_1_296' title='bbox 1380 2061 1503 2131; x_wconf 90' lang='lat' dir='ltr'><strong>adeptus,</strong></span> <span class='ocrx_word' id='word_1_297' title='bbox 1535 2062 1563 2115; x_wconf 92' lang='lat' dir='ltr'><strong>in</strong></span> <span class='ocrx_word' id='word_1_298' title='bbox 1588 2067 1719 2133; x_wconf 87' lang='lat' dir='ltr'><strong>quantum</strong></span> <span class='ocrx_word' id='word_1_299' title='bbox 1741 2061 1821 2116; x_wconf 83' lang='lat' dir='ltr'><strong>luerit</strong></span> 
     </span>
     <span class='ocr_line' id='line_1_38' title="bbox 168 2147 1826 2222; baseline -0.001 -16"><span class='ocrx_word' id='word_1_300' title='bbox 168 2149 242 2221; x_wconf 85' lang='lat' dir='ltr'><strong>cipit,</strong></span> <span class='ocrx_word' id='word_1_301' title='bbox 274 2159 300 2205; x_wconf 89' lang='lat' dir='ltr'><strong>et</strong></span> <span class='ocrx_word' id='word_1_302' title='bbox 328 2150 497 2204; x_wconf 89' lang='lat' dir='ltr'><strong>mansionem</strong></span> <span class='ocrx_word' id='word_1_303' title='bbox 536 2150 626 2203; x_wconf 89' lang='lat' dir='ltr'><strong>lacere</strong></span> <span class='ocrx_word' id='word_1_304' title='bbox 660 2148 783 2220; x_wconf 86' lang='lat' dir='ltr'><strong>dignatio</strong></span> <span class='ocrx_word' id='word_1_305' title='bbox 820 2148 967 2202; x_wconf 84' lang='lat' dir='ltr'><strong>divinitatis</strong></span> <span class='ocrx_word' id='word_1_306' title='bbox 1022 2147 1145 2218; x_wconf 84' lang='lat' dir='ltr'><strong>adeptus,</strong></span> <span class='ocrx_word' id='word_1_307' title='bbox 1155 2148 1212 2218; x_wconf 91' lang='lat' dir='ltr'><strong>jam</strong></span> <span class='ocrx_word' id='word_1_308' title='bbox 1224 2148 1372 2219; x_wconf 88' lang='lat' dir='ltr'><strong>spiritualis</strong></span> <span class='ocrx_word' id='word_1_309' title='bbox 1386 2149 1550 2218; x_wconf 62' lang='lat' dir='ltr'><strong>estlhabet,</strong></span> <span class='ocrx_word' id='word_1_310' title='bbox 1567 2149 1688 2222; x_wconf 81' lang='lat' dir='ltr'><strong>inquam,</strong></span> <span class='ocrx_word' id='word_1_311' title='bbox 1704 2149 1826 2210; x_wconf 90' lang='lat' dir='ltr'><strong>similitu-</strong></span> 
     </span>
     <span class='ocr_line' id='line_1_39' title="bbox 167 2236 1825 2309; baseline -0.001 -14"><span class='ocrx_word' id='word_1_312' title='bbox 167 2240 261 2309; x_wconf 70' lang='lat' dir='ltr'><strong>(locu.</strong></span> <span class='ocrx_word' id='word_1_313' title='bbox 288 2240 358 2307; x_wconf 82' lang='lat' dir='ltr'><strong>xiv),</strong></span> <span class='ocrx_word' id='word_1_314' title='bbox 379 2237 548 2307; x_wconf 90' lang='lat' dir='ltr'><strong>aliquatenus</strong></span> <span class='ocrx_word' id='word_1_315' title='bbox 565 2237 707 2291; x_wconf 85' lang='lat' dir='ltr'><strong>innotescit</strong></span> <span class='ocrx_word' id='word_1_316' title='bbox 725 2237 769 2304; x_wconf 73' lang='lat' dir='ltr'><strong>ei,</strong></span> <span class='ocrx_word' id='word_1_317' title='bbox 795 2236 966 2308; x_wconf 90' lang='lat' dir='ltr'><strong>etquoniam</strong></span> <span class='ocrx_word' id='word_1_318' title='bbox 1022 2236 1113 2291; x_wconf 87' lang='lat' dir='ltr'><strong>dinem</strong></span> <span class='ocrx_word' id='word_1_319' title='bbox 1137 2246 1163 2290; x_wconf 86' lang='lat' dir='ltr'><strong>et</strong></span> <span class='ocrx_word' id='word_1_320' title='bbox 1186 2237 1330 2308; x_wconf 80' lang='lat' dir='ltr'><strong>imaginem</strong></span> <span class='ocrx_word' id='word_1_321' title='bbox 1357 2237 1405 2292; x_wconf 86' lang='lat' dir='ltr'><strong>Dei</strong></span> <span class='ocrx_word' id='word_1_322' title='bbox 1428 2238 1454 2291; x_wconf 95' lang='lat' dir='ltr'><strong>in</strong></span> <span class='ocrx_word' id='word_1_323' title='bbox 1485 2246 1573 2293; x_wconf 85' lang='lat' dir='ltr'><strong>niente</strong></span> <span class='ocrx_word' id='word_1_324' title='bbox 1598 2255 1645 2294; x_wconf 90' lang='lat' dir='ltr'><strong>sua</strong></span> <span class='ocrx_word' id='word_1_325' title='bbox 1677 2255 1712 2293; x_wconf 84' lang='lat' dir='ltr'><strong>ex</strong></span> <span class='ocrx_word' id='word_1_326' title='bbox 1736 2239 1825 2309; x_wconf 87' lang='lat' dir='ltr'><strong>gratia</strong></span> 
     </span>
     <span class='ocr_line' id='line_1_40' title="bbox 165 2325 1823 2399; baseline -0.001 -16"><span class='ocrx_word' id='word_1_327' title='bbox 165 2326 532 2398; x_wconf 75' lang='lat' dir='ltr'><strong>nonpoteatlromol&#39;uciem</strong></span> <span class='ocrx_word' id='word_1_328' title='bbox 555 2326 614 2394; x_wconf 81' lang='lat' dir='ltr'><strong>ejus</strong></span> <span class='ocrx_word' id='word_1_329' title='bbox 637 2325 772 2380; x_wconf 85' lang='lat' dir='ltr'><strong>videreet</strong></span> <span class='ocrx_word' id='word_1_330' title='bbox 796 2326 896 2394; x_wconf 87' lang='lat' dir='ltr'><strong>rivere,</strong></span> <span class='ocrx_word' id='word_1_331' title='bbox 916 2328 967 2382; x_wconf 89' lang='lat' dir='ltr'><strong>hoc</strong></span> <span class='ocrx_word' id='word_1_332' title='bbox 1023 2335 1131 2379; x_wconf 87' lang='lat' dir='ltr'><strong>creante</strong></span> <span class='ocrx_word' id='word_1_333' title='bbox 1157 2332 1229 2380; x_wconf 89' lang='lat' dir='ltr'><strong>tanto</strong></span> <span class='ocrx_word' id='word_1_334' title='bbox 1263 2325 1419 2381; x_wconf 88' lang='lat' dir='ltr'><strong>similiorem</strong></span> <span class='ocrx_word' id='word_1_335' title='bbox 1449 2333 1476 2381; x_wconf 87' lang='lat' dir='ltr'><strong>et</strong></span> <span class='ocrx_word' id='word_1_336' title='bbox 1503 2327 1651 2399; x_wconf 85' lang='lat' dir='ltr'><strong>cognitioni</strong></span> <span class='ocrx_word' id='word_1_337' title='bbox 1678 2327 1728 2382; x_wconf 86' lang='lat' dir='ltr'><strong>Dei</strong></span> <span class='ocrx_word' id='word_1_338' title='bbox 1756 2341 1823 2398; x_wconf 87' lang='lat' dir='ltr'><strong>pro-</strong></span> 
     </span>
     <span class='ocr_line' id='line_1_41' title="bbox 167 2413 1823 2487; baseline 0 -16"><span class='ocrx_word' id='word_1_339' title='bbox 167 2424 207 2471; x_wconf 88' lang='lat' dir='ltr'><strong>est</strong></span> <span class='ocrx_word' id='word_1_340' title='bbox 221 2416 330 2486; x_wconf 91' lang='lat' dir='ltr'><strong>plenam</strong></span> <span class='ocrx_word' id='word_1_341' title='bbox 355 2415 415 2484; x_wconf 86' lang='lat' dir='ltr'><strong>ejus</strong></span> <span class='ocrx_word' id='word_1_342' title='bbox 431 2414 615 2485; x_wconf 87' lang='lat' dir='ltr'><strong>coguitionem</strong></span> <span class='ocrx_word' id='word_1_343' title='bbox 634 2414 660 2467; x_wconf 94' lang='lat' dir='ltr'><strong>in</strong></span> <span class='ocrx_word' id='word_1_344' title='bbox 675 2416 725 2469; x_wconf 86' lang='lat' dir='ltr'><strong>hac</strong></span> <span class='ocrx_word' id='word_1_345' title='bbox 744 2415 799 2468; x_wconf 89' lang='lat' dir='ltr'><strong>vita</strong></span> <span class='ocrx_word' id='word_1_346' title='bbox 814 2416 968 2486; x_wconf 79' lang='lat' dir='ltr'><strong>apprehen·</strong></span> <span class='ocrx_word' id='word_1_347' title='bbox 1023 2413 1205 2485; x_wconf 88' lang='lat' dir='ltr'><strong>pinquiorem,</strong></span> <span class='ocrx_word' id='word_1_348' title='bbox 1224 2423 1324 2486; x_wconf 88' lang='lat' dir='ltr'><strong>quanto</strong></span> <span class='ocrx_word' id='word_1_349' title='bbox 1339 2424 1502 2471; x_wconf 84' lang='lat' dir='ltr'><strong>aeternorum</strong></span> <span class='ocrx_word' id='word_1_350' title='bbox 1518 2416 1708 2487; x_wconf 64' lang='lat' dir='ltr'><strong>capaciorem</strong></span> <span class='ocrx_word' id='word_1_351' title='bbox 1731 2424 1823 2472; x_wconf 87' lang='lat' dir='ltr'><strong>tanlo-</strong></span> 
     </span>
     <span class='ocr_line' id='line_1_42' title="bbox 169 2501 1824 2575; baseline -0.001 -16"><span class='ocrx_word' id='word_1_352' title='bbox 169 2504 246 2569; x_wconf 89' lang='lat' dir='ltr'><strong>dere,</strong></span> <span class='ocrx_word' id='word_1_353' title='bbox 263 2503 377 2558; x_wconf 91' lang='lat' dir='ltr'><strong>collocat</strong></span> <span class='ocrx_word' id='word_1_354' title='bbox 396 2503 519 2557; x_wconf 91' lang='lat' dir='ltr'><strong>insensu</strong></span> <span class='ocrx_word' id='word_1_355' title='bbox 541 2503 670 2569; x_wconf 90' lang='lat' dir='ltr'><strong>amantis,</strong></span> <span class='ocrx_word' id='word_1_356' title='bbox 688 2511 713 2557; x_wconf 91' lang='lat' dir='ltr'><strong>et</strong></span> <span class='ocrx_word' id='word_1_357' title='bbox 733 2503 904 2558; x_wconf 87' lang='lat' dir='ltr'><strong>commendat</strong></span> <span class='ocrx_word' id='word_1_358' title='bbox 921 2501 968 2556; x_wconf 90' lang='lat' dir='ltr'><strong>ali·</strong></span> <span class='ocrx_word' id='word_1_359' title='bbox 1023 2517 1076 2572; x_wconf 88' lang='lat' dir='ltr'><strong>que</strong></span> <span class='ocrx_word' id='word_1_360' title='bbox 1104 2502 1274 2572; x_wconf 85' lang='lat' dir='ltr'><strong>capaciorem</strong></span> <span class='ocrx_word' id='word_1_361' title='bbox 1299 2510 1474 2569; x_wconf 69' lang='lat' dir='ltr'><strong>aeternorum,</strong></span> <span class='ocrx_word' id='word_1_362' title='bbox 1500 2511 1600 2575; x_wconf 90' lang='lat' dir='ltr'><strong>quanto</strong></span> <span class='ocrx_word' id='word_1_363' title='bbox 1624 2520 1639 2558; x_wconf 91' lang='lat' dir='ltr'><strong>a</strong></span> <span class='ocrx_word' id='word_1_364' title='bbox 1663 2503 1824 2560; x_wconf 89' lang='lat' dir='ltr'><strong>transitoriis</strong></span> 
     </span>
     <span class='ocr_line' id='line_1_43' title="bbox 167 2589 1822 2664; baseline -0.001 -18"><span class='ocrx_word' id='word_1_365' title='bbox 167 2607 247 2662; x_wconf 91' lang='lat' dir='ltr'><strong>quam</strong></span> <span class='ocrx_word' id='word_1_366' title='bbox 259 2591 423 2662; x_wconf 90' lang='lat' dir='ltr'><strong>cognitionis</strong></span> <span class='ocrx_word' id='word_1_367' title='bbox 439 2607 495 2646; x_wconf 83' lang='lat' dir='ltr'><strong>suae</strong></span> <span class='ocrx_word' id='word_1_368' title='bbox 506 2589 701 2662; x_wconf 77' lang='lat' dir='ltr'><strong>effigiamnon</strong></span> <span class='ocrx_word' id='word_1_369' title='bbox 718 2592 875 2662; x_wconf 74' lang='lat' dir='ltr'><strong>praesumpti</strong></span> <span class='ocrx_word' id='word_1_370' title='bbox 887 2593 968 2662; x_wconf 89' lang='lat' dir='ltr'><strong>phan-</strong></span> <span class='ocrx_word' id='word_1_371' title='bbox 1022 2589 1116 2643; x_wconf 91' lang='lat' dir='ltr'><strong>mundi</strong></span> <span class='ocrx_word' id='word_1_372' title='bbox 1151 2589 1230 2659; x_wconf 84' lang='lat' dir='ltr'><strong>liujus</strong></span> <span class='ocrx_word' id='word_1_373' title='bbox 1262 2590 1433 2646; x_wconf 88' lang='lat' dir='ltr'><strong>mundiorem</strong></span> <span class='ocrx_word' id='word_1_374' title='bbox 1462 2608 1494 2646; x_wconf 84' lang='lat' dir='ltr'><strong>ex</strong></span> <span class='ocrx_word' id='word_1_375' title='bbox 1521 2599 1608 2664; x_wconf 72' lang='lat' dir='ltr'><strong>grata</strong></span> <span class='ocrx_word' id='word_1_376' title='bbox 1643 2592 1822 2647; x_wconf 88' lang='lat' dir='ltr'><strong>illuminante.</strong></span> 
     </span>
     <span class='ocr_line' id='line_1_44' title="bbox 166 2677 1824 2752; baseline 0 -18"><span class='ocrx_word' id='word_1_377' title='bbox 166 2680 299 2747; x_wconf 87' lang='lat' dir='ltr'><strong>tasmalis,</strong></span> <span class='ocrx_word' id='word_1_378' title='bbox 310 2678 357 2734; x_wconf 90' lang='lat' dir='ltr'><strong>sed</strong></span> <span class='ocrx_word' id='word_1_379' title='bbox 376 2679 428 2748; x_wconf 81' lang='lat' dir='ltr'><strong>piae</strong></span> <span class='ocrx_word' id='word_1_380' title='bbox 442 2678 584 2747; x_wconf 87' lang='lat' dir='ltr'><strong>cujusdam</strong></span> <span class='ocrx_word' id='word_1_381' title='bbox 595 2677 745 2735; x_wconf 81' lang='lat' dir='ltr'><strong>affectionis</strong></span> <span class='ocrx_word' id='word_1_382' title='bbox 758 2698 764 2741; x_wconf 87' lang='lat'>;</span> <span class='ocrx_word' id='word_1_383' title='bbox 777 2696 856 2749; x_wconf 87' lang='lat' dir='ltr'><strong>quam</strong></span> <span class='ocrx_word' id='word_1_384' title='bbox 872 2680 966 2734; x_wconf 84' lang='lat' dir='ltr'><strong>uirens</strong></span> <span class='ocrx_word' id='word_1_385' title='bbox 1023 2677 1150 2746; x_wconf 83' lang='lat' dir='ltr'><strong>Quandiu</strong></span> <span class='ocrx_word' id='word_1_386' title='bbox 1165 2679 1237 2733; x_wconf 92' lang='lat' dir='ltr'><strong>enim</strong></span> <span class='ocrx_word' id='word_1_387' title='bbox 1261 2695 1315 2734; x_wconf 81' lang='lat' dir='ltr'><strong>tion</strong></span> <span class='ocrx_word' id='word_1_388' title='bbox 1332 2680 1437 2734; x_wconf 92' lang='lat' dir='ltr'><strong>videtur</strong></span> <span class='ocrx_word' id='word_1_389' title='bbox 1452 2682 1524 2735; x_wconf 87' lang='lat' dir='ltr'><strong>Deus</strong></span> <span class='ocrx_word' id='word_1_390' title='bbox 1545 2681 1596 2735; x_wconf 86' lang='lat' dir='ltr'><strong>uisi</strong></span> <span class='ocrx_word' id='word_1_391' title='bbox 1613 2698 1663 2752; x_wconf 91' lang='lat' dir='ltr'><strong>per</strong></span> <span class='ocrx_word' id='word_1_392' title='bbox 1684 2681 1824 2751; x_wconf 88' lang='lat' dir='ltr'><strong>speculum</strong></span> 
     </span>
     <span class='ocr_line' id='line_1_45' title="bbox 166 2767 1824 2840; baseline 0.001 -17"><span class='ocrx_word' id='word_1_393' title='bbox 166 2767 256 2824; x_wconf 82' lang='lat' dir='ltr'><strong>adhuc</strong></span> <span class='ocrx_word' id='word_1_394' title='bbox 277 2767 304 2821; x_wconf 90' lang='lat' dir='ltr'><strong>in</strong></span> <span class='ocrx_word' id='word_1_395' title='bbox 325 2784 405 2823; x_wconf 89' lang='lat' dir='ltr'><strong>carne</strong></span> <span class='ocrx_word' id='word_1_396' title='bbox 424 2784 523 2838; x_wconf 87' lang='lat' dir='ltr'><strong>capere</strong></span> <span class='ocrx_word' id='word_1_397' title='bbox 545 2768 634 2838; x_wconf 89' lang='lat' dir='ltr'><strong>possit</strong></span> <span class='ocrx_word' id='word_1_398' title='bbox 653 2770 734 2823; x_wconf 88' lang='lat' dir='ltr'><strong>homo</strong></span> <span class='ocrx_word' id='word_1_399' title='bbox 757 2768 799 2823; x_wconf 84' lang='lat' dir='ltr'><strong>rel</strong></span> <span class='ocrx_word' id='word_1_400' title='bbox 822 2768 966 2823; x_wconf 86' lang='lat' dir='ltr'><strong>sustinere.</strong></span> <span class='ocrx_word' id='word_1_401' title='bbox 1022 2774 1048 2821; x_wconf 91' lang='lat' dir='ltr'><strong>el</strong></span> <span class='ocrx_word' id='word_1_402' title='bbox 1071 2767 1097 2820; x_wconf 92' lang='lat' dir='ltr'><strong>iu</strong></span> <span class='ocrx_word' id='word_1_403' title='bbox 1122 2767 1276 2839; x_wconf 75' lang='lat' dir='ltr'><strong>rerrigmate,</strong></span> <span class='ocrx_word' id='word_1_404' title='bbox 1298 2767 1391 2822; x_wconf 90' lang='lat' dir='ltr'><strong>tandiu</strong></span> <span class='ocrx_word' id='word_1_405' title='bbox 1416 2769 1450 2822; x_wconf 91' lang='lat' dir='ltr'><strong>ad</strong></span> <span class='ocrx_word' id='word_1_406' title='bbox 1477 2768 1715 2840; x_wconf 87' lang='lat' dir='ltr'><strong>contemplandum</strong></span> <span class='ocrx_word' id='word_1_407' title='bbox 1737 2770 1824 2834; x_wconf 88' lang='lat' dir='ltr'><strong>Deum</strong></span> 
     </span>
     <span class='ocr_line' id='line_1_46' title="bbox 167 2841 1823 2928; baseline 0.001 -18"><span class='ocrx_word' id='word_1_408' title='bbox 167 2841 237 2926; x_wconf 86' lang='lat' dir='ltr'><strong>lpsre</strong></span> <span class='ocrx_word' id='word_1_409' title='bbox 252 2865 313 2910; x_wconf 88' lang='lat' dir='ltr'><strong>sunt</strong></span> <span class='ocrx_word' id='word_1_410' title='bbox 329 2855 454 2925; x_wconf 83' lang='lat' dir='ltr'><strong>primitiae</strong></span> <span class='ocrx_word' id='word_1_411' title='bbox 469 2856 590 2927; x_wconf 87' lang='lat' dir='ltr'><strong>spiritus,</strong></span> <span class='ocrx_word' id='word_1_412' title='bbox 607 2857 697 2922; x_wconf 87' lang='lat' dir='ltr'><strong>arrha,</strong></span> <span class='ocrx_word' id='word_1_413' title='bbox 714 2858 771 2911; x_wconf 88' lang='lat' dir='ltr'><strong>sive</strong></span> <span class='ocrx_word' id='word_1_414' title='bbox 790 2857 841 2912; x_wconf 92' lang='lat' dir='ltr'><strong>dos</strong></span> <span class='ocrx_word' id='word_1_415' title='bbox 856 2872 969 2927; x_wconf 86' lang='lat' dir='ltr'><strong>sponsa·</strong></span> <span class='ocrx_word' id='word_1_416' title='bbox 1026 2870 1080 2910; x_wconf 92' lang='lat' dir='ltr'><strong>non</strong></span> <span class='ocrx_word' id='word_1_417' title='bbox 1090 2853 1144 2909; x_wconf 89' lang='lat' dir='ltr'><strong>nisi</strong></span> <span class='ocrx_word' id='word_1_418' title='bbox 1158 2855 1186 2909; x_wconf 93' lang='lat' dir='ltr'><strong>in</strong></span> <span class='ocrx_word' id='word_1_419' title='bbox 1200 2853 1318 2927; x_wconf 86' lang='lat' dir='ltr'><strong>imagine</strong></span> <span class='ocrx_word' id='word_1_420' title='bbox 1332 2856 1478 2927; x_wconf 87' lang='lat' dir='ltr'><strong>pertransit</strong></span> <span class='ocrx_word' id='word_1_421' title='bbox 1492 2856 1583 2913; x_wconf 93' lang='lat' dir='ltr'><strong>homo.</strong></span> <span class='ocrx_word' id='word_1_422' title='bbox 1594 2857 1660 2912; x_wconf 89' lang='lat' dir='ltr'><strong>Sive</strong></span> <span class='ocrx_word' id='word_1_423' title='bbox 1674 2857 1743 2912; x_wconf 88' lang='lat' dir='ltr'><strong>illud</strong></span> <span class='ocrx_word' id='word_1_424' title='bbox 1759 2873 1823 2928; x_wconf 93' lang='lat' dir='ltr'><strong>spe-</strong></span> 
     </span>
     <span class='ocr_line' id='line_1_47' title="bbox 166 2942 1824 3018; baseline 0 -18"><span class='ocrx_word' id='word_1_425' title='bbox 166 2943 201 3000; x_wconf 90' lang='lat' dir='ltr'><strong>lis</strong></span> <span class='ocrx_word' id='word_1_426' title='bbox 215 2944 327 2999; x_wconf 86' lang='lat' dir='ltr'><strong>thalami</strong></span> <span class='ocrx_word' id='word_1_427' title='bbox 340 2963 348 3010; x_wconf 91' lang='lat'>;</span> <span class='ocrx_word' id='word_1_428' title='bbox 364 2952 439 3000; x_wconf 89' lang='lat' dir='ltr'><strong>tanto</strong></span> <span class='ocrx_word' id='word_1_429' title='bbox 454 2944 564 3017; x_wconf 90' lang='lat' dir='ltr'><strong>dignior</strong></span> <span class='ocrx_word' id='word_1_430' title='bbox 578 2953 605 3000; x_wconf 89' lang='lat' dir='ltr'><strong>et</strong></span> <span class='ocrx_word' id='word_1_431' title='bbox 614 2945 726 3017; x_wconf 90' lang='lat' dir='ltr'><strong>largior,</strong></span> <span class='ocrx_word' id='word_1_432' title='bbox 737 2953 838 3017; x_wconf 90' lang='lat' dir='ltr'><strong>quantu</strong></span> <span class='ocrx_word' id='word_1_433' title='bbox 849 2947 968 3001; x_wconf 89' lang='lat' dir='ltr'><strong>thalamo</strong></span> <span class='ocrx_word' id='word_1_434' title='bbox 1025 2942 1115 2999; x_wconf 91' lang='lat' dir='ltr'><strong>culum</strong></span> <span class='ocrx_word' id='word_1_435' title='bbox 1130 2943 1174 3008; x_wconf 88' lang='lat' dir='ltr'><strong>sit,</strong></span> <span class='ocrx_word' id='word_1_436' title='bbox 1186 2943 1243 3000; x_wconf 86' lang='lat' dir='ltr'><strong>sire</strong></span> <span class='ocrx_word' id='word_1_437' title='bbox 1258 2944 1385 3018; x_wconf 86' lang='lat' dir='ltr'><strong>aenigma,</strong></span> <span class='ocrx_word' id='word_1_438' title='bbox 1394 2946 1421 2998; x_wconf 91' lang='lat' dir='ltr'><strong>id</strong></span> <span class='ocrx_word' id='word_1_439' title='bbox 1436 2953 1478 3000; x_wconf 90' lang='lat' dir='ltr'><strong>est</strong></span> <span class='ocrx_word' id='word_1_440' title='bbox 1487 2945 1658 3002; x_wconf 79' lang='lat' dir='ltr'><strong>manifestior</strong></span> <span class='ocrx_word' id='word_1_441' title='bbox 1670 2946 1713 3001; x_wconf 90' lang='lat' dir='ltr'><strong>vel</strong></span> <span class='ocrx_word' id='word_1_442' title='bbox 1726 2945 1824 3001; x_wconf 85' lang='lat' dir='ltr'><strong>ohscu-</strong></span> 
     </span>
     <span class='ocr_line' id='line_1_48' title="bbox 169 3031 1824 3106; baseline 0 -18"><span class='ocrx_word' id='word_1_443' title='bbox 169 3032 270 3104; x_wconf 90' lang='lat' dir='ltr'><strong>Sponsi</strong></span> <span class='ocrx_word' id='word_1_444' title='bbox 285 3032 313 3086; x_wconf 88' lang='lat' dir='ltr'><strong>lit</strong></span> <span class='ocrx_word' id='word_1_445' title='bbox 328 3032 437 3104; x_wconf 86' lang='lat' dir='ltr'><strong>Sponsa</strong></span> <span class='ocrx_word' id='word_1_446' title='bbox 451 3034 547 3104; x_wconf 90' lang='lat' dir='ltr'><strong>aptior,</strong></span> <span class='ocrx_word' id='word_1_447' title='bbox 564 3034 622 3088; x_wconf 87' lang='lat' dir='ltr'><strong>sive</strong></span> <span class='ocrx_word' id='word_1_448' title='bbox 635 3035 825 3106; x_wconf 89' lang='lat' dir='ltr'><strong>propinquior.</strong></span> <span class='ocrx_word' id='word_1_449' title='bbox 843 3033 970 3090; x_wconf 83' lang='lat' dir='ltr'><strong>Hancvir</strong></span> <span class='ocrx_word' id='word_1_450' title='bbox 1023 3031 1078 3087; x_wconf 91' lang='lat' dir='ltr'><strong>rior</strong></span> <span class='ocrx_word' id='word_1_451' title='bbox 1091 3031 1200 3104; x_wconf 88' lang='lat' dir='ltr'><strong>imago;</strong></span> <span class='ocrx_word' id='word_1_452' title='bbox 1223 3033 1335 3088; x_wconf 93' lang='lat' dir='ltr'><strong>omnino</strong></span> <span class='ocrx_word' id='word_1_453' title='bbox 1351 3034 1471 3104; x_wconf 89' lang='lat' dir='ltr'><strong>quandiu</strong></span> <span class='ocrx_word' id='word_1_454' title='bbox 1491 3034 1535 3090; x_wconf 86' lang='lat' dir='ltr'><strong>hic</strong></span> <span class='ocrx_word' id='word_1_455' title='bbox 1559 3035 1665 3103; x_wconf 84' lang='lat' dir='ltr'><strong>vivitur,</strong></span> <span class='ocrx_word' id='word_1_456' title='bbox 1681 3033 1746 3090; x_wconf 91' lang='lat' dir='ltr'><strong>illuc</strong></span> <span class='ocrx_word' id='word_1_457' title='bbox 1769 3051 1824 3089; x_wconf 93' lang='lat' dir='ltr'><strong>non</strong></span> 
     </span>
     <span class='ocr_line' id='line_1_49' title="bbox 168 3119 1823 3193; baseline 0.002 -19"><span class='ocrx_word' id='word_1_458' title='bbox 168 3119 365 3176; x_wconf 85' lang='lat' dir='ltr'><strong>desideriorum</strong></span> <span class='ocrx_word' id='word_1_459' title='bbox 387 3129 525 3192; x_wconf 89' lang='lat' dir='ltr'><strong>acceptam</strong></span> <span class='ocrx_word' id='word_1_460' title='bbox 541 3135 557 3176; x_wconf 90' lang='lat' dir='ltr'><strong>a</strong></span> <span class='ocrx_word' id='word_1_461' title='bbox 573 3123 630 3177; x_wconf 89' lang='lat' dir='ltr'><strong>Deo</strong></span> <span class='ocrx_word' id='word_1_462' title='bbox 645 3123 830 3193; x_wconf 89' lang='lat' dir='ltr'><strong>commendat,</strong></span> <span class='ocrx_word' id='word_1_463' title='bbox 845 3138 900 3177; x_wconf 95' lang='lat' dir='ltr'><strong>non</strong></span> <span class='ocrx_word' id='word_1_464' title='bbox 914 3126 969 3177; x_wconf 88' lang='lat' dir='ltr'><strong>lam</strong></span> <span class='ocrx_word' id='word_1_465' title='bbox 1023 3120 1075 3175; x_wconf 89' lang='lat' dir='ltr'><strong>nisi</strong></span> <span class='ocrx_word' id='word_1_466' title='bbox 1091 3119 1118 3174; x_wconf 93' lang='lat' dir='ltr'><strong>in</strong></span> <span class='ocrx_word' id='word_1_467' title='bbox 1130 3120 1248 3192; x_wconf 90' lang='lat' dir='ltr'><strong>imagine</strong></span> <span class='ocrx_word' id='word_1_468' title='bbox 1260 3122 1406 3191; x_wconf 87' lang='lat' dir='ltr'><strong>pertransit</strong></span> <span class='ocrx_word' id='word_1_469' title='bbox 1421 3124 1511 3178; x_wconf 89' lang='lat' dir='ltr'><strong>homo.</strong></span> <span class='ocrx_word' id='word_1_470' title='bbox 1522 3122 1629 3192; x_wconf 86' lang='lat' dir='ltr'><strong>Quanto</strong></span> <span class='ocrx_word' id='word_1_471' title='bbox 1642 3131 1733 3178; x_wconf 90' lang='lat' dir='ltr'><strong>tamen</strong></span> <span class='ocrx_word' id='word_1_472' title='bbox 1749 3140 1823 3178; x_wconf 87' lang='lat' dir='ltr'><strong>mens</strong></span> 
     </span>
     <span class='ocr_line' id='line_1_50' title="bbox 167 3208 1823 3283; baseline 0.001 -18"><span class='ocrx_word' id='word_1_473' title='bbox 167 3208 283 3265; x_wconf 84' lang='lat' dir='ltr'><strong>arbitrio</strong></span> <span class='ocrx_word' id='word_1_474' title='bbox 298 3225 347 3265; x_wconf 90' lang='lat' dir='ltr'><strong>sno</strong></span> <span class='ocrx_word' id='word_1_475' title='bbox 369 3210 396 3263; x_wconf 92' lang='lat' dir='ltr'><strong>in</strong></span> <span class='ocrx_word' id='word_1_476' title='bbox 419 3211 553 3265; x_wconf 91' lang='lat' dir='ltr'><strong>memoria</strong></span> <span class='ocrx_word' id='word_1_477' title='bbox 565 3227 648 3283; x_wconf 91' lang='lat' dir='ltr'><strong>quam</strong></span> <span class='ocrx_word' id='word_1_478' title='bbox 672 3212 769 3283; x_wconf 83' lang='lat' dir='ltr'><strong>gratiae</strong></span> <span class='ocrx_word' id='word_1_479' title='bbox 789 3212 837 3265; x_wconf 76' lang='lat' dir='ltr'><strong>liei</strong></span> <span class='ocrx_word' id='word_1_480' title='bbox 854 3211 881 3265; x_wconf 93' lang='lat' dir='ltr'><strong>in</strong></span> <span class='ocrx_word' id='word_1_481' title='bbox 905 3227 969 3266; x_wconf 93' lang='lat' dir='ltr'><strong>eon·</strong></span> <span class='ocrx_word' id='word_1_482' title='bbox 1023 3209 1051 3262; x_wconf 94' lang='lat' dir='ltr'><strong>in</strong></span> <span class='ocrx_word' id='word_1_483' title='bbox 1066 3224 1095 3263; x_wconf 91' lang='lat' dir='ltr'><strong>se</strong></span> <span class='ocrx_word' id='word_1_484' title='bbox 1111 3208 1171 3278; x_wconf 90' lang='lat' dir='ltr'><strong>ipsa</strong></span> <span class='ocrx_word' id='word_1_485' title='bbox 1185 3208 1317 3281; x_wconf 87' lang='lat' dir='ltr'><strong>imaginis</strong></span> <span class='ocrx_word' id='word_1_486' title='bbox 1328 3211 1376 3264; x_wconf 86' lang='lat' dir='ltr'><strong>Dei</strong></span> <span class='ocrx_word' id='word_1_487' title='bbox 1391 3209 1496 3266; x_wconf 86' lang='lat' dir='ltr'><strong>fidelius</strong></span> <span class='ocrx_word' id='word_1_488' title='bbox 1505 3211 1823 3283; x_wconf 84' lang='lat' dir='ltr'><strong>obtinueritdignitatem</strong></span> 
     </span>
     <span class='ocr_line' id='line_1_51' title="bbox 166 3297 1822 3373; baseline 0 -19"><span class='ocrx_word' id='word_1_489' title='bbox 166 3297 282 3354; x_wconf 87' lang='lat' dir='ltr'><strong>scientia</strong></span> <span class='ocrx_word' id='word_1_490' title='bbox 296 3313 364 3362; x_wconf 87' lang='lat' dir='ltr'><strong>aua;</strong></span> <span class='ocrx_word' id='word_1_491' title='bbox 381 3299 453 3354; x_wconf 88' lang='lat' dir='ltr'><strong>unde</strong></span> <span class='ocrx_word' id='word_1_492' title='bbox 467 3299 603 3354; x_wconf 88' lang='lat' dir='ltr'><strong>rediturus</strong></span> <span class='ocrx_word' id='word_1_493' title='bbox 625 3300 658 3354; x_wconf 90' lang='lat' dir='ltr'><strong>ad</strong></span> <span class='ocrx_word' id='word_1_494' title='bbox 674 3301 825 3355; x_wconf 85' lang='lat' dir='ltr'><strong>orationem</strong></span> <span class='ocrx_word' id='word_1_495' title='bbox 846 3316 905 3355; x_wconf 88' lang='lat' dir='ltr'><strong>eum</strong></span> <span class='ocrx_word' id='word_1_496' title='bbox 921 3317 968 3355; x_wconf 90' lang='lat' dir='ltr'><strong>re·</strong></span> <span class='ocrx_word' id='word_1_497' title='bbox 1023 3304 1050 3352; x_wconf 89' lang='lat' dir='ltr'><strong>el</strong></span> <span class='ocrx_word' id='word_1_498' title='bbox 1074 3297 1222 3367; x_wconf 80' lang='lat' dir='ltr'><strong>veritatem,</strong></span> <span class='ocrx_word' id='word_1_499' title='bbox 1248 3307 1320 3354; x_wconf 90' lang='lat' dir='ltr'><strong>tanto</strong></span> <span class='ocrx_word' id='word_1_500' title='bbox 1343 3297 1509 3354; x_wconf 84' lang='lat' dir='ltr'><strong>fidelioribus</strong></span> <span class='ocrx_word' id='word_1_501' title='bbox 1532 3307 1559 3355; x_wconf 84' lang='lat' dir='ltr'><strong>et</strong></span> <span class='ocrx_word' id='word_1_502' title='bbox 1579 3301 1683 3356; x_wconf 72' lang='lat' dir='ltr'><strong>veritati</strong></span> <span class='ocrx_word' id='word_1_503' title='bbox 1709 3301 1822 3373; x_wconf 91' lang='lat' dir='ltr'><strong>propiu-</strong></span> 
     </span>
     <span class='ocr_line' id='line_1_52' title="bbox 164 3384 1819 3461; baseline 0.001 -19"><span class='ocrx_word' id='word_1_504' title='bbox 164 3390 281 3458; x_wconf 82' lang='lat' dir='ltr'><strong>petat‚et</strong></span> <span class='ocrx_word' id='word_1_505' title='bbox 295 3388 396 3442; x_wconf 87' lang='lat' dir='ltr'><strong>auctori</strong></span> <span class='ocrx_word' id='word_1_506' title='bbox 407 3403 456 3443; x_wconf 88' lang='lat' dir='ltr'><strong>suo</strong></span> <span class='ocrx_word' id='word_1_507' title='bbox 472 3403 527 3444; x_wconf 93' lang='lat' dir='ltr'><strong>rem</strong></span> <span class='ocrx_word' id='word_1_508' title='bbox 543 3404 629 3450; x_wconf 78' lang='lat' dir='ltr'><strong>suain,</strong></span> <span class='ocrx_word' id='word_1_509' title='bbox 644 3396 671 3443; x_wconf 93' lang='lat' dir='ltr'><strong>et</strong></span> <span class='ocrx_word' id='word_1_510' title='bbox 681 3390 776 3460; x_wconf 86' lang='lat' dir='ltr'><strong>gratiae</strong></span> <span class='ocrx_word' id='word_1_511' title='bbox 791 3405 847 3443; x_wconf 83' lang='lat' dir='ltr'><strong>suae</strong></span> <span class='ocrx_word' id='word_1_512' title='bbox 870 3389 969 3461; x_wconf 89' lang='lat' dir='ltr'><strong>pignus</strong></span> <span class='ocrx_word' id='word_1_513' title='bbox 1023 3384 1164 3456; x_wconf 87' lang='lat' dir='ltr'><strong>quioribus</strong></span> <span class='ocrx_word' id='word_1_514' title='bbox 1179 3386 1345 3458; x_wconf 82' lang='lat' dir='ltr'><strong>imaginibus</strong></span> <span class='ocrx_word' id='word_1_515' title='bbox 1367 3387 1466 3442; x_wconf 92' lang='lat' dir='ltr'><strong>nititur</strong></span> <span class='ocrx_word' id='word_1_516' title='bbox 1480 3388 1514 3442; x_wconf 91' lang='lat' dir='ltr'><strong>ad</strong></span> <span class='ocrx_word' id='word_1_517' title='bbox 1537 3389 1644 3455; x_wconf 78' lang='lat' dir='ltr'><strong>Deum3</strong></span> <span class='ocrx_word' id='word_1_518' title='bbox 1661 3404 1716 3444; x_wconf 94' lang='lat' dir='ltr'><strong>non</strong></span> <span class='ocrx_word' id='word_1_519' title='bbox 1732 3390 1819 3459; x_wconf 89' lang='lat' dir='ltr'><strong>phan-</strong></span> 
     </span>
     <span class='ocr_line' id='line_1_53' title="bbox 166 3473 1823 3549; baseline -0.001 -18"><span class='ocrx_word' id='word_1_520' title='bbox 166 3476 307 3549; x_wconf 88' lang='lat' dir='ltr'><strong>ingerens,</strong></span> <span class='ocrx_word' id='word_1_521' title='bbox 323 3476 474 3531; x_wconf 90' lang='lat' dir='ltr'><strong>tidueialius</strong></span> <span class='ocrx_word' id='word_1_522' title='bbox 496 3492 588 3532; x_wconf 91' lang='lat' dir='ltr'><strong>coram</strong></span> <span class='ocrx_word' id='word_1_523' title='bbox 612 3493 644 3532; x_wconf 88' lang='lat' dir='ltr'><strong>eo</strong></span> <span class='ocrx_word' id='word_1_524' title='bbox 662 3485 798 3547; x_wconf 88' lang='lat' dir='ltr'><strong>appareat.</strong></span> <span class='ocrx_word' id='word_1_525' title='bbox 826 3476 894 3546; x_wconf 75' lang='lat' dir='ltr'><strong>Qun</strong></span> <span class='ocrx_word' id='word_1_526' title='bbox 915 3493 969 3548; x_wconf 85' lang='lat' dir='ltr'><strong>quo</strong></span> <span class='ocrx_word' id='word_1_527' title='bbox 1023 3473 1129 3537; x_wconf 85' lang='lat' dir='ltr'><strong>testica,</strong></span> <span class='ocrx_word' id='word_1_528' title='bbox 1147 3489 1200 3528; x_wconf 93' lang='lat' dir='ltr'><strong>non</strong></span> <span class='ocrx_word' id='word_1_529' title='bbox 1215 3475 1403 3544; x_wconf 90' lang='lat' dir='ltr'><strong>superstitiosa</strong></span> <span class='ocrx_word' id='word_1_530' title='bbox 1425 3475 1638 3547; x_wconf 76' lang='lat' dir='ltr'><strong>presumptione</strong></span> <span class='ocrx_word' id='word_1_531' title='bbox 1664 3475 1772 3549; x_wconf 83' lang='lat' dir='ltr'><strong>fingens</strong></span> <span class='ocrx_word' id='word_1_532' title='bbox 1794 3478 1823 3530; x_wconf 93' lang='lat' dir='ltr'><strong>in</strong></span> 
     </span>
     <span class='ocr_line' id='line_1_54' title="bbox 166 3559 1823 3635; baseline 0.002 -17"><span class='ocrx_word' id='word_1_533' title='bbox 166 3565 266 3635; x_wconf 82' lang='lat' dir='ltr'><strong>saepius</strong></span> <span class='ocrx_word' id='word_1_534' title='bbox 277 3564 396 3618; x_wconf 89' lang='lat' dir='ltr'><strong>redditur</strong></span> <span class='ocrx_word' id='word_1_535' title='bbox 410 3564 545 3634; x_wconf 89' lang='lat' dir='ltr'><strong>principio</strong></span> <span class='ocrx_word' id='word_1_536' title='bbox 560 3580 619 3627; x_wconf 90' lang='lat' dir='ltr'><strong>suo,</strong></span> <span class='ocrx_word' id='word_1_537' title='bbox 636 3574 663 3618; x_wconf 92' lang='lat' dir='ltr'><strong>et</strong></span> <span class='ocrx_word' id='word_1_538' title='bbox 673 3565 797 3620; x_wconf 86' lang='lat' dir='ltr'><strong>devotius</strong></span> <span class='ocrx_word' id='word_1_539' title='bbox 810 3581 843 3621; x_wconf 88' lang='lat' dir='ltr'><strong>ac</strong></span> <span class='ocrx_word' id='word_1_540' title='bbox 857 3564 909 3620; x_wconf 91' lang='lat' dir='ltr'><strong>lide</strong></span> <span class='ocrx_word' id='word_1_541' title='bbox 917 3567 969 3621; x_wconf 87' lang='lat' dir='ltr'><strong>lius</strong></span> <span class='ocrx_word' id='word_1_542' title='bbox 1021 3559 1091 3627; x_wconf 79' lang='lat' dir='ltr'><strong>Deo,</strong></span> <span class='ocrx_word' id='word_1_543' title='bbox 1109 3561 1149 3615; x_wconf 80' lang='lat' dir='ltr'><strong>tel</strong></span> <span class='ocrx_word' id='word_1_544' title='bbox 1163 3561 1197 3615; x_wconf 84' lang='lat' dir='ltr'><strong>de</strong></span> <span class='ocrx_word' id='word_1_545' title='bbox 1214 3562 1281 3629; x_wconf 80' lang='lat' dir='ltr'><strong>Deo,</strong></span> <span class='ocrx_word' id='word_1_546' title='bbox 1297 3563 1322 3615; x_wconf 89' lang='lat' dir='ltr'><strong>iu</strong></span> <span class='ocrx_word' id='word_1_547' title='bbox 1346 3563 1435 3633; x_wconf 82' lang='lat' dir='ltr'><strong>seipsa</strong></span> <span class='ocrx_word' id='word_1_548' title='bbox 1460 3564 1534 3635; x_wconf 84' lang='lat' dir='ltr'><strong>quod</strong></span> <span class='ocrx_word' id='word_1_549' title='bbox 1553 3579 1607 3618; x_wconf 89' lang='lat' dir='ltr'><strong>uon</strong></span> <span class='ocrx_word' id='word_1_550' title='bbox 1622 3573 1682 3628; x_wconf 85' lang='lat' dir='ltr'><strong>est;</strong></span> <span class='ocrx_word' id='word_1_551' title='bbox 1703 3565 1754 3619; x_wconf 85' lang='lat' dir='ltr'><strong>sed</strong></span> <span class='ocrx_word' id='word_1_552' title='bbox 1769 3579 1823 3635; x_wconf 86' lang='lat' dir='ltr'><strong>qua</strong></span> 
     </span>
    </p>
   </div>
   <div class='ocr_carea' id='block_1_8' title="bbox 165 3652 968 4430">
    <p class='ocr_par' dir='ltr' id='par_1_9' title="bbox 165 3652 968 4430">
     <span class='ocr_line' id='line_1_55' title="bbox 166 3652 968 3722; baseline 0.004 -16"><span class='ocrx_word' id='word_1_553' title='bbox 166 3653 392 3722; x_wconf 65' lang='lat' dir='ltr'><strong>reconsignatum</strong></span> <span class='ocrx_word' id='word_1_554' title='bbox 412 3667 445 3706; x_wconf 91' lang='lat' dir='ltr'><strong>eo</strong></span> <span class='ocrx_word' id='word_1_555' title='bbox 465 3652 572 3722; x_wconf 88' lang='lat' dir='ltr'><strong>dignior</strong></span> <span class='ocrx_word' id='word_1_556' title='bbox 594 3653 651 3707; x_wconf 86' lang='lat' dir='ltr'><strong>Deo</strong></span> <span class='ocrx_word' id='word_1_557' title='bbox 672 3652 710 3716; x_wconf 80' lang='lat' dir='ltr'><strong>fit,</strong></span> <span class='ocrx_word' id='word_1_558' title='bbox 735 3663 761 3708; x_wconf 88' lang='lat' dir='ltr'><strong>et</strong></span> <span class='ocrx_word' id='word_1_559' title='bbox 782 3653 916 3709; x_wconf 84' lang='lat' dir='ltr'><strong>efficacior</strong></span> <span class='ocrx_word' id='word_1_560' title='bbox 936 3671 968 3709; x_wconf 91' lang='lat' dir='ltr'><strong>ac</strong></span> 
     </span>
     <span class='ocr_line' id='line_1_56' title="bbox 166 3738 967 3813; baseline 0.006 -21"><span class='ocrx_word' id='word_1_561' title='bbox 166 3738 272 3794; x_wconf 87' lang='lat' dir='ltr'><strong>dulcior</strong></span> <span class='ocrx_word' id='word_1_562' title='bbox 284 3738 435 3810; x_wconf 87' lang='lat' dir='ltr'><strong>possessori</strong></span> <span class='ocrx_word' id='word_1_563' title='bbox 458 3755 531 3801; x_wconf 85' lang='lat' dir='ltr'><strong>atro;</strong></span> <span class='ocrx_word' id='word_1_564' title='bbox 549 3754 611 3792; x_wconf 94' lang='lat' dir='ltr'><strong>nam</strong></span> <span class='ocrx_word' id='word_1_565' title='bbox 628 3743 655 3794; x_wconf 90' lang='lat' dir='ltr'><strong>et</strong></span> <span class='ocrx_word' id='word_1_566' title='bbox 675 3741 797 3813; x_wconf 80' lang='lat' dir='ltr'><strong>vulgaris</strong></span> <span class='ocrx_word' id='word_1_567' title='bbox 818 3742 887 3797; x_wconf 87' lang='lat' dir='ltr'><strong>solet</strong></span> <span class='ocrx_word' id='word_1_568' title='bbox 907 3759 967 3797; x_wconf 89' lang='lat' dir='ltr'><strong>esse</strong></span> 
     </span>
     <span class='ocr_line' id='line_1_57' title="bbox 165 3826 967 3903; baseline 0.006 -23"><span class='ocrx_word' id='word_1_569' title='bbox 165 3826 216 3880; x_wconf 88' lang='lat' dir='ltr'><strong>ista</strong></span> <span class='ocrx_word' id='word_1_570' title='bbox 230 3843 318 3881; x_wconf 91' lang='lat' dir='ltr'><strong>rerum</strong></span> <span class='ocrx_word' id='word_1_571' title='bbox 336 3843 452 3898; x_wconf 91' lang='lat' dir='ltr'><strong>quarum</strong></span> <span class='ocrx_word' id='word_1_572' title='bbox 467 3826 533 3882; x_wconf 90' lang='lat' dir='ltr'><strong>libet</strong></span> <span class='ocrx_word' id='word_1_573' title='bbox 545 3827 675 3899; x_wconf 87' lang='lat' dir='ltr'><strong>cognitio,</strong></span> <span class='ocrx_word' id='word_1_574' title='bbox 688 3829 836 3900; x_wconf 88' lang='lat' dir='ltr'><strong>imaginem</strong></span> <span class='ocrx_word' id='word_1_575' title='bbox 851 3831 967 3903; x_wconf 66' lang='lat' dir='ltr'><strong>cognitae</strong></span> 
     </span>
     <span class='ocr_line' id='line_1_58' title="bbox 166 3914 967 3986; baseline 0.005 -17"><span class='ocrx_word' id='word_1_576' title='bbox 166 3914 215 3984; x_wconf 92' lang='lat' dir='ltr'><strong>rei,</strong></span> <span class='ocrx_word' id='word_1_577' title='bbox 229 3915 312 3970; x_wconf 91' lang='lat' dir='ltr'><strong>menti</strong></span> <span class='ocrx_word' id='word_1_578' title='bbox 328 3930 376 3970; x_wconf 89' lang='lat' dir='ltr'><strong>seu</strong></span> <span class='ocrx_word' id='word_1_579' title='bbox 391 3915 529 3970; x_wconf 78' lang='lat' dir='ltr'><strong>memorie</strong></span> <span class='ocrx_word' id='word_1_580' title='bbox 541 3915 704 3986; x_wconf 89' lang='lat' dir='ltr'><strong>impressam</strong></span> <span class='ocrx_word' id='word_1_581' title='bbox 723 3918 824 3972; x_wconf 86' lang='lat' dir='ltr'><strong>habere</strong></span> <span class='ocrx_word' id='word_1_582' title='bbox 835 3936 841 3980; x_wconf 88' lang='lat'>;</span> <span class='ocrx_word' id='word_1_583' title='bbox 854 3927 880 3973; x_wconf 90' lang='lat' dir='ltr'><strong>et</strong></span> <span class='ocrx_word' id='word_1_584' title='bbox 895 3926 967 3974; x_wconf 91' lang='lat' dir='ltr'><strong>tanto</strong></span> 
     </span>
     <span class='ocr_line' id='line_1_59' title="bbox 167 4002 967 4077; baseline 0.008 -21"><span class='ocrx_word' id='word_1_585' title='bbox 167 4002 269 4058; x_wconf 89' lang='lat' dir='ltr'><strong>babere</strong></span> <span class='ocrx_word' id='word_1_586' title='bbox 301 4018 358 4058; x_wconf 88' lang='lat' dir='ltr'><strong>rem</strong></span> <span class='ocrx_word' id='word_1_587' title='bbox 395 4004 531 4075; x_wconf 84' lang='lat' dir='ltr'><strong>cognitam</strong></span> <span class='ocrx_word' id='word_1_588' title='bbox 565 4003 712 4072; x_wconf 91' lang='lat' dir='ltr'><strong>notiorem,</strong></span> <span class='ocrx_word' id='word_1_589' title='bbox 748 4013 850 4076; x_wconf 87' lang='lat' dir='ltr'><strong>quanto</strong></span> <span class='ocrx_word' id='word_1_590' title='bbox 883 4023 967 4077; x_wconf 89' lang='lat' dir='ltr'><strong>penes</strong></span> 
     </span>
     <span class='ocr_line' id='line_1_60' title="bbox 167 4090 966 4163; baseline 0.005 -18"><span class='ocrx_word' id='word_1_591' title='bbox 167 4106 198 4146; x_wconf 84' lang='lat' dir='ltr'><strong>se</strong></span> <span class='ocrx_word' id='word_1_592' title='bbox 221 4091 369 4162; x_wconf 87' lang='lat' dir='ltr'><strong>imaginem</strong></span> <span class='ocrx_word' id='word_1_593' title='bbox 390 4092 448 4162; x_wconf 87' lang='lat' dir='ltr'><strong>ejus</strong></span> <span class='ocrx_word' id='word_1_594' title='bbox 468 4090 548 4146; x_wconf 89' lang='lat' dir='ltr'><strong>habet</strong></span> <span class='ocrx_word' id='word_1_595' title='bbox 573 4093 783 4162; x_wconf 87' lang='lat' dir='ltr'><strong>expressiorem.</strong></span> <span class='ocrx_word' id='word_1_596' title='bbox 804 4093 883 4163; x_wconf 84' lang='lat' dir='ltr'><strong>Quod</strong></span> <span class='ocrx_word' id='word_1_597' title='bbox 905 4111 966 4151; x_wconf 91' lang='lat' dir='ltr'><strong>cum</strong></span> 
     </span>
     <span class='ocr_line' id='line_1_61' title="bbox 167 4179 968 4254; baseline 0.007 -21"><span class='ocrx_word' id='word_1_598' title='bbox 167 4179 202 4234; x_wconf 84' lang='lat' dir='ltr'><strong>de</strong></span> <span class='ocrx_word' id='word_1_599' title='bbox 229 4180 287 4234; x_wconf 86' lang='lat' dir='ltr'><strong>Dec</strong></span> <span class='ocrx_word' id='word_1_600' title='bbox 316 4179 344 4234; x_wconf 86' lang='lat' dir='ltr'><strong>lrt</strong></span> <span class='ocrx_word' id='word_1_601' title='bbox 370 4181 395 4234; x_wconf 94' lang='lat' dir='ltr'><strong>in</strong></span> <span class='ocrx_word' id='word_1_602' title='bbox 426 4180 545 4247; x_wconf 88' lang='lat' dir='ltr'><strong>homine,</strong></span> <span class='ocrx_word' id='word_1_603' title='bbox 573 4181 634 4235; x_wconf 90' lang='lat' dir='ltr'><strong>licet</strong></span> <span class='ocrx_word' id='word_1_604' title='bbox 655 4182 736 4236; x_wconf 90' lang='lat' dir='ltr'><strong>menti</strong></span> <span class='ocrx_word' id='word_1_605' title='bbox 760 4192 897 4254; x_wconf 87' lang='lat' dir='ltr'><strong>utcunque</strong></span> <span class='ocrx_word' id='word_1_606' title='bbox 918 4200 968 4239; x_wconf 91' lang='lat' dir='ltr'><strong>eo-</strong></span> 
     </span>
     <span class='ocr_line' id='line_1_62' title="bbox 167 4267 966 4342; baseline 0.005 -21"><span class='ocrx_word' id='word_1_607' title='bbox 167 4267 252 4339; x_wconf 81' lang='lat' dir='ltr'><strong>guitae</strong></span> <span class='ocrx_word' id='word_1_608' title='bbox 276 4268 425 4323; x_wconf 89' lang='lat' dir='ltr'><strong>divinitatis</strong></span> <span class='ocrx_word' id='word_1_609' title='bbox 450 4284 553 4340; x_wconf 89' lang='lat' dir='ltr'><strong>magna</strong></span> <span class='ocrx_word' id='word_1_610' title='bbox 568 4269 693 4339; x_wconf 83' lang='lat' dir='ltr'><strong>quaedam</strong></span> <span class='ocrx_word' id='word_1_611' title='bbox 715 4287 909 4342; x_wconf 88' lang='lat' dir='ltr'><strong>nonnunquam</strong></span> <span class='ocrx_word' id='word_1_612' title='bbox 926 4272 966 4325; x_wconf 91' lang='lat' dir='ltr'><strong>in-</strong></span> 
     </span>
     <span class='ocr_line' id='line_1_63' title="bbox 168 4356 964 4430; baseline 0.001 -17"><span class='ocrx_word' id='word_1_613' title='bbox 168 4356 302 4413; x_wconf 80' lang='lat' dir='ltr'><strong>formetur</strong></span> <span class='ocrx_word' id='word_1_614' title='bbox 320 4356 478 4423; x_wconf 87' lang='lat' dir='ltr'><strong>similitudo,</strong></span> <span class='ocrx_word' id='word_1_615' title='bbox 495 4359 547 4412; x_wconf 92' lang='lat' dir='ltr'><strong>hoc</strong></span> <span class='ocrx_word' id='word_1_616' title='bbox 568 4361 593 4412; x_wconf 92' lang='lat' dir='ltr'><strong>in</strong></span> <span class='ocrx_word' id='word_1_617' title='bbox 610 4374 641 4412; x_wconf 88' lang='lat' dir='ltr'><strong>ea</strong></span> <span class='ocrx_word' id='word_1_618' title='bbox 661 4358 763 4430; x_wconf 90' lang='lat' dir='ltr'><strong>absque</strong></span> <span class='ocrx_word' id='word_1_619' title='bbox 785 4361 858 4415; x_wconf 94' lang='lat' dir='ltr'><strong>omni</strong></span> <span class='ocrx_word' id='word_1_620' title='bbox 874 4361 964 4430; x_wconf 88' lang='lat' dir='ltr'><strong>phau·</strong></span> 
     </span>
    </p>
   </div>
   <div class='ocr_carea' id='block_1_9' title="bbox 1018 3650 1827 4429">
    <p class='ocr_par' dir='ltr' id='par_1_10' title="bbox 1018 3650 1827 4429">
     <span class='ocr_line' id='line_1_64' title="bbox 1021 3650 1824 3719; baseline 0.006 -16"><span class='ocrx_word' id='word_1_621' title='bbox 1021 3654 1120 3719; x_wconf 87' lang='lat' dir='ltr'><strong>potest,</strong></span> <span class='ocrx_word' id='word_1_622' title='bbox 1139 3650 1229 3719; x_wconf 91' lang='lat' dir='ltr'><strong>quaei</strong></span> <span class='ocrx_word' id='word_1_623' title='bbox 1245 3651 1331 3718; x_wconf 86' lang='lat' dir='ltr'><strong>datur,</strong></span> <span class='ocrx_word' id='word_1_624' title='bbox 1350 3666 1383 3705; x_wconf 88' lang='lat' dir='ltr'><strong>ea</strong></span> <span class='ocrx_word' id='word_1_625' title='bbox 1406 3650 1557 3707; x_wconf 80' lang='lat' dir='ltr'><strong>allectionis</strong></span> <span class='ocrx_word' id='word_1_626' title='bbox 1572 3653 1664 3708; x_wconf 85' lang='lat' dir='ltr'><strong>forma</strong></span> <span class='ocrx_word' id='word_1_627' title='bbox 1686 3653 1824 3709; x_wconf 84' lang='lat' dir='ltr'><strong>accedens</strong></span> 
     </span>
     <span class='ocr_line' id='line_1_65' title="bbox 1021 3738 1826 3814; baseline 0.007 -23"><span class='ocrx_word' id='word_1_628' title='bbox 1021 3738 1056 3791; x_wconf 93' lang='lat' dir='ltr'><strong>ad</strong></span> <span class='ocrx_word' id='word_1_629' title='bbox 1083 3754 1145 3793; x_wconf 90' lang='lat' dir='ltr'><strong>eum</strong></span> <span class='ocrx_word' id='word_1_630' title='bbox 1160 3739 1207 3809; x_wconf 93' lang='lat' dir='ltr'><strong>qui</strong></span> <span class='ocrx_word' id='word_1_631' title='bbox 1232 3747 1281 3793; x_wconf 91' lang='lat' dir='ltr'><strong>est.</strong></span> <span class='ocrx_word' id='word_1_632' title='bbox 1298 3739 1415 3794; x_wconf 78' lang='lat' dir='ltr'><strong>visionis</strong></span> <span class='ocrx_word' id='word_1_633' title='bbox 1432 3741 1504 3794; x_wconf 90' lang='lat' dir='ltr'><strong>enim</strong></span> <span class='ocrx_word' id='word_1_634' title='bbox 1526 3740 1569 3796; x_wconf 87' lang='lat' dir='ltr'><strong>vel</strong></span> <span class='ocrx_word' id='word_1_635' title='bbox 1592 3743 1759 3814; x_wconf 91' lang='lat' dir='ltr'><strong>cognitionis</strong></span> <span class='ocrx_word' id='word_1_636' title='bbox 1774 3742 1826 3797; x_wconf 89' lang='lat' dir='ltr'><strong>Dci</strong></span> 
     </span>
     <span class='ocr_line' id='line_1_66' title="bbox 1021 3826 1824 3901; baseline 0.006 -21"><span class='ocrx_word' id='word_1_637' title='bbox 1021 3826 1215 3897; x_wconf 86' lang='lat' dir='ltr'><strong>perlectionem</strong></span> <span class='ocrx_word' id='word_1_638' title='bbox 1237 3827 1395 3897; x_wconf 88' lang='lat' dir='ltr'><strong>promittere</strong></span> <span class='ocrx_word' id='word_1_639' title='bbox 1410 3829 1452 3884; x_wconf 83' lang='lat' dir='ltr'><strong>rel</strong></span> <span class='ocrx_word' id='word_1_640' title='bbox 1467 3845 1579 3901; x_wconf 88' lang='lat' dir='ltr'><strong>sperare</strong></span> <span class='ocrx_word' id='word_1_641' title='bbox 1595 3831 1622 3885; x_wconf 96' lang='lat' dir='ltr'><strong>in</strong></span> <span class='ocrx_word' id='word_1_642' title='bbox 1637 3832 1691 3886; x_wconf 88' lang='lat' dir='ltr'><strong>hac</strong></span> <span class='ocrx_word' id='word_1_643' title='bbox 1704 3831 1760 3887; x_wconf 86' lang='lat' dir='ltr'><strong>vita</strong></span> <span class='ocrx_word' id='word_1_644' title='bbox 1771 3846 1824 3887; x_wconf 83' lang='lat' dir='ltr'><strong>ra·</strong></span> 
     </span>
     <span class='ocr_line' id='line_1_67' title="bbox 1021 3915 1823 3988; baseline 0.007 -20"><span class='ocrx_word' id='word_1_645' title='bbox 1021 3915 1140 3970; x_wconf 86' lang='lat' dir='ltr'><strong>nissimae</strong></span> <span class='ocrx_word' id='word_1_646' title='bbox 1167 3916 1384 3987; x_wconf 77' lang='lat' dir='ltr'><strong>praesumptionis</strong></span> <span class='ocrx_word' id='word_1_647' title='bbox 1413 3926 1463 3971; x_wconf 86' lang='lat' dir='ltr'><strong>eat.</strong></span> <span class='ocrx_word' id='word_1_648' title='bbox 1493 3919 1655 3988; x_wconf 87' lang='lat' dir='ltr'><strong>Hujnsmodi</strong></span> <span class='ocrx_word' id='word_1_649' title='bbox 1683 3920 1823 3974; x_wconf 89' lang='lat' dir='ltr'><strong>hominem</strong></span> 
     </span>
     <span class='ocr_line' id='line_1_68' title="bbox 1022 4003 1822 4077; baseline 0.006 -21"><span class='ocrx_word' id='word_1_650' title='bbox 1022 4003 1108 4057; x_wconf 87' lang='lat' dir='ltr'><strong>Deum</strong></span> <span class='ocrx_word' id='word_1_651' title='bbox 1123 4019 1201 4058; x_wconf 91' lang='lat' dir='ltr'><strong>orara</strong></span> <span class='ocrx_word' id='word_1_652' title='bbox 1232 4005 1301 4058; x_wconf 91' lang='lat' dir='ltr'><strong>sieut</strong></span> <span class='ocrx_word' id='word_1_653' title='bbox 1315 4005 1412 4069; x_wconf 90' lang='lat' dir='ltr'><strong>Deum,</strong></span> <span class='ocrx_word' id='word_1_654' title='bbox 1428 4014 1519 4061; x_wconf 91' lang='lat' dir='ltr'><strong>monet</strong></span> <span class='ocrx_word' id='word_1_655' title='bbox 1539 4007 1619 4072; x_wconf 90' lang='lat' dir='ltr'><strong>ratio,</strong></span> <span class='ocrx_word' id='word_1_656' title='bbox 1635 4006 1715 4063; x_wconf 88' lang='lat' dir='ltr'><strong>docet</strong></span> <span class='ocrx_word' id='word_1_657' title='bbox 1726 4007 1822 4077; x_wconf 81' lang='lat' dir='ltr'><strong>prole·</strong></span> 
     </span>
     <span class='ocr_line' id='line_1_69' title="bbox 1020 4090 1824 4163; baseline 0.005 -18"><span class='ocrx_word' id='word_1_658' title='bbox 1020 4099 1087 4156; x_wconf 89' lang='lat' dir='ltr'><strong>ctus,</strong></span> <span class='ocrx_word' id='word_1_659' title='bbox 1105 4091 1205 4146; x_wconf 87' lang='lat' dir='ltr'><strong>lormat</strong></span> <span class='ocrx_word' id='word_1_660' title='bbox 1220 4090 1333 4147; x_wconf 84' lang='lat' dir='ltr'><strong>allectus</strong></span> <span class='ocrx_word' id='word_1_661' title='bbox 1351 4107 1357 4145; x_wconf 90' lang='lat'><strong>:</strong></span> <span class='ocrx_word' id='word_1_662' title='bbox 1379 4093 1424 4162; x_wconf 91' lang='lat' dir='ltr'><strong>qui</strong></span> <span class='ocrx_word' id='word_1_663' title='bbox 1440 4109 1468 4147; x_wconf 87' lang='lat' dir='ltr'><strong>se</strong></span> <span class='ocrx_word' id='word_1_664' title='bbox 1483 4094 1661 4150; x_wconf 86' lang='lat' dir='ltr'><strong>conformans</strong></span> <span class='ocrx_word' id='word_1_665' title='bbox 1681 4096 1749 4163; x_wconf 87' lang='lat' dir='ltr'><strong>Deo,</strong></span> <span class='ocrx_word' id='word_1_666' title='bbox 1766 4110 1824 4150; x_wconf 92' lang='lat' dir='ltr'><strong>non</strong></span> 
     </span>
     <span class='ocr_line' id='line_1_70' title="bbox 1021 4180 1824 4254; baseline 0.004 -21"><span class='ocrx_word' id='word_1_667' title='bbox 1021 4180 1107 4233; x_wconf 89' lang='lat' dir='ltr'><strong>Deum</strong></span> <span class='ocrx_word' id='word_1_668' title='bbox 1122 4180 1173 4233; x_wconf 84' lang='lat' dir='ltr'><strong>siut</strong></span> <span class='ocrx_word' id='word_1_669' title='bbox 1189 4180 1255 4234; x_wconf 87' lang='lat' dir='ltr'><strong>nihil</strong></span> <span class='ocrx_word' id='word_1_670' title='bbox 1268 4181 1333 4251; x_wconf 90' lang='lat' dir='ltr'><strong>petit</strong></span> <span class='ocrx_word' id='word_1_671' title='bbox 1348 4181 1383 4234; x_wconf 86' lang='lat' dir='ltr'><strong>ab</strong></span> <span class='ocrx_word' id='word_1_672' title='bbox 1399 4197 1441 4249; x_wconf 91' lang='lat' dir='ltr'><strong>eo,</strong></span> <span class='ocrx_word' id='word_1_673' title='bbox 1458 4180 1509 4236; x_wconf 87' lang='lat' dir='ltr'><strong>nisi</strong></span> <span class='ocrx_word' id='word_1_674' title='bbox 1526 4183 1615 4253; x_wconf 92' lang='lat' dir='ltr'><strong>ipsum</strong></span> <span class='ocrx_word' id='word_1_675' title='bbox 1629 4184 1700 4239; x_wconf 89' lang='lat' dir='ltr'><strong>etad</strong></span> <span class='ocrx_word' id='word_1_676' title='bbox 1714 4184 1802 4254; x_wconf 89' lang='lat' dir='ltr'><strong>ipsum</strong></span> <span class='ocrx_word' id='word_1_677' title='bbox 1815 4200 1824 4250; x_wconf 89' lang='lat'>;</span> 
     </span>
     <span class='ocr_line' id='line_1_71' title="bbox 1021 4267 1827 4343; baseline 0.009 -23"><span class='ocrx_word' id='word_1_678' title='bbox 1021 4267 1093 4321; x_wconf 93' lang='lat' dir='ltr'><strong>nullo</strong></span> <span class='ocrx_word' id='word_1_679' title='bbox 1109 4268 1159 4321; x_wconf 85' lang='lat' dir='ltr'><strong>lrui</strong></span> <span class='ocrx_word' id='word_1_680' title='bbox 1174 4270 1352 4339; x_wconf 87' lang='lat' dir='ltr'><strong>acquiescens</strong></span> <span class='ocrx_word' id='word_1_681' title='bbox 1371 4269 1422 4323; x_wconf 90' lang='lat' dir='ltr'><strong>nisi</strong></span> <span class='ocrx_word' id='word_1_682' title='bbox 1451 4271 1512 4340; x_wconf 91' lang='lat' dir='ltr'><strong>ipso</strong></span> <span class='ocrx_word' id='word_1_683' title='bbox 1528 4272 1574 4326; x_wconf 88' lang='lat' dir='ltr'><strong>vel</strong></span> <span class='ocrx_word' id='word_1_684' title='bbox 1591 4273 1618 4325; x_wconf 94' lang='lat' dir='ltr'><strong>in</strong></span> <span class='ocrx_word' id='word_1_685' title='bbox 1642 4273 1726 4343; x_wconf 65' lang='lat' dir='ltr'><strong>ipsae</strong></span> <span class='ocrx_word' id='word_1_686' title='bbox 1749 4271 1827 4327; x_wconf 92' lang='lat' dir='ltr'><strong>nullo</strong></span> 
     </span>
     <span class='ocr_line' id='line_1_72' title="bbox 1018 4355 1827 4429; baseline 0.009 -22"><span class='ocrx_word' id='word_1_687' title='bbox 1018 4355 1112 4410; x_wconf 89' lang='lat' dir='ltr'><strong>saltem</strong></span> <span class='ocrx_word' id='word_1_688' title='bbox 1130 4355 1177 4421; x_wconf 92' lang='lat' dir='ltr'><strong>uti,</strong></span> <span class='ocrx_word' id='word_1_689' title='bbox 1196 4356 1250 4411; x_wconf 91' lang='lat' dir='ltr'><strong>uisi</strong></span> <span class='ocrx_word' id='word_1_690' title='bbox 1264 4355 1298 4410; x_wconf 92' lang='lat' dir='ltr'><strong>ad</strong></span> <span class='ocrx_word' id='word_1_691' title='bbox 1313 4357 1411 4427; x_wconf 90' lang='lat' dir='ltr'><strong>ipsum.</strong></span> <span class='ocrx_word' id='word_1_692' title='bbox 1429 4359 1490 4423; x_wconf 87' lang='lat' dir='ltr'><strong>llic,</strong></span> <span class='ocrx_word' id='word_1_693' title='bbox 1507 4368 1535 4414; x_wconf 91' lang='lat' dir='ltr'><strong>ut</strong></span> <span class='ocrx_word' id='word_1_694' title='bbox 1553 4360 1655 4416; x_wconf 91' lang='lat' dir='ltr'><strong>dictum</strong></span> <span class='ocrx_word' id='word_1_695' title='bbox 1671 4368 1724 4428; x_wconf 91' lang='lat' dir='ltr'><strong>est,</strong></span> <span class='ocrx_word' id='word_1_696' title='bbox 1740 4376 1827 4429; x_wconf 89' lang='lat' dir='ltr'><strong>quan·</strong></span> 
     </span>
    </p>
   </div>
   <div class='ocr_carea' id='block_1_10' title="bbox 168 4442 1827 4520">
    <p class='ocr_par' dir='ltr' id='par_1_11' title="bbox 168 4442 1827 4520">
     <span class='ocr_line' id='line_1_73' title="bbox 168 4442 1827 4520; baseline 0.002 -21"><span class='ocrx_word' id='word_1_697' title='bbox 168 4445 267 4500; x_wconf 84' lang='lat' dir='ltr'><strong>tostico</strong></span> <span class='ocrx_word' id='word_1_698' title='bbox 282 4445 484 4518; x_wconf 88' lang='lat' dir='ltr'><strong>imaginatione,</strong></span> <span class='ocrx_word' id='word_1_699' title='bbox 501 4455 599 4517; x_wconf 81' lang='lat' dir='ltr'><strong>agente</strong></span> <span class='ocrx_word' id='word_1_700' title='bbox 620 4448 737 4517; x_wconf 89' lang='lat' dir='ltr'><strong>puritate</strong></span> <span class='ocrx_word' id='word_1_701' title='bbox 753 4449 886 4519; x_wconf 90' lang='lat' dir='ltr'><strong>simplicis</strong></span> <span class='ocrx_word' id='word_1_702' title='bbox 900 4447 967 4503; x_wconf 81' lang='lat' dir='ltr'><strong>affe·</strong></span> <span class='ocrx_word' id='word_1_703' title='bbox 983 4442 1009 4501; x_wconf 90' lang='lat' dir='ltr'>D</span> <span class='ocrx_word' id='word_1_704' title='bbox 1025 4444 1072 4498; x_wconf 89' lang='lat' dir='ltr'><strong>diu</strong></span> <span class='ocrx_word' id='word_1_705' title='bbox 1095 4453 1238 4515; x_wconf 82' lang='lat' dir='ltr'><strong>purgatur,</strong></span> <span class='ocrx_word' id='word_1_706' title='bbox 1255 4445 1398 4500; x_wconf 90' lang='lat' dir='ltr'><strong>rationalis</strong></span> <span class='ocrx_word' id='word_1_707' title='bbox 1423 4456 1461 4501; x_wconf 87' lang='lat' dir='ltr'><strong>est</strong></span> <span class='ocrx_word' id='word_1_708' title='bbox 1478 4467 1484 4503; x_wconf 94' lang='lat'>:</span> <span class='ocrx_word' id='word_1_709' title='bbox 1502 4457 1633 4520; x_wconf 87' lang='lat' dir='ltr'><strong>purgatus</strong></span> <span class='ocrx_word' id='word_1_710' title='bbox 1658 4457 1747 4503; x_wconf 85' lang='lat' dir='ltr'><strong>autern</strong></span> <span class='ocrx_word' id='word_1_711' title='bbox 1768 4451 1827 4517; x_wconf 81' lang='lat' dir='ltr'><strong>iam</strong></span> 
     </span>
    </p>
   </div>
   <div class='ocr_carea' id='block_1_11' title="bbox 169 4534 970 4958">
    <p class='ocr_par' dir='ltr' id='par_1_12' title="bbox 169 4534 970 4958">
     <span class='ocr_line' id='line_1_74' title="bbox 169 4534 968 4607; baseline 0.004 -19"><span class='ocrx_word' id='word_1_712' title='bbox 169 4540 228 4588; x_wconf 90' lang='lat' dir='ltr'><strong>ctus</strong></span> <span class='ocrx_word' id='word_1_713' title='bbox 240 4541 268 4587; x_wconf 88' lang='lat' dir='ltr'><strong>et</strong></span> <span class='ocrx_word' id='word_1_714' title='bbox 280 4534 426 4589; x_wconf 88' lang='lat' dir='ltr'><strong>illuminati</strong></span> <span class='ocrx_word' id='word_1_715' title='bbox 435 4550 532 4589; x_wconf 88' lang='lat' dir='ltr'><strong>sensus</strong></span> <span class='ocrx_word' id='word_1_716' title='bbox 542 4536 661 4601; x_wconf 75' lang='lat' dir='ltr'><strong>amoris,</strong></span> <span class='ocrx_word' id='word_1_717' title='bbox 679 4537 752 4607; x_wconf 87' lang='lat' dir='ltr'><strong>qnod</strong></span> <span class='ocrx_word' id='word_1_718' title='bbox 766 4538 837 4591; x_wconf 88' lang='lat' dir='ltr'><strong>circa</strong></span> <span class='ocrx_word' id='word_1_719' title='bbox 846 4552 968 4592; x_wconf 84' lang='lat' dir='ltr'><strong>commu-</strong></span> 
     </span>
     <span class='ocr_line' id='line_1_75' title="bbox 169 4623 968 4695; baseline 0.006 -20"><span class='ocrx_word' id='word_1_720' title='bbox 169 4637 233 4676; x_wconf 90' lang='lat' dir='ltr'><strong>nem</strong></span> <span class='ocrx_word' id='word_1_721' title='bbox 258 4638 348 4677; x_wconf 90' lang='lat' dir='ltr'><strong>rerum</strong></span> <span class='ocrx_word' id='word_1_722' title='bbox 373 4623 557 4694; x_wconf 89' lang='lat' dir='ltr'><strong>cognitionem</strong></span> <span class='ocrx_word' id='word_1_723' title='bbox 579 4637 662 4694; x_wconf 89' lang='lat' dir='ltr'><strong>agere</strong></span> <span class='ocrx_word' id='word_1_724' title='bbox 683 4624 790 4679; x_wconf 83' lang='lat' dir='ltr'><strong>videtur</strong></span> <span class='ocrx_word' id='word_1_725' title='bbox 810 4625 968 4695; x_wconf 87' lang='lat' dir='ltr'><strong>imaginatio</strong></span> 
     </span>
     <span class='ocr_line' id='line_1_76' title="bbox 172 4709 969 4783; baseline 0.004 -20"><span class='ocrx_word' id='word_1_726' title='bbox 172 4723 268 4763; x_wconf 86' lang='lat' dir='ltr'><strong>earum</strong></span> <span class='ocrx_word' id='word_1_727' title='bbox 282 4709 308 4763; x_wconf 95' lang='lat' dir='ltr'><strong>in</strong></span> <span class='ocrx_word' id='word_1_728' title='bbox 332 4710 466 4764; x_wconf 89' lang='lat' dir='ltr'><strong>memoria</strong></span> <span class='ocrx_word' id='word_1_729' title='bbox 480 4711 681 4781; x_wconf 89' lang='lat' dir='ltr'><strong>cognoscentis.</strong></span> <span class='ocrx_word' id='word_1_730' title='bbox 698 4714 824 4783; x_wconf 79' lang='lat' dir='ltr'><strong>Magnam</strong></span> <span class='ocrx_word' id='word_1_731' title='bbox 840 4713 969 4766; x_wconf 90' lang='lat' dir='ltr'><strong>tamenin</strong></span> 
     </span>
     <span class='ocr_line' id='line_1_77' title="bbox 172 4793 968 4869; baseline 0.006 -20"><span class='ocrx_word' id='word_1_732' title='bbox 172 4797 224 4852; x_wconf 91' lang='lat' dir='ltr'><strong>hoc</strong></span> <span class='ocrx_word' id='word_1_733' title='bbox 239 4793 304 4852; x_wconf 81' lang='lat' dir='ltr'><strong>facit</strong></span> <span class='ocrx_word' id='word_1_734' title='bbox 325 4797 572 4852; x_wconf 90' lang='lat' dir='ltr'><strong>dissimilitudinem</strong></span> <span class='ocrx_word' id='word_1_735' title='bbox 596 4806 699 4854; x_wconf 73' lang='lat' dir='ltr'><strong>naturae</strong></span> <span class='ocrx_word' id='word_1_736' title='bbox 714 4799 790 4854; x_wconf 90' lang='lat' dir='ltr'><strong>illius</strong></span> <span class='ocrx_word' id='word_1_737' title='bbox 813 4800 968 4869; x_wconf 88' lang='lat' dir='ltr'><strong>celsitudo;</strong></span> 
     </span>
     <span class='ocr_line' id='line_1_78' title="bbox 175 4883 970 4958; baseline 0.006 -21"><span class='ocrx_word' id='word_1_738' title='bbox 175 4885 237 4954; x_wconf 90' lang='lat' dir='ltr'><strong>quia</strong></span> <span class='ocrx_word' id='word_1_739' title='bbox 253 4884 281 4938; x_wconf 90' lang='lat' dir='ltr'><strong>lit</strong></span> <span class='ocrx_word' id='word_1_740' title='bbox 296 4883 445 4939; x_wconf 91' lang='lat' dir='ltr'><strong>similitudo</strong></span> <span class='ocrx_word' id='word_1_741' title='bbox 461 4885 508 4939; x_wconf 91' lang='lat' dir='ltr'><strong>illa</strong></span> <span class='ocrx_word' id='word_1_742' title='bbox 531 4893 606 4940; x_wconf 91' lang='lat' dir='ltr'><strong>tauto</strong></span> <span class='ocrx_word' id='word_1_743' title='bbox 621 4887 745 4954; x_wconf 83' lang='lat' dir='ltr'><strong>inferior,</strong></span> <span class='ocrx_word' id='word_1_744' title='bbox 762 4896 862 4958; x_wconf 89' lang='lat' dir='ltr'><strong>quanto</strong></span> <span class='ocrx_word' id='word_1_745' title='bbox 883 4888 910 4941; x_wconf 90' lang='lat' dir='ltr'><strong>in</strong></span> <span class='ocrx_word' id='word_1_746' title='bbox 925 4889 970 4942; x_wconf 75' lang='lat' dir='ltr'><strong>in&#39;·</strong></span> 
     </span>
    </p>
   </div>
   <div class='ocr_carea' id='block_1_12' title="bbox 173 4980 972 5251">
    <p class='ocr_par' dir='ltr' id='par_1_13' title="bbox 173 4980 972 5251">
     <span class='ocr_line' id='line_1_79' title="bbox 176 4980 971 5056; baseline 0.008 -21"><span class='ocrx_word' id='word_1_747' title='bbox 176 4980 275 5038; x_wconf 86' lang='lat' dir='ltr'><strong>seriore</strong></span> <span class='ocrx_word' id='word_1_748' title='bbox 298 4992 409 5046; x_wconf 87' lang='lat' dir='ltr'><strong>natura;</strong></span> <span class='ocrx_word' id='word_1_749' title='bbox 434 4993 509 5039; x_wconf 89' lang='lat' dir='ltr'><strong>tanto</strong></span> <span class='ocrx_word' id='word_1_750' title='bbox 530 4985 698 5050; x_wconf 87' lang='lat' dir='ltr'><strong>dissimilior,</strong></span> <span class='ocrx_word' id='word_1_751' title='bbox 716 4995 815 5056; x_wconf 91' lang='lat' dir='ltr'><strong>quanto</strong></span> <span class='ocrx_word' id='word_1_752' title='bbox 839 4987 866 5039; x_wconf 92' lang='lat' dir='ltr'><strong>in</strong></span> <span class='ocrx_word' id='word_1_753' title='bbox 888 4987 971 5041; x_wconf 90' lang='lat' dir='ltr'><strong>dissi-</strong></span> 
     </span>
     <span class='ocr_line' id='line_1_80' title="bbox 173 5080 971 5149; baseline 0.001 -14"><span class='ocrx_word' id='word_1_754' title='bbox 173 5080 280 5138; x_wconf 87' lang='lat' dir='ltr'><strong>miliore</strong></span> <span class='ocrx_word' id='word_1_755' title='bbox 302 5082 426 5149; x_wconf 86' lang='lat' dir='ltr'><strong>materia,</strong></span> <span class='ocrx_word' id='word_1_756' title='bbox 442 5082 578 5136; x_wconf 81' lang='lat' dir='ltr'><strong>Creatoris</strong></span> <span class='ocrx_word' id='word_1_757' title='bbox 602 5083 705 5137; x_wconf 83' lang='lat' dir='ltr'><strong>scilicet</strong></span> <span class='ocrx_word' id='word_1_758' title='bbox 725 5084 752 5136; x_wconf 94' lang='lat' dir='ltr'><strong>in</strong></span> <span class='ocrx_word' id='word_1_759' title='bbox 770 5091 903 5148; x_wconf 76' lang='lat' dir='ltr'><strong>ereatura,</strong></span> <span class='ocrx_word' id='word_1_760' title='bbox 921 5085 971 5138; x_wconf 88' lang='lat' dir='ltr'><strong>[lei</strong></span> 
     </span>
     <span class='ocr_line' id='line_1_81' title="bbox 173 5176 972 5251; baseline 0.005 -21"><span class='ocrx_word' id='word_1_761' title='bbox 173 5176 315 5231; x_wconf 92' lang='lat' dir='ltr'><strong>inanima.</strong></span> <span class='ocrx_word' id='word_1_762' title='bbox 345 5177 398 5232; x_wconf 89' lang='lat' dir='ltr'><strong>Sed</strong></span> <span class='ocrx_word' id='word_1_763' title='bbox 420 5192 530 5231; x_wconf 91' lang='lat' dir='ltr'><strong>rursum</strong></span> <span class='ocrx_word' id='word_1_764' title='bbox 553 5178 650 5233; x_wconf 72' lang='lat' dir='ltr'><strong>divinae</strong></span> <span class='ocrx_word' id='word_1_765' title='bbox 664 5180 752 5251; x_wconf 88' lang='lat' dir='ltr'><strong>gralia</strong></span> <span class='ocrx_word' id='word_1_766' title='bbox 777 5180 822 5234; x_wconf 89' lang='lat' dir='ltr'><strong>illa</strong></span> <span class='ocrx_word' id='word_1_767' title='bbox 840 5181 972 5251; x_wconf 81' lang='lat' dir='ltr'><strong>cognitio-</strong></span> 
     </span>
    </p>
   </div>
   <div class='ocr_carea' id='block_1_13' title="bbox 173 5272 972 5440">
    <p class='ocr_par' dir='ltr' id='par_1_14' title="bbox 173 5272 972 5440">
     <span class='ocr_line' id='line_1_82' title="bbox 173 5272 972 5345; baseline 0.005 -18"><span class='ocrx_word' id='word_1_768' title='bbox 173 5274 226 5342; x_wconf 89' lang='lat' dir='ltr'><strong>nis,</strong></span> <span class='ocrx_word' id='word_1_769' title='bbox 242 5289 313 5345; x_wconf 82' lang='lat' dir='ltr'><strong>quae,</strong></span> <span class='ocrx_word' id='word_1_770' title='bbox 329 5275 397 5330; x_wconf 88' lang='lat' dir='ltr'><strong>sicul</strong></span> <span class='ocrx_word' id='word_1_771' title='bbox 411 5272 511 5328; x_wconf 91' lang='lat' dir='ltr'><strong>dictum</strong></span> <span class='ocrx_word' id='word_1_772' title='bbox 526 5283 577 5341; x_wconf 90' lang='lat' dir='ltr'><strong>est,</strong></span> <span class='ocrx_word' id='word_1_773' title='bbox 596 5292 649 5331; x_wconf 92' lang='lat' dir='ltr'><strong>nnn</strong></span> <span class='ocrx_word' id='word_1_774' title='bbox 670 5277 698 5330; x_wconf 92' lang='lat' dir='ltr'><strong>tit</strong></span> <span class='ocrx_word' id='word_1_775' title='bbox 713 5278 764 5331; x_wconf 89' lang='lat' dir='ltr'><strong>nisi</strong></span> <span class='ocrx_word' id='word_1_776' title='bbox 781 5278 807 5330; x_wconf 92' lang='lat' dir='ltr'><strong>in</strong></span> <span class='ocrx_word' id='word_1_777' title='bbox 831 5294 912 5331; x_wconf 86' lang='lat' dir='ltr'><strong>sensu</strong></span> <span class='ocrx_word' id='word_1_778' title='bbox 928 5275 972 5331; x_wconf 85' lang='lat' dir='ltr'><strong>rel</strong></span> 
     </span>
     <span class='ocr_line' id='line_1_83' title="bbox 173 5365 972 5440; baseline 0.008 -22"><span class='ocrx_word' id='word_1_779' title='bbox 173 5365 314 5421; x_wconf 87' lang='lat' dir='ltr'><strong>intellectu</strong></span> <span class='ocrx_word' id='word_1_780' title='bbox 325 5366 466 5420; x_wconf 90' lang='lat' dir='ltr'><strong>illuminati</strong></span> <span class='ocrx_word' id='word_1_781' title='bbox 478 5367 586 5431; x_wconf 89' lang='lat' dir='ltr'><strong>amoris,</strong></span> <span class='ocrx_word' id='word_1_782' title='bbox 596 5384 677 5436; x_wconf 90' lang='lat' dir='ltr'><strong>super</strong></span> <span class='ocrx_word' id='word_1_783' title='bbox 688 5385 783 5423; x_wconf 89' lang='lat' dir='ltr'><strong>omues</strong></span> <span class='ocrx_word' id='word_1_784' title='bbox 791 5370 972 5440; x_wconf 88' lang='lat' dir='ltr'><strong>cogitationes</strong></span> 
     </span>
    </p>
   </div>
   <div class='ocr_carea' id='block_1_14' title="bbox 175 5463 973 5636">
    <p class='ocr_par' dir='ltr' id='par_1_15' title="bbox 175 5463 973 5636">
     <span class='ocr_line' id='line_1_84' title="bbox 175 5463 970 5538; baseline 0.01 -23"><span class='ocrx_word' id='word_1_785' title='bbox 175 5478 267 5516; x_wconf 91' lang='lat' dir='ltr'><strong>rerum</strong></span> <span class='ocrx_word' id='word_1_786' title='bbox 289 5463 355 5519; x_wconf 87' lang='lat' dir='ltr'><strong>ditat</strong></span> <span class='ocrx_word' id='word_1_787' title='bbox 371 5464 405 5518; x_wconf 88' lang='lat' dir='ltr'><strong>dc</strong></span> <span class='ocrx_word' id='word_1_788' title='bbox 429 5479 459 5518; x_wconf 89' lang='lat' dir='ltr'><strong>se</strong></span> <span class='ocrx_word' id='word_1_789' title='bbox 482 5471 508 5516; x_wconf 91' lang='lat' dir='ltr'><strong>et</strong></span> <span class='ocrx_word' id='word_1_790' title='bbox 533 5465 668 5519; x_wconf 87' lang='lat' dir='ltr'><strong>beatilicat</strong></span> <span class='ocrx_word' id='word_1_791' title='bbox 689 5467 859 5538; x_wconf 84' lang='lat' dir='ltr'><strong>cognitorem</strong></span> <span class='ocrx_word' id='word_1_792' title='bbox 880 5484 970 5535; x_wconf 92' lang='lat' dir='ltr'><strong>suum,</strong></span> 
     </span>
     <span class='ocr_line' id='line_1_85' title="bbox 175 5558 973 5636; baseline 0.011 -22"><span class='ocrx_word' id='word_1_793' title='bbox 175 5558 397 5616; x_wconf 88' lang='lat' dir='ltr'><strong>condescendens</strong></span> <span class='ocrx_word' id='word_1_794' title='bbox 411 5561 435 5616; x_wconf 92' lang='lat' dir='ltr'><strong>ei</strong></span> <span class='ocrx_word' id='word_1_795' title='bbox 456 5574 487 5616; x_wconf 93' lang='lat' dir='ltr'><strong>ac</strong></span> <span class='ocrx_word' id='word_1_796' title='bbox 502 5560 647 5617; x_wconf 89' lang='lat' dir='ltr'><strong>sublevans</strong></span> <span class='ocrx_word' id='word_1_797' title='bbox 663 5578 724 5617; x_wconf 89' lang='lat' dir='ltr'><strong>enm</strong></span> <span class='ocrx_word' id='word_1_798' title='bbox 739 5562 773 5617; x_wconf 90' lang='lat' dir='ltr'><strong>ad</strong></span> <span class='ocrx_word' id='word_1_799' title='bbox 791 5578 832 5630; x_wconf 86' lang='lat' dir='ltr'><strong>se,</strong></span> <span class='ocrx_word' id='word_1_800' title='bbox 845 5570 973 5636; x_wconf 86' lang='lat' dir='ltr'><strong>tantoque</strong></span> 
     </span>
    </p>
   </div>
   <div class='ocr_carea' id='block_1_15' title="bbox 1023 4532 1829 5641">
    <p class='ocr_par' dir='ltr' id='par_1_16' title="bbox 1023 4532 1829 5641">
     <span class='ocr_line' id='line_1_86' title="bbox 1023 4532 1827 4604; baseline 0.009 -19"><span class='ocrx_word' id='word_1_801' title='bbox 1023 4532 1168 4603; x_wconf 87' lang='lat' dir='ltr'><strong>spiritualis</strong></span> <span class='ocrx_word' id='word_1_802' title='bbox 1182 4540 1236 4587; x_wconf 87' lang='lat' dir='ltr'><strong>est.</strong></span> <span class='ocrx_word' id='word_1_803' title='bbox 1260 4533 1314 4588; x_wconf 88' lang='lat' dir='ltr'><strong>Sed</strong></span> <span class='ocrx_word' id='word_1_804' title='bbox 1330 4534 1398 4589; x_wconf 90' lang='lat' dir='ltr'><strong>sicut</strong></span> <span class='ocrx_word' id='word_1_805' title='bbox 1418 4535 1532 4604; x_wconf 79' lang='lat' dir='ltr'><strong>oxqtedit</strong></span> <span class='ocrx_word' id='word_1_806' title='bbox 1549 4536 1708 4592; x_wconf 86' lang='lat' dir='ltr'><strong>rationalem</strong></span> <span class='ocrx_word' id='word_1_807' title='bbox 1725 4545 1827 4592; x_wconf 87' lang='lat' dir='ltr'><strong>statum</strong></span> 
     </span>
     <span class='ocr_line' id='line_1_87' title="bbox 1023 4621 1825 4693; baseline 0.004 -18"><span class='ocrx_word' id='word_1_808' title='bbox 1023 4636 1131 4691; x_wconf 87' lang='lat' dir='ltr'><strong>semper</strong></span> <span class='ocrx_word' id='word_1_809' title='bbox 1158 4621 1186 4674; x_wconf 92' lang='lat' dir='ltr'><strong>in</strong></span> <span class='ocrx_word' id='word_1_810' title='bbox 1215 4622 1383 4692; x_wconf 89' lang='lat' dir='ltr'><strong>spiritualem</strong></span> <span class='ocrx_word' id='word_1_811' title='bbox 1406 4622 1550 4693; x_wconf 86' lang='lat' dir='ltr'><strong>proficere,</strong></span> <span class='ocrx_word' id='word_1_812' title='bbox 1566 4625 1606 4679; x_wconf 91' lang='lat' dir='ltr'><strong>sic</strong></span> <span class='ocrx_word' id='word_1_813' title='bbox 1634 4641 1746 4680; x_wconf 86' lang='lat' dir='ltr'><strong>necesse</strong></span> <span class='ocrx_word' id='word_1_814' title='bbox 1773 4632 1825 4692; x_wconf 88' lang='lat' dir='ltr'><strong>est,</strong></span> 
     </span>
     <span class='ocr_line' id='line_1_88' title="bbox 1023 4709 1827 4779; baseline 0.005 -17"><span class='ocrx_word' id='word_1_815' title='bbox 1023 4709 1189 4779; x_wconf 86' lang='lat' dir='ltr'><strong>spiritualem</strong></span> <span class='ocrx_word' id='word_1_816' title='bbox 1206 4726 1399 4779; x_wconf 89' lang='lat' dir='ltr'><strong>nonnunquam</strong></span> <span class='ocrx_word' id='word_1_817' title='bbox 1416 4711 1442 4764; x_wconf 93' lang='lat' dir='ltr'><strong>in</strong></span> <span class='ocrx_word' id='word_1_818' title='bbox 1458 4713 1619 4767; x_wconf 86' lang='lat' dir='ltr'><strong>ralionalem</strong></span> <span class='ocrx_word' id='word_1_819' title='bbox 1634 4713 1732 4768; x_wconf 87' lang='lat' dir='ltr'><strong>redire.</strong></span> <span class='ocrx_word' id='word_1_820' title='bbox 1749 4715 1827 4768; x_wconf 89' lang='lat' dir='ltr'><strong>Sem-</strong></span> 
     </span>
     <span class='ocr_line' id='line_1_89' title="bbox 1024 4797 1828 4872; baseline 0.007 -23"><span class='ocrx_word' id='word_1_821' title='bbox 1024 4813 1074 4867; x_wconf 74' lang='lat' dir='ltr'><strong>per</strong></span> <span class='ocrx_word' id='word_1_822' title='bbox 1088 4797 1197 4866; x_wconf 91' lang='lat' dir='ltr'><strong>quidem</strong></span> <span class='ocrx_word' id='word_1_823' title='bbox 1221 4798 1388 4868; x_wconf 89' lang='lat' dir='ltr'><strong>spiritualem</strong></span> <span class='ocrx_word' id='word_1_824' title='bbox 1404 4800 1580 4869; x_wconf 88' lang='lat' dir='ltr'><strong>spiritualiter</strong></span> <span class='ocrx_word' id='word_1_825' title='bbox 1600 4801 1658 4872; x_wconf 84' lang='lat' dir='ltr'><strong>agi,</strong></span> <span class='ocrx_word' id='word_1_826' title='bbox 1676 4818 1729 4856; x_wconf 93' lang='lat' dir='ltr'><strong>uon</strong></span> <span class='ocrx_word' id='word_1_827' title='bbox 1745 4802 1828 4872; x_wconf 86' lang='lat' dir='ltr'><strong>hujus</strong></span> 
     </span>
     <span class='ocr_line' id='line_1_90' title="bbox 1024 4885 1826 4957; baseline 0.005 -18"><span class='ocrx_word' id='word_1_828' title='bbox 1024 4885 1157 4953; x_wconf 81' lang='lat' dir='ltr'><strong>vitaeest;</strong></span> <span class='ocrx_word' id='word_1_829' title='bbox 1182 4902 1291 4957; x_wconf 87' lang='lat' dir='ltr'><strong>semper</strong></span> <span class='ocrx_word' id='word_1_830' title='bbox 1307 4896 1397 4941; x_wconf 89' lang='lat' dir='ltr'><strong>tamen</strong></span> <span class='ocrx_word' id='word_1_831' title='bbox 1422 4888 1503 4943; x_wconf 89' lang='lat' dir='ltr'><strong>debet</strong></span> <span class='ocrx_word' id='word_1_832' title='bbox 1527 4905 1589 4944; x_wconf 89' lang='lat' dir='ltr'><strong>esse</strong></span> <span class='ocrx_word' id='word_1_833' title='bbox 1610 4894 1690 4945; x_wconf 86' lang='lat' dir='ltr'><strong>lrorno</strong></span> <span class='ocrx_word' id='word_1_834' title='bbox 1704 4891 1752 4946; x_wconf 86' lang='lat' dir='ltr'><strong>Dei</strong></span> <span class='ocrx_word' id='word_1_835' title='bbox 1782 4891 1826 4947; x_wconf 81' lang='lat' dir='ltr'><strong>ret</strong></span> 
     </span>
     <span class='ocr_line' id='line_1_91' title="bbox 1025 4984 1826 5055; baseline 0.002 -17"><span class='ocrx_word' id='word_1_836' title='bbox 1025 4984 1163 5039; x_wconf 87' lang='lat' dir='ltr'><strong>rationalis</strong></span> <span class='ocrx_word' id='word_1_837' title='bbox 1179 4985 1205 5038; x_wconf 92' lang='lat' dir='ltr'><strong>in</strong></span> <span class='ocrx_word' id='word_1_838' title='bbox 1225 4985 1357 5055; x_wconf 83' lang='lat' dir='ltr'><strong>appetitu,</strong></span> <span class='ocrx_word' id='word_1_839' title='bbox 1374 4986 1416 5041; x_wconf 83' lang='lat' dir='ltr'><strong>rel</strong></span> <span class='ocrx_word' id='word_1_840' title='bbox 1440 4986 1586 5054; x_wconf 86' lang='lat' dir='ltr'><strong>spiritualis</strong></span> <span class='ocrx_word' id='word_1_841' title='bbox 1602 4988 1629 5040; x_wconf 95' lang='lat' dir='ltr'><strong>in</strong></span> <span class='ocrx_word' id='word_1_842' title='bbox 1650 4987 1759 5043; x_wconf 75' lang='lat' dir='ltr'><strong>affectu.</strong></span> <span class='ocrx_word' id='word_1_843' title='bbox 1777 4987 1826 5041; x_wconf 87' lang='lat' dir='ltr'><strong>llic</strong></span> 
     </span>
     <span class='ocr_line' id='line_1_92' title="bbox 1025 5083 1827 5153; baseline 0.001 -15"><span class='ocrx_word' id='word_1_844' title='bbox 1025 5083 1169 5153; x_wconf 90' lang='lat' dir='ltr'><strong>aliquando</strong></span> <span class='ocrx_word' id='word_1_845' title='bbox 1182 5083 1210 5136; x_wconf 93' lang='lat' dir='ltr'><strong>in</strong></span> <span class='ocrx_word' id='word_1_846' title='bbox 1224 5085 1346 5138; x_wconf 91' lang='lat' dir='ltr'><strong>oratione</strong></span> <span class='ocrx_word' id='word_1_847' title='bbox 1365 5100 1417 5137; x_wconf 90' lang='lat' dir='ltr'><strong>non</strong></span> <span class='ocrx_word' id='word_1_848' title='bbox 1434 5085 1495 5138; x_wconf 87' lang='lat' dir='ltr'><strong>sine</strong></span> <span class='ocrx_word' id='word_1_849' title='bbox 1510 5084 1603 5139; x_wconf 88' lang='lat' dir='ltr'><strong>labore</strong></span> <span class='ocrx_word' id='word_1_850' title='bbox 1624 5101 1656 5139; x_wconf 92' lang='lat' dir='ltr'><strong>ac</strong></span> <span class='ocrx_word' id='word_1_851' title='bbox 1678 5087 1827 5139; x_wconf 88' lang='lat' dir='ltr'><strong>certamine</strong></span> 
     </span>
     <span class='ocr_line' id='line_1_93' title="bbox 1025 5178 1826 5254; baseline 0.005 -23"><span class='ocrx_word' id='word_1_852' title='bbox 1025 5178 1189 5233; x_wconf 87' lang='lat' dir='ltr'><strong>obluctando</strong></span> <span class='ocrx_word' id='word_1_853' title='bbox 1211 5194 1319 5234; x_wconf 85' lang='lat' dir='ltr'><strong>oinrrcm</strong></span> <span class='ocrx_word' id='word_1_854' title='bbox 1344 5181 1508 5235; x_wconf 87' lang='lat' dir='ltr'><strong>incursantis</strong></span> <span class='ocrx_word' id='word_1_855' title='bbox 1532 5182 1734 5254; x_wconf 80' lang='lat' dir='ltr'><strong>imaginationis</strong></span> <span class='ocrx_word' id='word_1_856' title='bbox 1756 5184 1826 5237; x_wconf 87' lang='lat' dir='ltr'><strong>cali-</strong></span> 
     </span>
     <span class='ocr_line' id='line_1_94' title="bbox 1026 5276 1829 5347; baseline 0.007 -19"><span class='ocrx_word' id='word_1_857' title='bbox 1026 5276 1116 5347; x_wconf 86' lang='lat' dir='ltr'><strong>ginem</strong></span> <span class='ocrx_word' id='word_1_858' title='bbox 1133 5292 1262 5346; x_wconf 88' lang='lat' dir='ltr'><strong>superare</strong></span> <span class='ocrx_word' id='word_1_859' title='bbox 1276 5277 1328 5330; x_wconf 88' lang='lat' dir='ltr'><strong>sibi</strong></span> <span class='ocrx_word' id='word_1_860' title='bbox 1348 5278 1454 5332; x_wconf 83' lang='lat' dir='ltr'><strong>ridetur</strong></span> <span class='ocrx_word' id='word_1_861' title='bbox 1467 5288 1493 5333; x_wconf 89' lang='lat' dir='ltr'><strong>et</strong></span> <span class='ocrx_word' id='word_1_862' title='bbox 1514 5281 1708 5334; x_wconf 88' lang='lat' dir='ltr'><strong>transceudere</strong></span> <span class='ocrx_word' id='word_1_863' title='bbox 1726 5296 1732 5333; x_wconf 87' lang='lat'><strong>:</strong></span> <span class='ocrx_word' id='word_1_864' title='bbox 1759 5297 1829 5335; x_wconf 93' lang='lat' dir='ltr'><strong>non·</strong></span> 
     </span>
     <span class='ocr_line' id='line_1_95' title="bbox 1026 5375 1828 5448; baseline 0.005 -20"><span class='ocrx_word' id='word_1_865' title='bbox 1026 5390 1163 5445; x_wconf 89' lang='lat' dir='ltr'><strong>nunquam</strong></span> <span class='ocrx_word' id='word_1_866' title='bbox 1179 5390 1245 5430; x_wconf 86' lang='lat' dir='ltr'><strong>vero</strong></span> <span class='ocrx_word' id='word_1_867' title='bbox 1261 5375 1320 5430; x_wconf 90' lang='lat' dir='ltr'><strong>sola</strong></span> <span class='ocrx_word' id='word_1_868' title='bbox 1334 5385 1463 5445; x_wconf 89' lang='lat' dir='ltr'><strong>operante</strong></span> <span class='ocrx_word' id='word_1_869' title='bbox 1478 5378 1566 5448; x_wconf 84' lang='lat' dir='ltr'><strong>gratia</strong></span> <span class='ocrx_word' id='word_1_870' title='bbox 1581 5378 1655 5446; x_wconf 86' lang='lat' dir='ltr'><strong>pium</strong></span> <span class='ocrx_word' id='word_1_871' title='bbox 1679 5377 1761 5434; x_wconf 73' lang='lat' dir='ltr'><strong>bonae</strong></span> <span class='ocrx_word' id='word_1_872' title='bbox 1776 5394 1828 5434; x_wconf 81' lang='lat' dir='ltr'><strong>ro-</strong></span> 
     </span>
     <span class='ocr_line' id='line_1_96' title="bbox 1026 5470 1828 5547; baseline 0.007 -23"><span class='ocrx_word' id='word_1_873' title='bbox 1026 5470 1135 5524; x_wconf 91' lang='lat' dir='ltr'><strong>luntatis</strong></span> <span class='ocrx_word' id='word_1_874' title='bbox 1149 5479 1277 5525; x_wconf 91' lang='lat' dir='ltr'><strong>conatum</strong></span> <span class='ocrx_word' id='word_1_875' title='bbox 1293 5488 1341 5525; x_wconf 87' lang='lat' dir='ltr'><strong>nec</strong></span> <span class='ocrx_word' id='word_1_876' title='bbox 1357 5472 1516 5543; x_wconf 78' lang='lat' dir='ltr'><strong>imaginatio</strong></span> <span class='ocrx_word' id='word_1_877' title='bbox 1532 5473 1655 5543; x_wconf 89' lang='lat' dir='ltr'><strong>impedit,</strong></span> <span class='ocrx_word' id='word_1_878' title='bbox 1671 5488 1723 5529; x_wconf 90' lang='lat' dir='ltr'><strong>nec</strong></span> <span class='ocrx_word' id='word_1_879' title='bbox 1739 5473 1828 5547; x_wconf 90' lang='lat' dir='ltr'><strong>caligo</strong></span> 
     </span>
     <span class='ocr_line' id='line_1_97' title="bbox 1027 5566 1827 5641; baseline 0.006 -19"><span class='ocrx_word' id='word_1_880' title='bbox 1027 5566 1159 5636; x_wconf 85' lang='lat' dir='ltr'><strong>involvit;</strong></span> <span class='ocrx_word' id='word_1_881' title='bbox 1176 5567 1225 5623; x_wconf 88' lang='lat' dir='ltr'><strong>sad</strong></span> <span class='ocrx_word' id='word_1_882' title='bbox 1239 5573 1351 5639; x_wconf 84' lang='lat' dir='ltr'><strong>repenle</strong></span> <span class='ocrx_word' id='word_1_883' title='bbox 1367 5567 1412 5624; x_wconf 90' lang='lat' dir='ltr'><strong>ubi</strong></span> <span class='ocrx_word' id='word_1_884' title='bbox 1428 5583 1483 5623; x_wconf 91' lang='lat' dir='ltr'><strong>non</strong></span> <span class='ocrx_word' id='word_1_885' title='bbox 1497 5582 1527 5625; x_wconf 89' lang='lat' dir='ltr'><strong>se</strong></span> <span class='ocrx_word' id='word_1_886' title='bbox 1542 5569 1667 5641; x_wconf 88' lang='lat' dir='ltr'><strong>parabat,</strong></span> <span class='ocrx_word' id='word_1_887' title='bbox 1681 5570 1783 5629; x_wconf 84' lang='lat' dir='ltr'><strong>invenit</strong></span> <span class='ocrx_word' id='word_1_888' title='bbox 1798 5587 1827 5627; x_wconf 88' lang='lat' dir='ltr'><strong>sa</strong></span> 
     </span>
    </p>
   </div>
   <div class='ocr_carea' id='block_1_16' title="bbox 0 0 1869 6000">
    <p class='ocr_par' dir='ltr' id='par_1_17' title="bbox 0 0 1869 6000">
     <span class='ocr_line' id='line_1_98' title="bbox 0 0 1869 6000; baseline 0 0"><span class='ocrx_word' id='word_1_889' title='bbox 0 0 1869 6000; x_wconf 95' lang='lat' dir='ltr'><strong> </strong></span> 
     </span>
    </p>
   </div>
  </div>
 </body>
</html>
