3728 6000
104 226 157 281 9οθ

498 232 561 289 Llss.
583 236 630 290 DE
649 234 902 295 altstatttcottott
922 240 967 295 ΕΤ
985 244 1149 304 tustttta.
1166 279 1201 290 -
1221 244 1308 304 PARS
1328 249 1361 304 ll.

1699 256 1752 311 910

100 352 1010 436 phyrinuapapa,cap.l(episi.r>:aNaqueinradubiaAprts
1039 373 1149 430 abillis
1177 377 1391 445 accusatoribus,
1423 379 1468 450 qrii
1502 381 1650 454 recipiendi
1678 393 1749 450 sunt,
1844 402 1847 409 ·

101 449 174 498 certa
199 443 334 510 judicatur
357 447 503 510 sententia,
526 463 578 505 nec
599 448 683 504 ollnm
702 450 833 517 judicium
849 452 903 507 nisi

101 531 290 587 ordinabiliter
311 532 430 587 habitum
453 542 589 590 teneatur.
619 560 629 586 a
655 540 721 593 ltem
744 540 799 594 Lao
818 555 901 611 papa,

102 635 165 689 cap.
182 621 215 675 ta
233 639 239 674 :
256 645 267 669 a
286 621 314 676 Si
336 621 362 675 in
377 622 457 677 rebus
473 626 651 681 saecularibus
667 643 748 682 auum
765 628 899 701 cujusque

99 708 148 777 jus
162 713 189 764 el
203 709 329 780 proprius
344 711 571 768 ordcservandus
586 722 636 776 est,
654 725 754 787 quiante
770 718 858 790 magis
874 717 901 772 in

99 797 294 852 ecclesiasticis
335 798 558 869 dispositionibus
590 803 663 859 nulla
708 804 791 861 debet
819 805 902 866 indici

101 885 257 942 consuslo‘?
275 910 286 934 tt

102 985 172 1039 Car.
194 985 296 1039 XXXI.
311 985 386 1047 Ouod
399 987 563 1057 priusquam
579 991 708 1045 nccusnri
721 990 902 1063 dehentepis-

141 1071 236 1127 capus,
251 1057 459 1113 conueniendus
481 1064 523 1114 cat
544 1077 602 1115 nara
624 1063 721 1124 serrael,
737 1063 784 1117 red
808 1064 903 1134 scapis·

142 1128 213 1181 mma
229 1146 238 1190 ,·
253 1142 310 1181 troo
332 1145 441 1194 artiora,
466 1130 514 1185 sed
535 1133 676 1202 familiari
701 1135 848 1205 colloquia,
868 1137 901 1190 att

142 1199 340 1269 corrigatque
354 1201 385 1253 iu
399 1215 428 1254 aa
443 1202 607 1272 corrigenda
624 1207 793 1274 cogitauerit.

143 1294 177 1350 Ut
192 1310 260 1367 ergo
275 1295 375 1350 ordine
391 1293 436 1350 hat
458 1294 612 1368 disciplina,
638 1306 700 1353 ante
727 1301 902 1356 conveniatur

105 1383 261 1454 episcopus,
285 1400 339 1440 non
354 1385 449 1452 semel,
465 1385 514 1440 sad
534 1402 607 1456 sape
623 1402 708 1457 quam
736 1399 877 1446 accusetur
894 1408 899 1443 :

103 1479 132 1525 et
147 1476 176 1525 ut
190 1480 300 1542 propter
321 1471 476 1527 scandalum
496 1474 626 1531 Ecclesia
643 1475 687 1531 vel
713 1492 742 1532 se
769 1487 902 1550 expurget

105 1560 150 1615 vel
191 1561 318 1632 corrigat,
351 1561 534 1618 admoneatur
560 1564 696 1620 humiliter
724 1565 845 1638 quidem,
876 1576 902 1623 et

101 1648 204 1703 blande
222 1650 296 1720 prius
311 1650 455 1719 privatim,
471 1661 497 1707 et
512 1657 608 1724 postea
629 1653 751 1724 publice.
784 1654 813 1709 Si
831 1671 901 1711 neu·

100 1745 176 1792 trum
188 1738 300 1809 exsequi
316 1739 440 1805 voluerit,
461 1749 490 1795 ut
520 1741 625 1797 scilicet
653 1753 828 1815 expurgetur,

102 1827 217 1884 consilio
232 1827 413 1897 subjectorum
438 1829 613 1901 corrigatur,
633 1838 695 1886 tunc
710 1833 820 1888 demum
843 1834 901 1906 pri-

103 1916 171 1970 mati
187 1915 246 1989 ejus
260 1915 425 1988 significetur
453 1918 549 1972 litteris
564 1936 617 1974 oon
634 1919 752 1984 furtivis,
781 1921 825 1977 val
841 1937 905 1992 pro·

103 2006 221 2072 risoriis,
238 2006 285 2061 sed
310 2007 451 2062 canonicis
476 2026 483 2070 3
511 2023 563 2063 non
580 2025 613 2063 ex
628 2010 839 2080 corispiratione,
853 2011 902 2066 sed

104 2110 138 2150 ex
151 2094 293 2162 charitate,
309 2094 408 2166 quibus
424 2096 459 2150 ab
474 2095 534 2166 ipso
548 2097 729 2152 accusationis
755 2104 782 2153 et
806 2098 902 2169 judicii

103 2183 163 2239 dies
178 2190 331 2252 expetatur.
350 2184 426 2239 Unde
441 2185 594 2251 anacletus,
622 2201 689 2256 cap.
709 2188 739 2240 tt
758 2189 851 2258 (epist.
871 2203 901 2255 rt,

103 2289 132 2327 n.
156 2272 185 2340 d)
202 2289 235 2328 :a
262 2271 290 2326 Si
306 2273 369 2344 qais
397 2273 525 2327 adversas
556 2282 678 2346 pastores
706 2282 735 2330 at
762 2274 904 2332 Ecclesias

104 2376 200 2417 eorum
215 2370 369 2416 commotus
386 2361 478 2427 luerit,
496 2369 542 2416 aut
557 2379 651 2418 causas
677 2363 812 2432 imbuerit,
826 2365 904 2436 prius

103 2449 138 2505 ad
155 2466 203 2506 eoa
218 2458 344 2506 recurrat
358 2449 496 2505 charitatis
510 2451 610 2516 studio,
642 2460 670 2506 nt
699 2452 823 2508 familiari
845 2453 904 2510 col-

103 2539 197 2611 loquio
210 2538 354 2605 admoniti,
371 2555 402 2594 ea
429 2548 524 2594 sanent
547 2557 609 2611 quaa
638 2541 759 2596 sananda
781 2550 853 2608 sunt,
877 2550 904 2598 et

103 2627 234 2683 charitate
249 2628 396 2683 emendent
411 2645 471 2698 qnae
483 2629 558 2698 juste
574 2629 748 2685 emendanda
762 2645 902 2703 cognore-

103 2718 169 2774 rint.
187 2716 219 2772 Si
234 2724 322 2772 autem
339 2716 422 2789 aliqui
444 2735 501 2784 eos,
519 2720 676 2790 priusquam
707 2720 758 2775 hoc
784 2720 901 2792 egerint,

104 2806 239 2868 lacerare,
268 2822 407 2872 accusare,
434 2807 568 2862 inlestare
597 2810 827 2880 praesumpserint,
853 2825 903 2864 ex-

105 2895 351 2962 communicentur,
367 2903 394 2950 et
422 2895 532 2950 minime
556 2896 734 2952 absoluantur
757 2905 902 2968 antequam

104 2984 318 3040 satisfactionem
347 2984 511 3057 condignam
547 2986 685 3057 egerint,
713 2985 777 3056 quia
805 2985 903 3056 injuria

105 3089 201 3130 eorum
221 3073 256 3128 ad
269 3073 401 3128 Christum
424 3073 536 3144 pertinet
564 3074 643 3144 cujas
671 3074 808 3145 legatione
837 3074 941 3138 fua-C

957 459 1036 516 luerit
1051 472 1204 529 accusatus,
1229 475 1372 538 postquam
1398 468 1456 537 ipse
1476 472 1511 525 ab
1526 473 1566 528 eis
1592 475 1751 533 cliaritatIve

956 560 1110 607 conventus
1125 553 1253 623 suerit,ut
1269 557 1357 627 ipsam
1382 573 1495 614 causam
1523 564 1668 620 emendare
1700 566 1751 621 de-

956 637 1030 706 beat,
1059 650 1085 697 et
1109 658 1167 698 eam
1194 645 1332 715 corripere
1356 648 1481 718 noluerit,
1510 667 1565 706 non
1599 653 1675 721 olim,
1704 657 1752 712 sed

957 729 1063 785 toncad
1079 747 1200 787 summos
1214 736 1346 804 primates
1361 739 1491 795 canonice
1509 757 1591 797 causa
1618 745 1677 815 ejus
1701 747 1752 801 de-

957 816 1068 887 seratur,
1085 821 1166 890 quiin
1177 838 1300 896 congruo
1316 825 1376 882 loco
1391 827 1461 882 insta
1472 829 1560 899 ipsam
1573 834 1750 901 provinciam,

956 915 1080 979 tempore
1108 926 1239 982 congruo,
1271 913 1297 968 id
1325 919 1367 970 est
1389 919 1539 973 antumnali
1569 922 1613 976 vel
1642 923 1750 990 aestiuo,

956 997 1100 1052 concilium
1117 999 1279 1073 regulariter
1293 1003 1442 1072 habebunt,
1459 1007 1494 1062 ita
1522 1016 1550 1062 ut
1565 1009 1600 1064 ab
1625 1011 1752 1068 omnibus

956 1085 1076 1155 ejusdem
1093 1089 1239 1158 provinciae
1254 1092 1391 1164 episcopis
1406 1094 1475 1150 inibi
1490 1096 1626 1155 audiatur.
1651 1098 1711 1170 Quo
1726 1110 1753 1157 et

955 1173 1013 1246 ipse
1029 1176 1191 1247 regulariter
1210 1189 1385 1250 contraeatis,
1398 1183 1421 1237 si
1437 1201 1497 1239 eum
1524 1195 1569 1241 ant
1597 1187 1751 1256 inlirmitas,

957 1272 1004 1319 aut
1032 1265 1083 1320 alia
1103 1269 1198 1336 gravis
1226 1269 1375 1326 necessitas
1398 1288 1452 1328 non
1475 1274 1628 1343 detinuerit,
1652 1278 1752 1334 adessa

955 1353 1065 1409 debebit
1081 1372 1087 1415 ;
1104 1355 1168 1428 quia
1184 1356 1254 1411 ultra
1283 1359 1430 1429 provinciae
1452 1363 1583 1419 terminos
1605 1369 1752 1424 accusandi

956 1450 1017 1498 ante
1041 1443 1150 1499 licentia
1178 1461 1231 1501 non
1255 1454 1305 1517 est,
1335 1464 1415 1518 quam
1440 1451 1531 1520 major
1553 1454 1752 1513 audientiam-

955 1539 1045 1603 getur.
1061 1556 1072 1581 ι»

956 1627 1025 1686 Car.
1046 1630 1172 1686 XXXIV.
1196 1632 1272 1699 erod
1285 1634 1390 1692 subditi
1404 1640 1434 1692 et
1447 1640 1585 1709 praelatos
1601 1642 1751 1701 humiliter

857 1723 943 1799 vetB
1028 1703 1245 1773 reprehendant,
1262 1706 1482 1778 ctreprehenror
1496 1716 1678 1768 venerantur.

993 1795 1062 1866 Quia
1077 1813 1143 1870 ergo
1158 1802 1364 1857 conveniendus
1375 1804 1448 1874 prius
1463 1814 1504 1861 est
1517 1810 1654 1877 praelatns,
1671 1829 1752 1884 quam

956 1888 1134 1953 accusandus,
1165 1890 1302 1960 quomodo
1323 1893 1374 1948 hoc
1403 1893 1609 1952 laciendumsit
1641 1901 1754 1970 exponit

957 1973 1112 2047 Gregorius
1140 1976 1166 2030 in
1190 1977 1260 2033 libro
1282 1996 1299 2035 ιι
1320 1982 1460 2037 lloralium
1489 2002 1495 2038 :
1521 1989 1612 2041 acum
1626 1989 1753 2058 quaedam

958 2061 1029 2119 sacta
1043 2063 1184 2120 meliorum
1195 2067 1239 2122 rel
1251 2068 1426 2137 praelatorum
1442 2071 1624 2130 deterioribus
1652 2078 1752 2150 displi-

958 2162 1019 2207 cent
1032 2168 1204 2225 nequaquam
1215 2157 1267 2212 hoc
1285 2157 1358 2227 qrrod
1372 2166 1493 2217 mentem
1510 2172 1601 2219 movet
1632 2167 1754 2224 reticeo·

956 2239 1021 2295 dum
1037 2249 1086 2308 est,
1102 2243 1152 2298 aed
1167 2259 1229 2298 cum
1245 2261 1345 2318 magna
1360 2248 1511 2305 humililate
1532 2252 1728 2322 proterendum
1745 2271 1752 2310 :

957 2338 1090 2400 quatenus
1105 2330 1217 2388 intentio
1247 2334 1445 2404 piacentientis
1474 2354 1506 2394 eo
1525 2349 1614 2396 servet
1640 2343 1755 2399 sormam

958 2419 1142 2487 rectitudinis,
1158 2436 1211 2491 quo
1229 2438 1280 2493 per
1309 2424 1361 2480 iter
1389 2426 1511 2498 graditur
1535 2428 1705 2488 humilitatis.
1722 2435 1756 2489 Et

957 2507 1326 2580 libereergotlicendasuat
1353 2530 1416 2585 quaa
1444 2516 1586 2587 sentimus,
1615 2528 1643 2576 et
1675 2520 1756 2578 valde

957 2597 1094 2652 humiliter
1114 2600 1264 2669 promenda
1289 2617 1348 2671 quaa
1372 2603 1500 2671 dicimus,
1525 2623 1560 2663 ne
1585 2609 1657 2678 quod
1684 2608 1756 2667 torta

958 2685 1131 2752 intendimus,
1152 2688 1284 2745 hocetate
1299 2692 1465 2762 proterendo
1488 2711 1542 2751 noa
1570 2706 1644 2754 recte
1669 2698 1755 2757 sacia-

958 2790 1027 2829 mus.
1061 2799 1072 2823 ι
1102 2777 1168 2831 ltem
1197 2777 1223 2832 in
1251 2779 1348 2835 eodem
1376 2780 1447 2836 libro
1468 2801 1547 2839 xxx:
1567 2786 1755 2846 «bansatva

957 2880 1001 2919 res
1014 2863 1111 2936 agitur,
1126 2864 1231 2920 virtutis
1247 2875 1289 2922 est
1307 2869 1453 2937 meritum;
1482 2874 1506 2926 si
1523 2875 1596 2944 quad
1611 2884 1652 2930 ast
1678 2878 1756 2948 prio-

958 2953 1006 3018 ris,
1023 2953 1163 3009 toleretur.
1189 2954 1276 3011 Debet
1303 2963 1393 3013 tamen
1419 2959 1555 3017 humiliter
1579 2967 1704 3037 suggeri,
1732 2967 1755 3022 ai

959 3042 1075 3097 tortasse
1089 3043 1178 3098 valeat
1193 3045 1265 3115 qnod
1286 3046 1412 3117 displicet
1438 3053 1615 3106 emendari.»
1634 3054 1667 3109 Et
1696 3064 1756 3127 post

103 3170 247 3236 guntur„
265 3161 330 3216 pem
355 3160 518 3230 Alexander,
549 3163 900 3234 capitecensum:
956 3132 1352 3203 paucazaSimagistrorum
1372 3136 1425 3191 iila
1450 3138 1512 3206 jure
1534 3144 1754 3213 reprehenditur,

105 3273 116 3303 a
135 3250 234 3322 Siquis
248 3266 314 3324 erga
331 3251 488 3320 episcopum
501 3252 543 3305 vel
563 3258 693 3305 auctores
716 3251 845 3308 Ecclesia
873 3267 903 3306 se

103 3340 257 3413 quamlibet
271 3338 410 3409 (merulam
436 3340 536 3407 justam
553 3340 656 3395 habere
678 3339 832 3407 crediderit,
849 3357 903 3396 non

101 3429 178 3501 prius
192 3429 324 3500 primates
337 3436 383 3482 aut
398 3427 468 3482 alios
483 3428 560 3483 adeat
586 3428 707 3499 judices,
733 3444 811 3498 quarn
831 3429 904 3500 ipsos

956 3228 1061 3290 oportet
1075 3226 1105 3275 ut
1119 3237 1166 3277 ens
1176 3223 1277 3277 sudditi
1294 3225 1376 3280 etiam
1401 3242 1463 3281 eum
1492 3228 1638 3299 displicent
1667 3248 1753 3289 vene·

956 3318 1059 3365 rentur.
1074 3310 1131 3365 Sed
1146 3312 1198 3366 hoc
1208 3310 1321 3367 solerter
1334 3313 1503 3384 intuendam,
1528 3333 1562 3372 ne
1591 3335 1660 3390 quos
1688 3321 1752 3376 imi·

958 3399 1009 3453 tari
1024 3398 1141 3469 despicis
1153 3401 1277 3455 venerari
1296 3409 1465 3459 contemnas.
1485 3431 1495 3453 .

103 3517 233 3589 aquibus
262 3532 291 3572 se
307 3517 400 3571 laesum
416 3517 562 3579 existimat,
586 3516 732 3571 conveniat
758 3517 902 3572 familiari·
957 3514 1021 3568 Car.
1033 3514 1146 3569 XXXV.
1156 3515 1232 3582 Quod
1243 3518 1357 3585 praelati
1367 3535 1383 3572 rt
1394 3520 1514 3575 subditis
1527 3524 1693 3587 reprehensi
1708 3527 1752 3583 uel

103 3615 153 3671 ter,
183 3621 237 3661 non
253 3605 349 3671 semel,
365 3605 413 3660 sed
429 3605 589 3676 saepissime,
606 3613 634 3660 ut
649 3605 736 3661 abeis
751 3613 798 3660 aut
824 3622 902 3661 stram
992 3586 1093 3711 gebim
1106 3602 1273 3713 Fepwdaff·
1284 3589 1562 3714 lblflumnmoemes
1576 3614 1585 3661 ν’
1601 3596 1751 3652 'melnen‘

100 3695 238 3766 justitiam
255 3702 298 3748 aut
310 3694 427 3764 excipiat
444 3695 657 3749 exornationem.
675 3695 702 3749 si
719 3702 808 3749 autam
824 3711 902 3751 aecus
1012 3673 1070 3721 Μ’
1087 3674 1111 3713 ⁸²
1127 3665 1195 3713 Μ
1208 3673 1241 3713 ⁶¹¹
1256 3676 1292 3730 μα
1311 3676 1370 3715 '⁰⁸'

102 3783 194 3856 egerit
208 3782 319 3854 abipsis
329 3792 355 3837 at
365 3784 401 3837 ab
412 3782 473 3836 aliis
487 3783 678 3839 communione
697 3784 826 3853 privetur,
843 3792 902 3838 lan·
993 3775 1048 3828 (3⁰¹¹
1064 3790 1130 3846 “8⁰
1141 3774 1248 3845 praelati
1269 3775 1386 3831 debeffl
1401 3793 1417 3833 ⁸
1432 3778 1546 3836 subiistis
1574 3784 1711 3840 ⁰⁰¹¹V⁰¹liti
1725 3788 1753 3841 θῑ

104 3886 189 3944 quam
204 3872 386 3943 apostolorum
403 3871 566 3944 Patrnmque
584 3872 700 3927 aliarum
714 3880 897 3944 contemptor.
957 3863 1129 3934 reprehendi,
1154 3863 1206 3934 ipsi
1236 3881 1252 3920 e
1280 3869 1420 3922 contrario
1440 3869 1481 3923 vel
1498 3885 1528 3925 se
1543 3870 1642 3927 debent
1657 3889 1752 3945 expur-

102 3991 168 4046 Car.
185 3989 301 4044 XXXll.
320 3988 397 4055 Qatarl
411 3987 626 4059 mertropolitani
640 3989 828 4060 suffragancis
842 3989 903 4044 raia
956 3971 1031 4027 gam*
1057 3969 1080 4052 ,⁵¹
1112 3960 1174 4007 ⁵³⁰²
1197 3962 1355 4010 “umentes
1380 3971 1387 4026 3
1413 3956 1456 4012 vel
1471 3959 1666 4060 ⁰¹f¹⁹⁰d³r⁰k⁸¹
1688 3974 1752 4062 ,⁸⁰⁰⁸

140 4062 253 4134 superbi
264 4066 398 4131 etprnues
414 4076 472 4113 csse
486 4060 662 4124 aesiderant,
675 4062 901 4116 praesineeorum
956 4043 1118 4114 οιΠΡΒῘΜῙΕΒ·
1148 4040 1228 4111 Qu⁰d
1262 4051 1406 4114 ullu-”hue
1436 4055 1521 4102 ⁰⁸l¹¹⁵
1544 4053 1750 4108 ³U⁰l⁰l¹¹³1¹btt⁵

138 4131 597 4204 consiliantiquid,nisiquodnd
612 4132 757 4203 propriam
776 4132 903 4202 perlinat
956 4132 1118 4204 explicetur.
1135 4131 1318 4186 Periculosum
1340 4132 1412 4187 enim
1436 4135 1516 4190 valde
1545 4146 1582 4192 est
1609 4141 1751 4209 prelatum

138 4205 314 4276 parochiam,
327 4207 468 4257 lfactare·
956 4238 1017 4278 esse
1031 4219 1072 4276 rel
1087 4219 1171 4277 rideri
1188 4221 1440 4292 reprehensibilem.
1466 4225 1531 4279 Cum
1545 4227 1618 4281 enim
1646 4229 1752 4286 dicatur

137 4319 352 4377 Undchoicius
381 4333 462 4390 papa,
487 4334 548 4390 cap.
576 4318 588 4372 l
617 4337 623 4372 :
655 4340 665 4369 a
690 4318 719 4373 Si
731 4318 777 4391 qui
802 4322 902 4374 metro·
956 4309 1287 4366 aDominosalterraeet
1306 4311 1354 4365 lux
1383 4312 1477 4366 mundi
1503 4315 1610 4379 (illailla.
1637 4333 1662 4377 ιι,
1694 4321 1749 4388 ta),

100 4410 283 4482 popimmmm
300 4407 410 4462 influus
434 4407 523 4471 suerii,
549 4415 575 4462 ει
593 4407 651 4462 ,5110
679 4409 798 4463 omnium
827 4401 1016 4496 00ffi.anis
1031 4400 1126 4471 sapiet,
1143 4398 1165 4452 si
1180 4398 1218 4452 sal
1235 4398 1485 4468 infatuatur·‘?Quis
1498 4419 1551 4458 non
1568 4402 1696 4472 offendet,
1728 4408 1751 4463 si

100 4497 310 4572 provincialium
329 4497 475 4568 praesentia
497 4495 540 4552 rel
567 4497 681 4553 consilio
697 4495 898 4568 episcoporum,
955 4490 1002 4545 lux
1014 4489 1171 4544 obscuratur
1185 4489 1199 4540 ‘l
1215 4488 1292 4543 Unde
1306 4489 1404 4544 Paulus
1416 4489 1503 4545 dicit:
1530 4490 1626 4548 l'idrte
1645 4511 1681 4550 ue
1696 4513 1749 4568 pa·

102 4593 316 4645 auteorumaul
342 4586 411 4640 alias
426 4601 534 4651 causas,
565 4586 617 4640 nisi
646 4603 693 4641 eas
716 4594 816 4641 tantum
841 4602 901 4657 qum
955 4575 1744 4652 rantisoffendiculamsrnlridusnutrcnudnlum(horit.

103 4679 138 4734 ad
149 4678 288 4750 propriam
305 4675 442 4746 pertinent
464 4675 635 4746 parochiam,
660 4690 752 4747 agere,
781 4680 829 4730 aut
855 4690 902 4730 ecs
955 4683 1015 4733 xiv,
1032 4669 1090 4763 13).ο
1102 4666 1137 4720 Et
1148 4664 1230 4719 alibi:
1248 4666 1392 4721 Prouidele
1404 4674 1475 4722 hanc
1485 4670 1642 4770 horreolum
1654 4689 1749 4730 coram

103 4783 224 4841 gravare
239 4765 364 4830 voluerit,
382 4765 415 4819 ab
441 4764 568 4819 omnibus
593 4764 714 4819 districte
742 4766 900 4837 corrigatur,
956 4759 1020 4821 Dea.
1043 4755 1188 4811 satellem
1213 4768 1308 4852 00rssflm
1327 4755 1455 4811 Omnibus
1479 4756 1638 4815 houtinrlms
1660 4763 1750 4824 (Rom-

106 4873 140 4912 ne
157 4856 220 4912 talia
231 4856 361 4924 deinceps
374 4869 538 4924 prasentare
558 4853 665 4909 audeat.
682 4852 708 4907 Si
725 4870 791 4908 vero
807 4853 900 4908 incor-
956 4863 1005 4909 xri,
1026 4845 1080 4914 l'l).
1106 4843 1139 4897 Et
1168 4846 1336 4910 Augustinus
1360 4844 1456 4942 (serm.
1482 4845 1588 4944 3:25311,
1606 4849 1625 4916 ι)
1644 4867 1649 4904 :
1670 4872 1679 4897 ι
1698 4849 1750 4919 Qui

104 4945 233 5018 rigibilis,
250 4943 342 5015 eisque
357 4943 520 4998 inobediens
535 4942 702 5014 apparuerit,
718 4941 751 4996 arl
767 4941 901 5013 apostoli·
956 4933 1072 5004 negligit
1084 4931 1395 4986 sstmlmfflssmflludehs
1411 4942 1461 4988 ⁰⁵¹·
1474 4957 1484 4980 ’¹
1498 4935 1530 4989 Εῑ
1543 4952 1570 4989 ¹¹¹
1586 4937 1749 5010 Evangelio:

105 5050 164 5092 aem
180 5035 275 5090 sedam
290 5034 348 5101 ejus
374 5032 545 5088 contumacia
574 5032 717 5101 reseratur,
742 5035 771 5084 ul
785 5029 904 5085 vindicta
961 5020 1174 5080 l'oehominiilli
1189 5035 1239 5091 per
1253 5035 1334 5091 quem
1349 5022 1516 5077 scandalum
1533 5027 1611 5080 uenit
1631 5027 1744 5095 (sllallh.

105 5124 140 5180 da
154 5139 187 5180 eo
202 5122 247 5177 stat
263 5130 289 5178 et
300 5123 393 5177 eaeteri
407 5122 531 5176 timorem
547 5121 674 5177 habeant.
694 5144 704 5168 a
958 5127 1035 5176 ιιιιιι,
1051 5111 1091 5170 ll.
1111 5110 1145 5164 Et
1159 5108 1259 5163 iterum
1276 5128 1281 5162 :
1299 5110 1328 5164 Si
1338 5112 1385 5182 qui
1399 5112 1639 5168 scandalizaverit
1659 5133 1750 5172 unuin

105 5240 184 5298 CM,
196 5236 328 5295 XXXHL
343 5237 419 5305 Quod
429 5239 453 5292 εἰ
471 5238 615 5307 episcopus
631 5235 824 5293 admonitione
838 5233 904 5289 mg,
957 5197 1753 5304 eapurlllishis,expediteiutsuspendatur·rnalansinu·

139 5313 266 5369 astaram
282 5309 486 5379 incorrigibilis
503 5310 605 5379 pierre,
621 5313 689 5362 rana
713 5309 852 5362 carrenses
867 5305 903 5360 aa
959 5308 1004 5346 raa
1027 5291 1062 5345 aa
1089 5288 1195 5344 cartam
1210 5303 1280 5352 erus,
1294 5291 1322 5342 et
1337 5287 1518 5360 celleranna-
1535 5292 1750 5393 appropiantem

137 5383 293 5455 primatem
309 5396 395 5436 roura
411 5380 470 5449 ejus
485 5381 642 5451 deseratur,
658 5380 706 5452 qui
715 5392 779 5433 eum
793 5375 903 5432 adcon·
958 5380 1053 5451 (ἰωὰ,
1065 5379 1103 5449 a).
1133 5377 1193 5432 Non
1208 5383 1248 5432 cst
1275 5391 1342 5448 ergo
1357 5376 1417 5432 leve
1444 5379 1587 5446 praelatum
1602 5384 1752 5451 quemlibet

141 5455 242 5510 duum
256 5455 397 5510 mma·
959 5487 1010 5528 aua
1039 5469 1122 5540 culpa
1145 5468 1187 5524 vel
1207 5467 1349 5523 occasione
1377 5469 1431 5522 sibi
1455 5473 1751 5545 commissospertlere,

141 5568 201 5627 llaa
215 5567 304 5639 Felix,
316 5584 381 5641 cap.
405 5571 436 5623 tt
454 5567 546 5641 (epist.
562 5567 590 5638 2)
605 5584 613 5622 ε
631 5589 643 5616 ι
659 5565 688 5622 st
710 5564 771 5637 quis
793 5562 902 5636 episeo-
960 5576 1010 5636 pro
1034 5557 1133 5630 quibus
1160 5556 1284 5612 Christus
1309 5563 1441 5626 mortuus,
1458 5576 1510 5631 pro
1525 5561 1624 5635 quibua
1636 5563 1695 5636 ipse
1706 5580 1752 5621 ra·
