3728 6000
95 272 147 328 819
593 270 626 324 D.
648 268 776 326 ALGERI
796 266 1023 325 scholastici
1042 264 1251 324 tsouttsrtsts
1701 270 1750 326 82⁰

100 396 188 452 solum
200 395 262 468 pius
275 395 408 453 Dominus
422 394 533 451 umbras
551 402 577 450 et
604 394 705 467 figuras
733 401 839 451 veteres
865 400 895 449 ut
909 392 937 455 Α
951 392 981 446 in
996 394 1047 448 hoc
1060 399 1152 449 autera
1166 393 1223 449 solo
1239 394 1312 466 qnod
1332 398 1365 453 ει
1381 396 1473 470 seipso
1492 397 1567 470 tacit,
1580 399 1652 457 tides
1667 415 1749 457 exer·

102 486 265 558 superlluas,
295 485 503 556 superveniente
530 485 649 540 novitate
677 492 703 539 et
728 484 843 540 ueritate
857 484 900 538 sui
952 481 1059 548 citatur,
1077 489 1106 537 ut
1121 481 1193 538 victa
1207 491 1231 539 ει
1242 483 1342 539 invicta
1363 485 1469 543 feticius
1491 496 1648 547 coronetur.
1667 488 1747 557 Victa,

104 573 228 631 sacrificii
242 575 362 646 dispulit,
379 574 427 629 sed
450 581 476 628 et
502 573 724 644 multiplicitatem
754 570 900 628 sacrificio·
952 570 1074 642 inquam,
1090 586 1125 626 ne
1144 573 1367 644 comprehendat,
1393 576 1442 631 sed
1465 576 1565 633 invicta
1579 592 1615 633 ne
1629 576 1746 649 diffidas

104 671 299 719 rumveterum
316 662 562 735 singularitatesui
581 661 706 718 sacrificii
724 661 898 716 abbrevians.
954 658 1018 713 dnm
1045 660 1192 715 exteriores
1220 662 1329 733 quidem
1358 679 1465 734 seusus,
1495 666 1603 737 objecta
1630 666 1748 737 paniset

104 753 306 822 occupationem
322 752 484 806 exteriorem
495 751 576 806 nobis
586 751 693 817 minuit,
705 750 899 806 beneticiorum
953 748 1008 803 uini
1023 749 1123 819 specie,
1139 749 1242 820 colore,
1266 752 1350 808 odore
1378 761 1405 808 ει
1431 769 1540 824 sapore,
1568 755 1661 827 ipsum
1681 756 1748 828 quod

103 841 181 897 nobis
194 841 310 911 gratiam
327 840 524 911 multiplicavit,
540 855 594 896 uno
609 840 688 896 unico
703 855 751 895 sno
766 838 900 895 sacrificiu
955 835 1043 891 luerat
1056 836 1223 906 mentiendo,
1237 856 1334 910 panem
1350 848 1376 897 et
1391 841 1482 897 vinum
1497 843 1571 915 quod
1586 860 1642 900 uon
1655 853 1699 900 est
1712 846 1747 900 ni·

103 929 575 1000 redemptionemremissionemque
595 937 767 999 peccatorum
786 927 898 996 taciens,
954 931 1044 980 tuntur
1062 934 1197 990 astruerc;
1229 927 1444 986 interiorautem
1466 931 1630 1001 intellectus,
1661 936 1746 1006 ipsun

104 1019 281 1092 profectuque
295 1018 366 1083 iidei,
386 1028 598 1088 ceterarumque
612 1018 750 1085 virtutum,
767 1017 802 1072 ad
817 1018 900 1073 ritant
953 1014 1025 1085 quod
1041 1022 1082 1070 est
1105 1029 1203 1086 corpus
1231 1016 1334 1074 scilicet
1357 1018 1459 1074 Christi
1487 1022 1687 1093 contemplans,
1701 1037 1746 1078 nec

101 1116 231 1164 aeternam
247 1107 408 1178 perducens.
419 1106 564 1163 Sciendum
580 1107 651 1162 enim
667 1107 739 1178 quod
754 1107 815 1162 idco
827 1108 899 1163 Deus
953 1103 1185 1175 comprehendere
1199 1105 1354 1175 sutllcieus,
1378 1122 1432 1163 non
1459 1117 1551 1167 tamen
1565 1110 1675 1167 desistit
1690 1126 1745 1168 ore·

103 1205 158 1252 tam
173 1198 258 1252 multa
273 1195 405 1252 sacrificia
419 1197 496 1251 dedit
510 1197 537 1251 in
552 1197 623 1269 loge,
639 1206 668 1251 ut
682 1197 787 1251 nullum
803 1211 898 1252 eorum
952 1190 1028 1247 dere.

102 1286 240 1343 sufficiens
254 1303 313 1342 csse
330 1285 497 1354 ostenderet,
513 1286 683 1357 quiacaetcra
694 1294 784 1341 essent
799 1301 897 1357 super·
988 1279 1063 1335 llanc
1074 1280 1193 1337 credenti
1206 1281 1394 1341 difficultatem
1422 1287 1508 1344 sancti
1538 1287 1711 1345 attendentes
1725 1298 1746 1345 et

101 1376 166 1444 ilua,
183 1376 207 1431 si
221 1392 302 1430 unum
318 1373 443 1430 sustinere
459 1379 562 1446 posset,
579 1382 607 1429 ut
620 1391 704 1430 tinum
728 1390 806 1429 suum
822 1373 897 1429 suffi-
951 1378 1088 1437 carentes,
1105 1371 1139 1425 de
1151 1372 1201 1427 bac
1216 1375 1402 1430 sacramentali
1414 1377 1590 1448 ,confectione
1605 1379 1746 1434 astruenda

100 1464 175 1521 ciens
189 1464 276 1537 magis
304 1463 516 1529 desideraretur,
545 1470 572 1518 et
598 1462 703 1518 interim
721 1463 749 1517 in
765 1465 817 1529 eis,
833 1463 896 1518 etsi
951 1457 996 1512 diu
1013 1460 1183 1530 multumque
1202 1460 1402 1532 laboraverunt,
1432 1465 1747 1537 quianonsoluminsi·

97 1553 235 1610 modicum
250 1553 381 1608 sentirent
394 1550 554 1623 suffragium
570 1551 598 1606 in
612 1568 707 1608 eorum
722 1561 812 1608 tamen
827 1551 897 1606 mul·
950 1546 1039 1613 sibilo,
1064 1548 1206 1604 sedetiam
1232 1550 1387 1608 inusitatum
1420 1571 1481 1610 esse
1504 1554 1638 1626 viderunt,
1654 1564 1682 1612 ει
1699 1557 1746 1612 ad-

99 1643 213 1698 titudine
225 1641 322 1712 majori
336 1651 530 1711 occuparentur
559 1641 697 1709 exercitio,
728 1657 782 1713 quo
808 1642 895 1697 Deum
950 1636 1126 1705 mirabilem
1153 1638 1296 1694 invisibilis
1316 1643 1452 1707 sacerdos,
1469 1643 1594 1700 risibiles
1609 1653 1745 1701 creaturas

98 1732 237 1788 discerent
248 1733 349 1799 colere,
365 1741 391 1785 et
405 1731 439 1784 ab
454 1730 590 1786 idolorum
602 1731 703 1786 cultura
717 1732 857 1799 recedere,
871 1739 894 1786 et
910 1747 936 1812 B
951 1724 979 1778 iu
989 1725 1166 1781 substantiam
1182 1744 1238 1783 suae
1262 1729 1352 1784 carnis
1367 1730 1541 1788 invisibiliter
1554 1742 1707 1800 convertat,
1723 1742 1745 1790 et

98 1820 209 1877 certiori
224 1828 262 1876 tut
277 1820 425 1892 figurarum
448 1819 649 1875 instruerentur
663 1820 819 1876 testimonie
842 1835 895 1892 quo
951 1816 1023 1885 quud
1037 1822 1175 1870 tet'ruuutu
1190 1827 1229 1872 est
1245 1817 1356 1874 coeleste
1381 1817 1471 1884 iaciat,
1487 1830 1515 1876 ut
1537 1822 1583 1893 qui
1605 1823 1745 1894 pronubis

100 1910 215 1965 futuram
233 1909 372 1965 veritatem
388 1924 442 1963 uon
463 1909 618 1964 dubitarent
630 1925 753 1981 sperare.
950 1909 1027 1960 tanta
1042 1904 1069 1958 in
1083 1920 1113 1959 se
1122 1913 1260 1976 operatur,
1275 1907 1354 1963 nobis
1363 1908 1397 1964 de
1413 1910 1492 1965 nobis
1510 1911 1621 1983 majora
1635 1912 1744 1984 proruit·

133 1997 285 2071 Egregium
296 1998 382 2071 igitur
400 2005 427 2052 ct
440 2014 521 2069 super
536 1997 626 2052 omnia
641 1998 779 2054 excellens
803 2015 895 2055 sacra·
952 2000 996 2048 tut·
1014 1992 1067 2061 Qui
1083 1995 1156 2048 euim
1184 2011 1282 2065 utinum
1306 2013 1356 2068 iun
1378 1997 1459 2052 uubis
1485 1997 1600 2072 figurate
1627 2000 1744 2056 obtutum

98 2097 219 2144 mentum
235 2087 314 2142 nobis
329 2086 448 2158 providit
472 2087 545 2141 Deus
564 2087 591 2140 in
613 2088 747 2143 sacrificio
767 2102 826 2154 suo,
843 2102 896 2159 quo
951 2083 1020 2138 sicut
1036 2090 1064 2137 et
1078 2083 1169 2138 riuum
1190 2100 1239 2154 pro
1252 2101 1282 2140 sc
1296 2085 1418 2142 oblatum
1433 2089 1461 2142 in
1483 2091 1627 2145 veritatem
1643 2099 1670 2146 et
1685 2092 1745 2145 uni-

96 2178 219 2249 corporis
244 2185 269 2232 et
291 2176 430 2247 sanguinis
461 2176 504 2230 sui
526 2175 668 2232 ueritatem
694 2178 772 2246 panis
794 2178 897 2232 etvini
952 2171 1384 2244 tutemsuisunguinismutntin
1407 2191 1457 2231 suo
1480 2184 1506 2232 et
1532 2186 1628 2235 nostro
1657 2195 1745 2236 sacra-

96 2264 538 2340 qualitatibustectumabscondit
552 2265 777 2336 dignacausa‚ne
792 2265 897 2322 scilicet
951 2267 1054 2325 memo.
1070 2267 1171 2332 (intutu
1196 2262 1284 2334 magis
1310 2279 1360 2319 unu
1388 2280 1481 2320 sucum
1505 2266 1587 2323 faciet
1609 2283 1695 2322 uuum
1722 2269 1746 2322 iu

97 2354 254 2410 infidelibus
279 2359 380 2425 pateat,
408 2361 543 2409 eteorum
567 2353 744 2424 blasphemiis
773 2354 894 2424 vilescat,
951 2350 1113 2404 aternitatis
1126 2351 1400 2420 suaepranmiotScd
1425 2361 1451 2410 et
1479 2355 1506 2410 in
1535 2357 1602 2410 tanti
1631 2357 1747 2429 mysterii

95 2459 165 2499 nere
181 2458 230 2498 nos
256 2441 380 2511 judicent
407 2442 567 2496 inhumanos
592 2451 617 2497 ct
642 2442 775 2513 crudeles,
804 2451 897 2515 utpote
952 2436 1015 2504 fide,
1040 2437 1193 2494 intellectus
1211 2439 1352 2496 intrinseci
1377 2447 1405 2497 et
1426 2444 1591 2499 exteriorum
1617 2461 1746 2501 sensuum

96 2530 208 2587 humani
232 2533 354 2601 corporis
379 2537 545 2586 comestores
574 2538 600 2586 et
628 2533 768 2603 sanguinis
794 2532 896 2588 bibito·
952 2526 1050 2582 luctam
1073 2526 1243 2583 subinnuens
1271 2530 1309 2584 uit
1331 2531 1496 2603 Augustinus
1516 2532 1543 2588 in
1572 2536 1747 2591 sermoneDe

96 2637 152 2677 res.
186 2619 324 2674 Fidetibns
349 2622 443 2674 autem
468 2619 566 2691 quibus
584 2619 690 2690 pararit
714 2621 748 2676 ad
772 2621 896 2690 satutem,
951 2616 1044 2672 uerbis
1060 2617 1192 2672 Domini:
1217 2640 1227 2666 a
1245 2617 1322 2687 Quod
1348 2619 1447 2675 ridetis
1475 2621 1501 2676 in
1531 2623 1607 2678 altari
1631 2624 1746 2694 paniset

97 2710 127 2763 in
155 2708 234 2781 panis
263 2716 289 2762 et
316 2707 374 2762 rini
403 2708 495 2779 specie
529 2717 555 2763 et
584 2725 680 2779 sapore
709 2711 831 2766 sumendi
859 2712 872 2765 t
887 2742 897 2753 ·
952 2705 1175 2778 calixest,quod
1192 2706 1271 2761 etiam
1300 2708 1372 2763 oculi
1393 2709 1473 2765 vestri
1498 2710 1746 2784 renuntiant,quud

100 2797 136 2854 cit
162 2795 350 2868 aptitudinem,
378 2813 422 2863 nc,
452 2801 481 2850 ut
513 2799 640 2868 superius
675 2797 776 2854 dictum
805 2807 854 2865 est,
875 2800 897 2854 si
953 2802 1043 2848 autem
1066 2793 1133 2848 tides
1161 2795 1279 2866 postulat
1292 2795 1456 2863 instruenda,
1477 2798 1555 2870 panis
1570 2808 1612 2856 est
1640 2816 1745 2873 corpus,

98 2885 231 2943 carniset
251 2886 393 2957 sanguinis
422 2886 532 2941 humani
560 2886 680 2943 colorem
704 2888 818 2956 rideret,
848 2904 897 2943 sn·
952 2882 1212 2957 calixcstsanguis.
1229 2907 1240 2933 r

99 2990 250 3047 paremque
284 2975 404 3042 sentiret,
437 2975 558 3030 humana
594 2974 679 3046 pietas
714 2976 896 3048 abhorreret;
988 2970 1042 3028 Sed
1058 2980 1146 3044 potest
1160 2973 1250 3029 animo
1266 2974 1419 3045 cujuspiam
1449 2976 1575 3051 cogitatio
1589 2979 1651 3035 talis
1665 2980 1745 3037 subo·

100 3063 244 3135 splendore
256 3072 344 3119 autem
360 3063 421 3133 ejus
435 3065 459 3118 si
474 3063 636 3118 intolerabili
649 3066 897 3139 praestringeretur,
953 3059 1009 3125 tiu,
1023 3061 1156 3116 Duuuuus
1180 3062 1259 3117 Jtsus
1285 3064 1406 3119 Christus
1433 3067 1559 3122 norimus
1587 3070 1661 3126 unde
1688 3085 1746 3125 car-

102 3156 240 3224 stuporem
257 3152 355 3208 mentis
369 3153 536 3222 incurreret;
556 3153 577 3207 si
592 3154 715 3227 glorioso
730 3155 899 3212 demulcere·
954 3149 1228 3220 nemaccepcrit,de
1251 3151 1356 3223 Virgine
1384 3154 1469 3207 Mittin
1494 3155 1608 3222 Scilicet,
1637 3159 1747 3211 nutritus

103 3250 157 3311 tur,
180 3241 314 3298 bonorum
343 3257 453 3312 operum
483 3250 592 3314 torpore
621 3243 792 3299 hebesceret.
827 3245 901 3300 Sicut
954 3239 1109 3304 est,crcrit,
1139 3238 1257 3308 supultus
1285 3248 1334 3308 est,
1356 3243 1513 3310 resurrexit,
1543 3245 1643 3301 coelum
1658 3259 1749 3301 ascen·

105 3332 177 3387 enim
189 3331 328 3388 carnalem
338 3331 419 3386 nobis
440 3333 646 3402 occupationem
657 3332 781 3402 abstulit,
807 3334 902 3390 exstir-
955 3328 1003 3391 dit,
1022 3327 1087 3383 illuc
1102 3327 1200 3381 tetulit
1222 3343 1324 3398 nunnus
1354 3346 1442 3397 suunt,
1467 3332 1538 3387 unda
1565 3342 1694 3389 venturus
1712 3342 1749 3389 est

108 3430 171 3493 pata
186 3420 357 3475 multitudine
370 3419 568 3476 sacrificiorum
582 3430 715 3489 veterum,
742 3429 770 3476 ut
783 3431 901 3477 mentem
953 3417 1080 3487 judicatu
1095 3416 1171 3472 uiuus
1185 3424 1211 3472 et
1221 3425 1350 3472 tuut'tuus·
1366 3419 1407 3473 lbi
1427 3429 1465 3475 est
1492 3421 1575 3477 modo
1603 3423 1704 3479 sedens
1718 3423 1750 3478 ad

105 3511 290 3581 spiritualibus
305 3511 462 3580 expediret3
480 3511 517 3563 ita
532 3510 667 3565 inusitatis
681 3511 844 3583 quibuslibet
853 3529 900 3567 sa·
956 3505 1096 3559 dexteram
1113 3506 1207 3560 Patris·
1224 3505 1368 3574 Quomodo
1388 3524 1454 3577 ergo
1479 3511 1555 3580 panis
1570 3527 1669 3582 corpus
1685 3514 1748 3582 ejus.

106 3599 199 3656 criticii
213 3599 255 3654 sui
278 3598 486 3654 circumstantiis
510 3598 643 3670 impedire
665 3601 759 3664 noluit,
775 3601 901 3673 quospi-
957 3594 999 3649 vel
1016 3594 1087 3664 quud
1103 3594 1182 3648 babet
1201 3594 1279 3662 culix,
1305 3596 1443 3666 quomodo
1467 3607 1508 3653 est
1531 3603 1644 3673 sanguis
1665 3603 1750 3672 eJust

107 3688 229 3743 ritualius
241 3696 268 3743 et
286 3688 394 3742 liberius
408 3703 458 3741 nos
473 3687 525 3741 sibi
540 3687 567 3741 in
587 3703 637 3743 suo
652 3699 824 3745 sacramento
838 3691 900 3747 uni·
957 3685 1010 3737 ltin
1025 3682 1095 3748 iden
1113 3682 1222 3752 stultu&
1248 3683 1376 3738 dicuntur
1391 3696 1574 3755 sternuente,
1591 3689 1656 3761 quia
1670 3690 1697 3745 in
1713 3690 1750 3746 eis

106 3782 157 3832 ret.
173 3777 214 3830 Ne
229 3791 295 3847 ergo
310 3775 419 3830 insolita
435 3775 539 3830 risione
555 3793 631 3831 meus
655 3777 819 3849 turbaretur,
833 3796 902 3836 con·
956 3774 1030 3828 uliud
1046 3773 1160 3839 Videtur,
1177 3772 1419 3846 uliudfsslellittilut
1435 3794 1442 3843 t
1463 3778 1534 3848 quud
1547 3778 1665 3846 uidetur·
1686 3796 1750 3852 spe-

108 3872 277 3919 suetamsuu
305 3871 482 3919 sacramento
510 3863 620 3934 reliquit
648 3867 780 3935 speciem,
809 3880 839 3922 ut
868 3870 903 3924 ad
957 3863 1023 3917 ciem
1037 3861 1117 3916 habet
1131 3861 1321 3933 corporalem3
1340 3866 1412 3936 quud
1436 3865 1605 3938 intelligitur,
1635 3869 1750 3927 tractum

108 3953 236 4007 interiora
251 3953 459 4024 contemplanda
486 3952 622 4022 puriorem
646 3953 708 4008 tidei
724 3955 902 4027 dirigeremus
957 3950 1039 4005 nubet
1053 3950 1229 4021 spiritualem·
1247 3955 1275 4006 ln
1292 3969 1344 4023 quo
1364 3955 1469 4009 videtur
1482 3955 1567 4023 innui,
1584 3959 1662 4029 quasi
1675 3975 1751 4031 quae-

106 4041 204 4097 aciem.
234 4043 286 4096 Per
319 4040 503 4110 acceptionem
538 4041 610 4095 enim
639 4043 716 4111 hujus
743 4047 903 4103 sacramenti
958 4048 1106 4096 caturcum
1123 4041 1283 4096 Christusiu
1301 4043 1419 4097 bumana
1445 4046 1533 4100 torma
1556 4047 1753 4104 rationabiliter

106 4129 215 4186 Christo
225 4130 345 4200 perfecte
359 4129 428 4185 uniri
445 4138 472 4184 et
484 4131 653 4201 incorporari
677 4132 817 4203 debemus,
833 4136 903 4191 etin
958 4146 987 4186 ec
1002 4131 1129 4203 gesserit,
1146 4130 1189 4186 rel
1205 4138 1298 4186 natura
1310 4131 1437 4201 bumana,
1458 4134 1501 4189 rel
1516 4138 1633 4205 potentia
1650 4138 1750 4206 divina,

108 4221 160 4275 hac
174 4218 424 4275 ritacontermitate
436 4218 740 4290 innocentiaequamtum
751 4239 902 4293 possumus,
958 4227 984 4274 et
999 4219 1025 4272 iu
1038 4219 1110 4275 coelo
1125 4235 1210 4290 usque
1229 4219 1263 4274 ad
1279 4218 1351 4274 diem
1369 4221 1463 4290 judicii
1480 4226 1663 4296 corporaliter
1677 4244 1751 4283 man·

107 4317 134 4364 et
161 4313 224 4380 post
251 4308 321 4364 banc
354 4308 437 4365 vitam
469 4308 550 4363 simili
575 4308 742 4365 beatitudine
772 4320 902 4381 quantum
957 4325 1036 4363 surus
1051 4309 1293 4381 sit:quisc0rpus
1305 4312 1403 4366 Christi
1418 4314 1469 4368 huc
1481 4315 1635 4382 deduxerit,
1651 4315 1695 4372 rel
1708 4332 1752 4388 pa-

106 4397 346 4470 dignituerimus;
376 4413 427 4454 nec
451 4397 529 4453 decet
556 4398 590 4452 ad
618 4398 752 4453 exteriora
776 4400 901 4466 distendi,
958 4412 1019 4451 nem
1036 4406 1157 4452 nostrum
1173 4399 1236 4455 illuc
1250 4399 1393 4471 levaverit,
1407 4409 1496 4457 uttam
1509 4402 1598 4459 subito
1609 4405 1634 4459 iu
1650 4420 1752 4477 corpus

108 4487 208 4544 necad
228 4486 388 4556 multiplicia
412 4485 549 4558 dissipari,
578 4486 844 4559 quosabomnibus,
873 4460 1753 4565 utDChristimutaripossit‘?Quodquiaineflabileestquo·

107 4593 189 4633 unum
204 4593 264 4632 curn
280 4576 383 4633 Christo
396 4575 460 4639 sint,
471 4583 577 4646 oportet
592 4575 723 4649 recolligi.
957 4576 1039 4632 modo
1066 4592 1165 4647 corpus
1193 4578 1290 4632 Christi
1319 4579 1361 4636 hic
1384 4579 1440 4647 fiat,
1467 4591 1494 4637 et
1521 4581 1558 4636 ibi
1585 4591 1704 4651 maneat,
1719 4581 1752 4637 ad

144 4667 222 4736 Quod
238 4675 329 4722 tamen
343 4667 472 4723 Ecclesiae
487 4682 544 4721 suae
558 4666 631 4722 Deus
649 4665 733 4721 uoluit
759 4683 820 4723 esse
848 4674 902 4722 tam
957 4665 1165 4739 intelligentiam
1187 4668 1360 4736 spiritualem
1381 4679 1408 4725 ει
1434 4670 1515 4726 tidem
1545 4672 1606 4728 talia
1633 4675 1753 4747 cogitan-

107 4757 286 4822 tructucsum,
302 4770 358 4811 uon
377 4754 536 4812 omnimodo
561 4752 647 4810 voluit
675 4771 734 4811 esse
760 4755 899 4822 otiosum;
958 4764 1000 4812 tos
1025 4760 1144 4823 revocat,
1173 4756 1218 4828 qui
1241 4757 1289 4813 etsi
1314 4759 1375 4813 sciri
1399 4776 1454 4816 nun
1479 4768 1577 4831 potest,
1602 4764 1679 4819 credi
1702 4780 1752 4836 po·

106 4846 179 4918 quia,
196 4846 261 4900 duna
277 4845 303 4899 in
323 4844 463 4915 mysterio,
479 4843 550 4917 quod
566 4860 618 4899 non
635 4851 678 4899 est
689 4852 812 4914 apparet,
830 4846 902 4916 quod
958 4853 1034 4908 test;
1063 4845 1128 4915 quia
1154 4846 1226 4917 quod
1255 4847 1371 4914 ridetur,
1398 4866 1452 4905 non
1480 4850 1621 4906 materiale
1647 4868 1751 4924 corpus

107 4944 145 4992 est
160 4935 320 5000 occultatur,
336 4933 399 4989 fidei
415 4933 486 4989 lucta
502 4933 661 5003 proponitur
675 4941 702 4987 ut
718 4933 841 4988 meritum
858 4950 903 4989 au·
957 4935 1035 5007 panis
1054 4942 1105 4999 cst,
1122 4936 1170 4989 sed
1186 4936 1292 5006 species
1315 4938 1464 5008 corporatis
1482 4955 1490 5003 ;
1515 4939 1588 5010 quod
1611 4949 1702 4997 autem
1726 4942 1752 4996 in

103 5033 200 5099 geatur
216 5043 223 5091 ;
239 5024 303 5077 dum
318 5021 556 5092 contrahocquod
571 5020 689 5085 ridetur,
705 5023 819 5077 credens
830 5023 902 5092 quod
956 5024 1085 5096 telligitur
1100 5024 1224 5079 Christus
1245 5034 1295 5091 est,
1317 5028 1364 5096 qui
1387 5027 1479 5082 omnia
1501 5045 1671 5099 quacunque
1696 5029 1752 5085 rult

103 5132 160 5170 non
175 5113 292 5178 ridetur,
309 5111 343 5168 de
357 5111 461 5168 credita
475 5111 547 5165 intus
567 5109 686 5177 veritate,
709 5110 743 5165 dc
768 5118 898 5181 superata
952 5114 1055 5175 incoelu
1071 5119 1097 5170 et
1116 5114 1142 5167 in
1164 5122 1235 5168 terra
1249 5122 1349 5186 potest.
1379 5116 1477 5186 Sicquc
1493 5116 1559 5172 dum
1584 5118 1751 5173 exteriorum

102 5213 220 5269 exterius
234 5212 349 5268 talsitate
364 5211 500 5282 duplicent
513 5210 666 5280 assequitur
688 5207 817 5282 gratiam.
839 5209 897 5264 Cae·
951 5212 1250 5274 sensuumtestimonio
1272 5228 1325 5267 non
1354 5215 1513 5285 acquiescit,
1544 5230 1594 5271 nec
1622 5215 1751 5271 interiora

104 5320 160 5367 tera
175 5311 249 5367 enirn
265 5310 362 5366 Christi
390 5309 522 5365 miracula
546 5326 609 5365 eum
624 5307 677 5362 sint
692 5306 845 5362 inlidelibus
868 5307 895 5360 in
950 5313 1122 5385 inquisitione
1137 5311 1382 5382 cotmprehendcns,
1403 5314 1436 5369 de
1452 5313 1565 5369 veritate
1590 5318 1750 5372 tamennon

101 5410 473 5481 signumutconrertaatur,
498 5406 550 5462 hoc
578 5405 664 5462 sulum
680 5404 804 5460 fidelibus
818 5405 896 5460 datus
950 5411 1066 5476 titubat;
1096 5410 1125 5464 fit
1147 5427 1197 5481 per
1211 5410 1260 5465 Dei
1275 5411 1404 5481 gratiam,
1430 5419 1458 5465 ut
1476 5414 1504 5467 in
1527 5412 1575 5468 tali
1596 5429 1750 5488 suoagotte

98 5506 133 5562 ad
149 5506 277 5562 meritum
293 5510 322 5561 ut
343 5505 390 5562 itta
412 5507 582 5564 erudiantur.
610 5509 640 5562 ln
664 5506 718 5563 iilis
742 5507 813 5564 enim
834 5522 894 5578 quac
947 5509 1014 5566 tides
1041 5516 1132 5564 nostra
1149 5515 1314 5578 exerceatur,
1353 5509 1505 5565 exercendo
1532 5519 1679 5583 augeatur,
1699 5527 1749 5566 au·

98 5605 173 5662 Deus
187 5605 215 5662 in
235 5604 386 5664 extrinseca
409 5604 523 5660 materia
549 5602 620 5674 tecit,
647 5604 788 5661 roboratur
813 5598 892 5672 fides,
947 5609 1038 5680 gendo
1066 5603 1230 5680 perficiatur,
1260 5606 1382 5679 perlecta
1415 5616 1565 5665 coronetur.
1582 5608 1658 5667 Unde
1687 5610 1747 5667 Au·
