3728 6000
110 254 160 308 l8l

681 255 774 313 tttsto
793 254 841 313 DE
862 255 973 312 STbTU
991 254 1187 313 ANllldRUll.

1711 262 1763 319 tat

107 376 1074 455 est,quinqueuiliubislortoribustraditcesuut.nequeApatroui
1099 379 1196 435 meruit
1226 381 1373 453 patrocinio
1405 380 1526 437 liberari.
1551 383 1585 438 Et
1616 383 1680 440 dum
1707 386 1764 442 suis

106 466 296 523 'visitationem
315 467 477 540 angelicam.
491 485 580 539 neque
594 468 694 537 lucem,
713 488 800 543 neque
815 473 909 527 salutis

107 567 186 625 spem
202 556 303 612 babent
316 558 444 628 aliquam.
457 558 513 613 Nec
524 567 611 613 tumeo
629 559 655 614 iu
670 560 776 616 iuleruo
788 560 909 616 ioli-,riori

107 645 245 702 demersae
261 654 332 711 sunt,
349 646 448 718 quibus
467 655 527 718 post
547 647 656 720 aliquod
669 656 775 721 tempus
798 657 824 705 et
852 666 909 706 cre·

106 735 166 805 ptio
180 749 197 789 a
211 736 363 790 demonum
378 737 515 805 comitatu,
528 747 554 793 et
579 738 736 809 poenitentia
764 740 852 796 levior
880 741 908 795 iu

104 821 177 879 locis
195 823 258 878 aliis
274 824 437 896 indulgetur.

143 913 243 985 Agitur
260 912 322 967 item
338 913 465 986 purgatio
479 913 643 981 animarum,
657 933 717 986 qum
727 917 771 971 rel
782 916 843 971 vitre
853 932 907 974 me·

104 1000 171 1058 rito.
183 1002 227 1056 vel
240 1002 475 1058 commendatione
492 1003 620 1060 fidelium.
635 1005 674 1060 iel
686 1005 908 1061 beatissimorum

104 1098 284 1160 patronorum
301 1091 457 1146 interventu
473 1091 564 1164 quieta
580 1094 746 1164 purgationis
768 1111 822 1150 suae
849 1095 909 1150 loca

104 1178 305 1249 adipiscuntur.
320 1178 421 1234 ilerum
441 1196 499 1236 sois
528 1182 685 1238 beatissima
711 1193 761 1252 est,
791 1184 854 1256 quia
883 1193 908 1240 et

105 1282 173 1336 spes
208 1267 311 1331 salutis,
324 1276 351 1323 et
365 1268 483 1324 visitatio
515 1270 641 1343 angelica
666 1287 715 1338 pro
731 1280 861 1341 tempore,
882 1280 909 1328 et

107 1356 153 1410 lux
169 1355 209 1410 cis
224 1371 278 1410 non
292 1356 377 1411 deest.
394 1358 507 1424 animae,
522 1376 638 1430 quarum
662 1359 728 1415 lelix
751 1360 908 1430 poeuiteutia

106 1452 159 1508 est,
177 1444 243 1516 qula
256 1445 316 1500 sine
330 1446 499 1502 daemouibus
520 1448 619 1521 agitur,
634 1465 695 1505 cuni
722 1465 771 1504 nec
796 1465 842 1505 ees
870 1450 909 1504 ri·

105 1528 182 1599 dent,
198 1549 250 1588 nec
264 1533 300 1588 ab
314 1534 355 1588 cis
371 1535 536 1603 territantur,
553 1539 707 1606 suspicetur
720 1538 818 1610 aliquis
834 1538 908 1609 quod

105 1622 269 1694 patiantur?
284 1622 447 1695 E'xpenduut
462 1625 558 1681 omnia
578 1643 638 1697 quae
666 1635 781 1699 egerunt
808 1627 833 1681 iu
860 1629 909 1685 hac

965 469 1136 541 exigentibus
1153 472 1271 540 peccatis
1286 471 1408 525 damnari
1424 471 1574 537 debuisset,
1592 473 1648 539 ejus
1676 475 1762 529 inter-

966 567 1045 613 ueutu
1061 559 1275 630 placatojudice
1304 559 1374 615 felici
1400 562 1567 630 peonitentiae
1593 570 1620 616 et
1648 565 1762 634 placiilae

964 648 1120 721 purgationi
1136 647 1239 718 absque
1254 647 1408 703 clarmouuiii
1424 649 1534 704 iucursu
1569 649 1684 706 traditas
1713 661 1762 709 est.

1002 736 1075 791 dlter
1095 752 1160 791 vero
1176 747 1287 807 propter
1302 737 1388 790 auiuii
1409 737 1451 790 sui
1479 739 1674 806 impatientiam
1703 741 1764 797 loco

965 842 1024 890 suo,
1056 825 1082 879 id
1110 834 1151 879 est
1179 825 1295 895 putroui,
1326 825 1443 896 praetulit
1468 826 1549 880 alium
1579 829 1698 884 seruiens
1727 831 1764 884 ibi

965 914 1032 980 bio,
1050 922 1210 968 nontamen
1228 913 1425 982 culpaeduceus
1447 924 1572 970 sanctum
1599 935 1764 990 quemquam

964 1002 1229 1074 praelerrepatrouo.
1254 1003 1381 1058 Excessit
1406 1020 1454 1058 suo
1481 1012 1604 1075 tempore
1638 1014 1665 1061 et
1693 1007 1762 1078 ipse,

965 1092 1010 1162 qui
1027 1091 1201 1160 procacitatis
1216 1090 1325 1162 quidem
1342 1091 1441 1163 linguae
1466 1092 1534 1147 iuter
1558 1103 1664 1161 caetera,
1689 1113 1761 1168 reus,

964 1181 1010 1234 sed
1027 1179 1098 1251 quod
1114 1196 1166 1249 pro
1181 1179 1281 1234 nichilo
1297 1180 1484 1250 deputaverat,
1502 1180 1544 1235 sui
1560 1183 1662 1254 proprii
1672 1182 1764 1240 delen·

965 1268 1044 1323 sione
1058 1268 1165 1340 patroni
1183 1268 1336 1336 destitutus,
1354 1268 1501 1339 deputatus
1516 1276 1558 1324 cst
1572 1287 1634 1326 curu
1647 1274 1762 1344 miseris,

964 1373 1079 1429 quoi-um
1121 1357 1286 1426 poenitentiae
1314 1373 1374 1411 sors
1403 1356 1568 1427 gravissima
1597 1359 1688 1431 agitur
1713 1362 1764 1419 sub

964 1445 1139 1500 inlestatioue
1168 1446 1329 1512 daemonica,
1357 1463 1541 1517 numerusque
1571 1463 1702 1505 annorum
1726 1451 1764 1506 illi

966 1534 1144 1607 prolongatus
1159 1542 1200 1589 cst
1215 1536 1341 1591 multum.

1002 1623 1076 1696 gvi.
1097 1625 1164 1678 Cum
1180 1625 1237 1679 brec
1252 1632 1277 1677 et
1293 1623 1347 1678 alia
1375 1623 1409 1678 de
1438 1624 1674 1682 distributionibus
1702 1627 1763 1683 ani-

104 1710 179 1765 icrra
194 1721 286 1766 contra
302 1712 416 1768 salutent
436 1729 522 1779 suam,
540 1731 600 1786 quae
624 1715 712 1769 miuus
738 1723 853 1788 egerunt
882 1717 908 1770 in
925 1744 951 1803 B
968 1728 1073 1766 uiarum
1088 1711 1228 1767 didicisset
1243 1712 1334 1777 trater,
1352 1712 1443 1783 magui
1460 1713 1581 1769 ductoris
1603 1717 1646 1769 sui
1669 1732 1766 1772 recor-

102 1798 216 1854 serrltio
236 1800 284 1855 Dei
304 1814 354 1871 per
373 1802 566 1876 negligentiam
585 1820 671 1859 suam.
694 1801 784 1871 Qiam
808 1805 906 1860 retient
966 1800 1050 1855 datus
1065 1809 1179 1855 secutus
1192 1809 1233 1855 est
1248 1810 1424 1871 praecuntem,
1440 1802 1627 1875 intellexitque
1641 1820 1766 1861 naucum

102 1888 135 1942 se
152 1888 330 1944 bisctruisse
346 1890 428 1955 vitiis,
443 1898 470 1946 et
483 1892 620 1946 obstitisse
636 1892 766 1948 omuibus
790 1894 908 1964 peccatis
963 1891 1053 1943 sotum
1070 1905 1139 1954 osso,
1154 1891 1200 1942 sod
1217 1905 1247 1943 So
1268 1898 1365 1958 tttaetot
1380 1905 1442 1944 eum
1458 1890 1561 1944 nullum
1573 1892 1676 1949 videte.
1703 1892 1767 1949 Erat

102 1976 186 2031 etiam
198 1977 771 2051 minimistquainvetleniomnitempore
805 1999 833 2037 se
863 2000 908 2038 as·
963 1989 1054 2031 auteiu
1072 1977 1108 2030 ibi
1122 1978 1231 2031 clai-itas
1248 1976 1376 2040 maxima,
1393 1977 1428 2031 ad
1443 1995 1524 2047 quani
1540 1978 1600 2047 ejus
1611 1996 1680 2049 pene
1699 1981 1768 2037 cali-

102 2065 191 2120 titisse
213 2066 313 2121 diriois
340 2068 467 2133 servitiis,
497 2086 548 2126 nec
573 2071 691 2126 detutsse
720 2071 815 2127 saltem
845 2073 910 2126 ullis
965 2064 1162 2138 gabataniuia.
1180 2067 1245 2121 Coto
1262 2074 1405 2138 ergoaute
1432 2082 1463 2120 so
1488 2069 1595 2121 betium
1624 2077 1766 2137 patronum

102 2155 270 2210 momentis!
287 2142 490 2229 Expenduniin
513 2160 583 2216 tame
612 2168 638 2216 ei
666 2161 707 2215 stri
724 2179 784 2232 quae
813 2162 911 2217 hicin-
965 2155 1078 2208 seutiret
1094 2156 1166 2222 (uam
1184 2154 1354 2226 frequentius
1367 2170 1428 2207 eum
1445 2154 1582 2209 sentiebat
1599 2172 1679 2226 quatu
1696 2157 1767 2212 uide·

109 2242 255 2300 duiscruut
272 2246 298 2299 iu
311 2247 381 2300 cibis
409 2255 436 2302 et
468 2249 576 2320 potibus
601 2249 779 2305 inserviendo
808 2251 909 2317 ventri,
965 2242 1031 2315 bat),
1047 2243 1203 2315 cogitationi
1219 2242 1279 2311 ejus
1294 2242 1387 2297 incidit
1403 2258 1526 2313 qumrere
1541 2243 1576 2297 ab
1591 2259 1624 2299 eo
1638 2245 1673 2300 de
1696 2261 1766 2302 coa·

102 2333 204 2404 quibus
217 2334 337 2389 solutum
349 2342 390 2391 est
419 2337 556 2391 viiiculum
571 2338 677 2393 timoris
694 2339 752 2404 Dei,
769 2348 796 2392 ut
823 2338 911 2394 laxata
965 2342 1044 2387 ceutu
1059 2331 1130 2396 ooest,
1148 2348 1181 2386 au
1197 2331 1290 2386 tollite
1306 2340 1397 2401 POSStt
1412 2333 1484 2400 qUOd
1505 2331 1609 2402 legerat
1630 2331 1655 2387 iu
1671 2333 1767 2406 Sortit-

105 2431 173 2476 sunt
196 2421 273 2477 frena
302 2425 392 2480 noxiae
420 2425 561 2497 voluptati,
589 2426 754 2497 Expendunt
783 2427 809 2482 in
830 2429 915 2484 nimio
969 2420 1046 2474 turis.
1063 2421 1148 2490 Cujus
1164 2420 1327 2492 cogitationi
1345 2414 1514 2490 respondens
1530 2422 1770 2480 maximusductor

108 2509 216 2584 tergore
230 2526 291 2583 quae
320 2510 363 2566 tite
380 2522 543 2569 exarserunt
571 2515 707 2571 tueeuiiio
724 2516 799 2588 igne.
820 2517 853 2571 ai
883 2525 916 2571 ui
968 2510 1025 2563 uit:
1047 2531 1057 2557 u
1076 2509 1196 2574 Sustine,
1212 2508 1303 2572 trater,
1332 2509 1404 2580 quod
1435 2509 1547 2580 queris,
1574 2510 1768 2582 imaginabitur

106 2599 204 2669 paucis
223 2600 538 2671 plurimaadiertantur,
566 2605 713 2658 exsolvunt
741 2605 915 2675 passionibus
968 2597 1016 2652 tilii
1032 2594 1276 2667 paulisper.»Qui
1292 2604 1455 2663 exspectaus
1471 2597 1632 2663 promissam
1656 2599 1768 2656 barmo-

104 2688 226 2744 dirersis
241 2705 407 2763 quaecunque
422 2691 465 2746 hic
491 2702 673 2764 peceaverunt
697 2692 838 2749 aflectibus
858 2694 916 2748 itti.
968 2687 1048 2749 niam,
1067 2686 1131 2740 uidit
1148 2695 1208 2741 aute
1223 2686 1315 2740 oculos
1330 2693 1448 2740 erectam
1460 2686 1606 2741 maximam
1620 2689 1768 2758 splirerain.

102 2777 178 2833 citis,
196 2779 341 2848 ,Ruspinam
356 2779 427 2850 quod
455 2797 508 2835 non
540 2781 717 2837 admittuntur
745 2782 914 2854 contempla·
968 2776 1031 2829 Erat
1048 2784 1138 2829 alitem
1152 2775 1252 2829 coloris
1276 2774 1360 2839 attrei,
1391 2789 1445 2828 non
1472 2774 1541 2831 adeo
1570 2776 1697 2846 rotunda,
1721 2778 1770 2836 sod

104 2866 176 2921 tioui
194 2866 304 2930 divium,
322 2870 634 2934 cuicumdebuissent.
665 2872 843 2942 neglexerunt
871 2873 915 2925 iii·
969 2863 1053 2935 longo
1069 2872 1095 2917 et
1110 2863 1224 2927 ttttotilis
1241 2864 1317 2931 cuius
1334 2863 1496 2934 magnitudo
1511 2872 1569 2918 erat
1596 2865 1675 2936 quasi
1706 2866 1770 2922 lon·

103 2954 683 3028 baerere.[ludenunecumpaisjonesua
710 2976 758 3015 eas
783 2960 916 3028 afficiunt,
967 2951 1229 3024 gituiioetlutitiulo
1258 2951 1372 3020 alicujus
1392 2951 1505 3005 maximi
1535 2952 1639 3023 templi,
1669 2963 1768 3026 praetei·

103 3045 218 3099 interim
240 3045 509 3116 acoutemplutiouis
524 3046 667 3103 dulcedine
682 3049 740 3102 suis
755 3049 913 3104 amaritudi·
968 3040 1081 3111 qttoditt
1113 3040 1214 3110 templo
1243 3040 1406 3109 quadratura
1434 3047 1475 3094 ost
1509 3057 1562 3094 11⁰⁰
1589 3042 1763 3100 rotunditas:

102 3133 189 3188 nibus
203 3135 350 3195 retrabunt.
363 3134 467 3205 iraeque
485 3136 533 3190 Dei
550 3153 599 3192 eas
616 3146 719 3209 coguut
739 3139 854 3209 experiri
865 3138 908 3192 lla-
969 3146 1030 3199 ttttae
1049 3128 1201 3182 rotunditas
1213 3129 1274 3183 licet
1289 3129 1371 3200 duple
1396 3127 1503 3197 longior
1526 3144 1606 3199 quam
1632 3129 1710 3188 latior
1738 3134 1768 3190 in

102 3221 224 3295 gellam.
245 3222 312 3278 Sunt
331 3240 399 3295 ergo
414 3225 495 3289 oculi,
511 3226 538 3278 id
554 3235 594 3281 esi
624 3228 789 3282 intentiones
818 3242 912 3282 eurum
969 3215 1586 3290 iilaere‘estisurbiseffigiationeapparebat,
1606 3219 1768 3278 volvebatur

102 3312 138 3366 sd
154 3310 299 3366 Dominum
319 3312 403 3366 Deum
418 3329 506 3378 suum,
521 3313 607 3370 donec
621 3316 796 3379 misereatur,
814 3323 841 3371 ei
867 3316 909 3369 vi.
967 3305 1106 3361 celeritate
1122 3308 1228 3379 grandi.
1245 3306 1287 3361 De
1302 3306 1382 3375 cujus
1397 3304 1640 3373 iulertoriverlice,
1657 3310 1770 3380 quierat

102 3398 570 3475 sitatioueangeiicesoliatcasa
597 3405 723 3474 passione
745 3420 803 3459 sua.
824 3404 910 3460 Beetae
967 3395 1078 3449 acclinis
1093 3396 1156 3465 polo
1181 3394 1306 3464 australi,
1338 3409 1467 3448 resonare
1494 3404 1637 3465 coeperunt
1666 3400 1769 3457 voculae

101 3488 293 3543 enimeniuite
313 3505 374 3560 quae
403 3491 577 3559 passionibus
599 3501 702 3555 carent.
732 3501 760 3549 ct
783 3510 845 3564 quoe
875 3492 910 3547 ad
965 3485 1049 3539 niodo
1061 3483 1176 3538 uiirubili
1192 3484 1269 3553 quusi
1286 3484 1320 3537 da
1335 3481 1433 3536 tistulis
1448 3482 1521 3547 teris,
1538 3484 1560 3537 si
1578 3483 1648 3539 forte
1666 3502 1766 3543 conso-

101 3576 205 3644 Deum,
226 3576 272 3648 qui
294 3584 335 3632 est
362 3576 424 3633 lons
452 3579 524 3643 vitae,
554 3580 656 3646 sitiunt,
674 3582 908 3653 quemadmodum

101 3664 244 3721 desiderat
263 3681 363 3721 cairus
378 3667 412 3722 ad
430 3667 516 3723 lentes
531 3673 682 3740 aquarum!

138 3752 293 3809 Miserrime
308 3763 400 3810 autem
414 3757 584 3827 excipiuntur
608 3759 716 3828 auimae,
732 3775 793 3831 quae
818 3767 908 3829 patro·

100 3854 155 3898 nos
171 3856 246 3907 suos,
264 3842 364 3914 quibus
384 3844 411 3897 in
440 3844 491 3900 bac
507 3846 560 3900 uita
588 3847 631 3901 vel
661 3848 816 3903 commissae
844 3850 906 3902 suut

101 3930 146 3988 'rei
163 3947 195 3987 se
225 3933 433 3999 cominiserunt,
450 3948 499 4005 pro
514 3935 612 4005 quavis
627 3936 785 4001 occasione,
803 3945 831 3990 ut
846 3944 909 3991 sunt

100 4018 189 4076 inlini
212 4020 354 4075 bominum
383 4037 438 4077 uon
464 4039 514 4095 pro
543 4022 665 4094 perlecta
689 4025 907 4092 couversatione,

100 4108 295 4176 deseruerunt,
308 4112 426 4179 quiaaut
437 4110 607 4167 daemonibus
616 4118 832 4179 committuntur,
842 4113 907 4168 dnm

100 4197 214 4269 proprii
230 4198 336 4268 patroni
355 4206 451 4255 carent
478 4200 640 4266 iuterventu,
657 4210 706 4256 aut
734 4203 757 4256 si
786 4203 908 4271 pai-citur

100 4286 154 4353 eis.
171 4286 327 4344 daemonum
352 4294 443 4342 tamen
462 4290 695 4357 persecutiouibus
720 4299 902 4360 exponuntur.

137 4377 191 4432 tssi
204 4384 297 4432 autem
314 4377 376 4432 talis
390 4378 544 4447 persecutio
559 4393 663 4445 eorum,
684 4393 712 4433 ut
729 4379 791 4434 licet
801 4379 906 4434 miseris

965 3580 1061 3626 nareut
1075 3572 1235 3643 cytbaraedis
1262 3570 1491 3641 cytharizantibus
1511 3571 1540 3625 iu
1559 3572 1680 3643 cytharis
1696 3575 1766 3632 suis.

1000 3661 1033 3715 lit
1049 3677 1110 3716 cuui
1123 3661 1185 3715 buic
1200 3660 1341 3715 concentui
1364 3659 1492 3730 paulatim
1504 3656 1629 3715 reboanti
1645 3662 1766 3719 delecta-

963 3750 1053 3806 biliter
1067 3750 1228 3816 intenderet,
1249 3758 1359 3820 reperite
1375 3765 1391 3804 a
1406 3747 1541 3818 superiori
1572 3749 1673 3808 veitice
1703 3753 1765 3809 rol-

965 3840 1052 3896 t‘entis
1074 3843 1186 3909 spltaerae
1205 3839 1307 3894 similes
1320 3838 1396 3893 reddi
1412 3845 1552 3908 coeperuut
1579 3855 1672 3895 voces.
1690 3842 1764 3900 Cen-

964 3929 1176 4001 souabautergo
1188 3945 1267 3983 voees
1282 3928 1394 3983 vocibus
1407 3926 1580 3984 coriticieutes
1591 3932 1763 4002 concentum,

963 4013 1070 4089 qualem
1087 4034 1139 4072 nou
1156 4025 1268 4088 possuut
1282 4018 1417 4072 {estimare
1437 4016 1482 4071 vel
1506 4016 1627 4088 cogitare
1658 4027 1764 4078 mentes

962 4105 1113 4160 hotuiauiii.
1130 4106 1250 4176 Cumque
1269 4104 1446 4177 conjubilatio
1465 4102 1510 4159 itta
1525 4105 1656 4174 paulatini
1672 4107 1762 4164 resul-

962 4202 1039 4262 taret,
1056 4203 1082 4248 et
1094 4196 1185 4248 anima
1202 4210 1261 4266 quta
1277 4195 1348 4249 banc
1370 4192 1495 4248 auiliebut
1514 4192 1644 4248 ineflabili
1664 4192 1761 4255 affectu

963 4283 1021 4353 rapi
1036 4283 1173 4352 coepisset,
1191 4290 1301 4349 repente
1317 4291 1466 4351 praereptus
1476 4296 1561 4336 sonus
1576 4289 1602 4336 et
1617 4282 1761 4354 spbaeralis

962 4369 1067 4443 efligies
1084 4371 1214 4426 conticuit
1229 4386 1261 4426 ac
1276 4369 1417 4440 disparuit.

99 4464 247 4522 animabus
262 4480 318 4521 nou
333 4474 433 4537 queaut
446 4464 547 4521 inferre
562 4467 719 4532 cruciatum,
736 4484 791 4523 uon
813 4468 903 4523 desis·
919 4448 944 4508 D
997 4459 1136 4513 Piissimus
1151 4459 1242 4530 itaque
1257 4457 1478 4513 tlt10¹0tst³¹t0ffl
1494 4475 1686 4532 regressumm
1698 4462 1760 4518 allo·

98 4556 161 4609 taut
175 4562 266 4609 umen
281 4553 321 4610 eis
331 4554 437 4610 aulcrre
452 4571 561 4611 omnem
577 4557 674 4628 quictis
685 4558 773 4612 locum
803 4557 844 4612 vel
873 4557 901 4612 in

99 4651 176 4698 teria
191 4642 234 4698 rel
253 4643 281 4697 iu
296 4645 370 4709 mari,
388 4643 431 4698 vel
446 4659 494 4714 per
508 4645 580 4699 aeris
595 4648 723 4715 spatium.
740 4645 901 4702 Desideraiit

99 4731 200 4786 auimae
215 4732 249 4786 ad
266 4731 456 4803 purgationem
471 4734 499 4787 in
528 4735 578 4788 hac
606 4743 680 4789 terra
707 4735 799 4801 positae
826 4734 899 4788 diiii-

99 4836 166 4875 num
181 4821 307 4875 sitienter
319 4836 352 4876 au
363 4819 411 4875 lire
437 4823 589 4885 servitium,
606 4823 703 4894 quibus
720 4822 797 4878 dolor
826 4823 899 4877 into-

99 4908 224 4963 lerabilis
238 4916 289 4972 est,
304 4907 522 4974 cumiulestetio,
539 4911 581 4964 rel
598 4910 687 4977 timor,
703 4910 746 4966 rel
766 4910 899 4967 insecutio

99 4997 257 5053 tlaemonum
272 5004 328 5052 tam
342 4994 453 5054 salabre
466 5012 565 5054 earum
593 4998 760 5054 contundunt
787 4999 898 5055 deside·

104 5086 187 5141 rium.

135 5182 153 5257 ξ
168 5182 203 5240 V.
224 5184 263 5239 lle
277 5183 384 5241 duobus
394 5184 534 5240 monachis
547 5184 629 5240 frater
643 5184 716 5240 idem
730 5185 821 5239 datum
848 5200 901 5241 au-

101 5281 170 5337 dirit
181 5284 348 5352 coemptum,
364 5297 399 5337 ue
413 5284 477 5356 qais
492 5283 589 5339 leviter
602 5282 683 5338 ducat
696 5282 834 5353 proprium
850 5298 902 5339 nou

102 5379 204 5437 babere
217 5388 375 5452 patronatu.
391 5382 465 5437 Unus
478 5396 571 5437 eurum
591 5381 733 5438 subitanea
748 5388 773 5436 et
798 5384 903 5450 impic-

102 5476 164 5533 visa
176 5481 266 5537 morte
277 5486 434 5548 praeuentus
452 5476 486 5532 ad
506 5477 640 5547 iudicium
654 5487 693 5534 est
717 5485 827 5548 raptus;
857 5478 903 5549 qui

102 5573 229 5645 quamvis
241 5570 386 5631 lubricitati
400 5571 536 5629 obnoxius
554 5573 646 5638 luerit,
671 5573 782 5631 maximi
814 5573 904 5630 amsii

959 4565 1043 4619 quens
1059 4549 1095 4602 ait
1109 4567 1114 4602 :
1130 4571 1140 4595 u
1158 4549 1224 4603 Esto
1245 4548 1281 4602 tui
1304 4548 1446 4610 sollicitus,
1469 4555 1495 4602 et
1524 4547 1612 4603 desita
1642 4552 1759 4620 opprimi

957 4637 1047 4691 uiuiiis
1076 4637 1312 4707 occupationibus,
1344 4637 1396 4691 uisi
1412 4635 1447 4691 sit
1468 4653 1551 4692 causa
1581 4638 1755 4695 ineuitabilis.

957 4726 1067 4794 Quodsi
1085 4726 1207 4796 injuncta
1218 4727 1306 4798 possis
1317 4735 1391 4781 recte
1402 4727 1523 4797 exsequi.
1535 4726 1758 4797 praemissasem-

957 4814 1199 4885 persollicitudiue
1228 4814 1311 4869 divini
1340 4814 1452 4881 servitii,
1470 4814 1541 4870 bene
1572 4823 1661 4871 tecum
1688 4819 1753 4874 erit.

957 4904 1023 4958 Cuiu
1039 4904 1188 4958 dczccudes
1204 4903 1376 4973 perspatium
1387 4904 1471 4972 aeris,
1491 4904 1558 4959 side
1573 4904 1754 4976 ductoretuo,

957 4992 1002 5047 ubi
1018 4994 1063 5058 sit,
1079 4993 1236 5064 requireris,
1253 4993 1398 5064 responde,
1415 4992 1486 5061 quod
1502 5002 1614 5048 sauctus
1630 4996 1754 5052 Lauren·

958 5091 1010 5145 tius
1024 5090 1120 5145 ductor
1135 5099 1196 5144 tuus
1208 5089 1261 5143 sit:
1277 5097 1303 5143 et
1317 5088 1339 5142 si
1351 5086 1490 5143 daemones
1506 5096 1531 5144 te
1543 5097 1647 5146 terrere
1662 5107 1755 5163 coepe-

958 5188 1011 5242 rint
1021 5187 1080 5242 suis
1094 5185 1252 5258 phantasiis,
1278 5187 1336 5254 eius
1356 5200 1456 5242 nomen
1481 5184 1508 5241 in
1524 5186 1621 5243 laciem
1637 5188 1756 5245 inclama

959 5285 1020 5342 illis.
1039 5309 1050 5334 i
1067 5285 1115 5340 llis
1130 5283 1209 5339 dictis
1221 5283 1363 5354 disparuit.

992 5382 1009 5455 g
1024 5383 1080 5438 Vll.
1096 5383 1154 5436 tam
1169 5382 1309 5453 paululum
1324 5391 1443 5438 semotus
1459 5383 1542 5438 frater
1555 5396 1650 5439 versus
1665 5383 1758 5441 oden·

959 5485 1014 5534 tem
1037 5477 1162 5544 intendit,
1190 5476 1313 5548 viditque
1343 5477 1449 5548 equites
1477 5481 1757 5550 econtravenientes,

960 5575 1102 5648 respondit
1115 5575 1141 5631 ei
1156 5573 1246 5631 statim
1269 5575 1402 5651 cegitatio
1418 5575 1490 5648 qitotl
1503 5583 1612 5634 sanctus
1622 5574 1761 5634 nauitbits
