3728 6000
145 209 196 266 bid

662 192 854 255 ootttttttu
881 193 1025 252 aooatts
1041 194 1072 256 S.
1101 194 1319 257 rueoooutot

1743 197 1799 259 tlt

144 334 355 385 memoratorum
389 322 583 381 beneficiorum
617 320 789 392 magnitudo.
825 343 835 367 ιι
865 319 943 389 Quis,
958 324 1053 382 Aaou
1069 320 1186 393 diligere
1202 322 1302 390 Deum;
1320 319 1392 392 quod
1409 319 1476 375 nihil
1490 329 1530 376 εει
1544 319 1628 387 aliud,
1646 336 1728 392 quam
1743 323 1795 376 uli-

144 418 240 487 iuquit,
257 431 306 471 uos
329 413 465 484 separabit
491 427 507 466 a
531 411 661 466 charitate
686 408 745 479 Dei,
762 425 824 480 quaa
853 415 893 463 est
921 407 950 462 ia

142 506 249 561 Christo
274 507 338 559 lesu
367 502 482 556 Domino
511 502 656 555 nostrat»
681 499 713 553 ln
742 497 810 553 Filio
840 497 945 567 quippe

142 602 250 650 amatur
264 594 350 660 Pater,
368 591 394 646 io
412 589 491 660 cujus
513 604 598 658 opere
620 587 952 657 charitasejuscomuien·

143 682 232 738 detur.
259 681 335 738 Unde
357 686 383 735 ει
406 678 468 733 alibi
493 675 594 731 «lilius
615 676 753 733 eharitatis
778 699 789 723 ι
816 674 876 743 ejus
898 688 951 744 ap·

145 772 263 845 pellatur
290 769 361 841 (Col.
386 772 417 837 r).
439 766 493 837 Qui
514 782 580 838 ergo
598 765 679 821 habet
701 781 809 819 sensunr
838 763 950 828 amoris,

143 861 275 931 intelligat
299 859 383 914 verba
410 856 538 911 amantis.
570 853 651 922 Quis,
681 853 779 926 inquit,
796 852 875 922 cujus
899 868 951 923 po-

147 949 250 1013 lentim,
268 947 345 1016 cujus
360 945 489 1012 scientiar,
506 952 532 998 et
558 943 675 1008 astutia,
692 957 743 997 nos
766 941 952 1011 praedestina-

148 1046 191 1093 tos
207 1043 329 1100 vocatos,
344 1033 517 1105 justilioatos,
532 1031 714 1104 glorificatos,
731 1029 870 1102 separabit
883 1043 952 1084 con-

149 1126 220 1190 silio,
244 1123 382 1194 separabit
409 1119 578 1192 eremplo‚a
610 1119 740 1175 charitate
769 1119 829 1185 Dei,
859 1134 874 1172 a
900 1116 953 1172 lide

150 1214 244 1280 amati,
260 1213 295 1267 ab
310 1227 401 1266 amore
417 1209 534 1266 crediti?
551 1231 561 1255 ιι
581 1207 647 1277 Qua
662 1215 702 1262 est
715 1206 743 1261 iu
765 1205 871 1261 Christo
888 1204 953 1260 Jesu

150 1302 268 1360 Domiuu
284 1307 387 1364 nostro,
405 1324 416 1347 ιι
434 1316 450 1354 ε
465 1313 519 1369 quo
533 1297 593 1369 regi
608 1310 741 1362 eruamus,
759 1295 859 1351 saivari
883 1310 953 1367 gau-

151 1391 256 1456 demus,
274 1390 317 1445 cui
334 1389 358 1442 in
376 1387 471 1458 spiritu
493 1394 585 1441 nostro
607 1385 754 1440 servimus.
769 1384 831 1439 Non
855 1383 954 1439 inaen-

153 1489 196 1535 tus
212 1486 263 1546 est,
280 1482 339 1549 quis
356 1497 361 1531 z
380 1477 520 1546 quaeritur,
536 1474 613 1544 quid.

191 1568 426 1622 sensatae-t
437 1563 595 1630 Tribulatio,
604 1578 636 1617 au
647 1563 776 1633 angustia
786 1584 797 1609 ιι
809 1563 837 1615 ιε
846 1559 951 1630 anima;

1005 408 1069 481 quid
1079 408 1103 464 ei
1118 410 1146 463 ln
1160 408 1301 481 diligendo
1316 416 1342 464 ει
1366 407 1505 480 sequendo
1528 424 1697 482 praeponere.
1714 408 1803 465 Nemo

1005 493 1068 551 inde
1083 513 1132 553 nos
1145 505 1254 568 separet
1265 496 1420 567 pollicendo
1436 498 1518 554 uitam
1533 496 1596 569 quia
1610 514 1692 554 nemo
1707 514 1725 554 a
1738 498 1802 553 sou-

1006 593 1031 640 te
1046 592 1154 656 separat
1166 585 1320 657 pollicendo
1335 602 1442 656 aquam.
1462 586 1524 642 Nou
1541 595 1651 657 separet
1674 586 1801 660 angelus,

1007 673 1070 746 quia
1085 691 1145 728 curn
1167 674 1329 730 inhaeremus
1353 675 1423 742 Deo,
1439 690 1493 731 nou
1516 682 1556 731 est
1575 674 1692 748 angelus
1712 683 1804 731 mente

1006 768 1096 818 nostra
1111 762 1256 833 potentior.
1274 764 1334 819 Nou
1351 772 1458 835 separet
1473 763 1566 832 virtus,
1583 764 1648 836 quia
1669 764 1692 819 si
1719 765 1806 819 virtus

1008 851 1051 906 hic
1072 852 1143 906 dieta
1164 859 1287 923 estque
1314 850 1431 924 aliquam
1461 860 1620 924 potestatem
1648 853 1675 907 iu
1703 851 1806 908 mundo

1007 944 1089 1008 tenet,
1106 944 1163 995 toto
1178 939 1279 995 mundo
1303 941 1413 995 omniuo
1437 942 1560 1012 superior
1588 949 1630 996 est
1656 957 1734 997 mens
1762 941 1807 995 iu-

1008 1017 1114 1083 haerens
1129 1026 1199 1084 Deo.
1217 1028 1245 1084 Si
1260 1044 1325 1084 vero
1340 1029 1385 1084 ille
1400 1030 1485 1084 virtus
1499 1030 1572 1086 dieta
1587 1039 1636 1100 est,
1652 1030 1809 1102 quaeipsius

1007 1115 1089 1171 animi
1104 1117 1191 1172 nostri
1207 1116 1358 1173 rectissima
1372 1116 1478 1174 allectio
1493 1126 1545 1186 est,
1562 1118 1586 1173 si
1601 1119 1627 1173 iu
1649 1119 1740 1190 aliquo
1757 1126 1807 1186 est,

1007 1204 1090 1271 lavet,
1107 1213 1136 1260 ει
1151 1205 1301 1279 conjungat
1317 1221 1366 1261 nos
1380 1208 1456 1274 Deo;
1474 1207 1496 1263 si
1518 1206 1547 1262 in
1572 1207 1651 1262 nobis
1676 1215 1716 1263 est
1737 1209 1809 1278 ipsa,

1008 1295 1235 1367 conjungitNon
1264 1302 1389 1365 separent
1415 1296 1547 1351 instantes
1574 1295 1715 1361 molestia,
1743 1296 1808 1366 quie

1007 1382 1061 1438 hoc
1077 1382 1196 1438 leviores
1212 1398 1260 1438 cas
1275 1383 1416 1454 scutimus,
1434 1399 1488 1456 quo
1509 1384 1533 1439 ei
1549 1401 1565 1439 a
1581 1401 1634 1457 quo
1658 1401 1708 1440 uos
1731 1401 1813 1455 sepa·

1006 1488 1069 1527 rare
1084 1473 1211 1536 nituntur,
1227 1472 1326 1528 arctius
1342 1473 1517 1529 iohaeremus.
1534 1475 1594 1529 Non
1615 1484 1724 1544 separet
1738 1488 1809 1542 pro-

1007 1559 1103 1615 missio
1128 1559 1289 1628 futurarum,
1313 1561 1378 1632 quia
1401 1568 1427 1616 et
1450 1561 1581 1633 quidquid
1600 1562 1664 1616 boni
1689 1561 1811 1616 loturum

156 1656 304 1712 ‹lanrcsan
318 1655 423 1709 nuditas
435 1677 445 1701 ι
456 1654 483 1707 ιε
497 1668 613 1722 corpore
624 1669 630 1719 ;
643 1675 653 1699 ι
665 1651 814 1721 perieulum
825 1676 835 1698 ι
845 1652 953 1720 mortis,
969 1679 996 1740 B
1011 1656 1058 1715 cst,
1072 1650 1205 1720 promittit
1218 1650 1308 1716 Deus,
1325 1658 1351 1705 et
1366 1649 1434 1705 nihil
1447 1659 1488 1706 cst
1503 1650 1562 1722 ipso
1576 1651 1634 1706 Deo
1645 1649 1753 1717 melius,
1765 1649 1815 1722 qui

154 1761 190 1802 en
219 1744 346 1802 occidens
376 1767 386 1792 ιι
402 1741 616 1812 gladiuslSicut
647 1741 778 1811 scriptum
806 1747 867 1795 est:
886 1738 956 1808 Quia
1009 1739 1067 1809 jam
1083 1737 1208 1809 prolecto
1224 1738 1275 1792 sibi
1293 1738 1487 1794 inhaerentibus
1501 1740 1815 1811 praescnsest.«Neque

156 1839 267 1906 proptor
288 1841 313 1887 te
335 1829 530 1887 mortificamur
557 1837 612 1884 tola
637 1829 698 1883 die:
716 1828 841 1884 aestimati
863 1844 958 1883 sumus
1012 1825 1148 1895 fortitudo,
1165 1843 1253 1897 neque
1274 1827 1396 1894 altitudo,
1413 1844 1503 1900 neque
1527 1828 1698 1899 proluudum.
1716 1850 1727 1876 ι
1747 1827 1816 1883 Sunt

155 1931 183 1978 ut
198 1939 264 1978 ores
278 1919 434 1976 occisionis.
454 1943 464 1966 ι
481 1920 542 1974 Νοε
568 1917 653 1973 semel
677 1917 829 1973 occidimur
849 1924 875 1972 ει
897 1933 959 1972 mo·
1014 1923 1038 1970 et
1051 1915 1077 1969 iu
1093 1914 1264 1986 philosophis
1286 1916 1369 1985 hujus
1391 1916 1487 1971 muudi
1509 1915 1613 1972 lortitcr
1634 1915 1814 1988 disputantes,

155 2013 258 2075 rimur;
283 2009 331 2066 sed
353 2017 407 2063 tota
428 2008 489 2077 die;
507 2007 533 2061 id
559 2014 610 2073 est,
633 2006 736 2075 absque
759 2004 960 2061 intermissione
1015 2003 1069 2059 alte
1107 2003 1255 2075 sapientes,
1294 2002 1428 2075 profunda
1465 2005 1603 2069 rimantes,
1631 2004 1816 2076 simpliciores

154 2090 345 2156 afflictionibus
362 2104 388 2150 ει
404 2095 543 2151 tormentis
558 2092 765 2161 irrortilieamur,
783 2092 871 2163 parati
892 2093 960 2147 dare
1014 2107 1139 2163 quosque
1152 2108 1225 2162 saepe
1238 2099 1401 2148 attententes
1416 2109 1576 2166 separares
1599 2093 1730 2150 charitate
1755 2093 1815 2160 Dei,

156 2205 206 2261 pro
223 2189 282 2260 lege
296 2203 351 2242 non
365 2192 457 2241 nostra
481 2192 595 2249 tautum,
613 2182 661 2236 sed
675 2191 701 2236 ει
721 2196 771 2236 εεε
787 2181 871 2251 ipsos,
894 2180 962 2235 sicut
1015 2196 1074 2251 quar
1088 2180 1170 2236 estin
1186 2180 1298 2237 Christo
1314 2180 1430 2237 Domino
1445 2191 1546 2238 nostro.

156 2278 215 2332 ovis
230 2274 387 2340 occisionis,
404 2275 486 2343 cujus
503 2287 557 2327 non
572 2271 614 2326 lae
626 2268 669 2327 vel
684 2269 757 2337 iana,
774 2270 824 2324 sed
849 2269 902 2325 vita
916 2285 961 2325 re·
1322 2269 1439 2327 CAPUT
1457 2273 1506 2327 iii.

160 2364 285 2436 quiritur.
301 2362 373 2431 Quid
388 2370 478 2415 autem
498 2361 609 2426 mirum,
623 2359 645 2412 si
666 2358 767 2429 patitur
788 2365 892 2429 martyr
913 2372 962 2428 pro
1053 2359 1135 2414 Vens.
1163 2360 1264 2413 t-5.-
1292 2358 1469 2416 «Veritatem
1491 2360 1552 2417 dico
1576 2360 1603 2414 in
1628 2359 1747 2427 Christo,
1763 2377 1817 2417 non

156 2455 214 2509 Deo
229 2469 278 2507 suo
294 2451 366 2524 quod
382 2450 480 2522 patitur
493 2465 590 2505 avarus
606 2463 656 2518 pro
671 2448 820 2502 aurosuo‘?
846 2447 963 2502 Extribet
1016 2447 1147 2516 mentior,
1173 2448 1355 2503 testimonium
1382 2449 1449 2503 mibi
1470 2449 1628 2520 perhibente
1649 2450 1818 2506 conscientie

159 2542 231 2598 enim
258 2557 287 2595 εε
308 2555 407 2595 avarus
431 2538 512 2592 maris
533 2536 662 2608 periculo,
676 2544 704 2592 et
725 2535 790 2592 dicit
804 2551 869 2591 auro
885 2550 958 2590 suo:
1016 2551 1078 2590 mea
1100 2536 1126 2590 iu
1153 2535 1254 2606 Spiritu
1277 2544 1382 2605 sancto,
1399 2538 1529 2610 quoniam
1552 2539 1661 2594 tristitia
1685 2545 1729 2594 εει
1751 2538 1816 2592 mihi

159 2631 272 2700 Propter
294 2636 321 2683 le
344 2627 491 2682 nmrtilroor
513 2633 569 2682 tota
592 2625 650 2681 die.
669 2625 785 2680 Exhibet
808 2642 836 2679 so
860 2631 963 2696 martyr
1017 2640 1128 2697 magna,
1145 2633 1170 2680 et
1198 2623 1341 2681 continuus
1370 2626 1448 2682 dolor
1476 2627 1554 2682 cordi
1579 2643 1650 2683 nico.
1677 2626 1816 2700 Optabam

160 2718 300 2775 tormentis
316 2724 342 2771 et
357 2715 457 2788 gia-lio,
484 2722 511 2769 et
525 2714 589 2770 dicit
618 2715 675 2769 Deo
703 2730 753 2769 suo
771 2729 777 2767 :
795 2714 908 2784 Propter
937 2722 963 2769 te
1018 2713 1089 2767 enim
1106 2728 1158 2784 ego
1174 2712 1231 2785 ipse
1247 2715 1390 2770 anathema
1406 2714 1616 2769 esseaChristo
1627 2731 1676 2785 pro
1688 2715 1818 2770 iratribus

159 2806 304 2862 mortiliror
320 2813 371 2858 totu
387 2804 442 2859 die.
460 2805 516 2857 Vox
532 2801 638 2869 similis,
653 2802 702 2857 sod
718 2817 799 2858 causa
814 2801 962 2856 dissimilis.
1018 2801 1097 2869 meis,
1111 2801 1157 2871 qui
1171 2810 1233 2856 sunt
1254 2803 1360 2875 cognati
1385 2803 1438 2860 mci
1463 2804 1613 2860 secuudum
1632 2820 1757 2873 caruem,
1774 2803 1819 2876 qui

160 2896 214 2951 istc
233 2896 350 2957 Christe,
384 2893 430 2948 illc
459 2908 533 2947 auro.
575 2892 749 2962 Respondeat
777 2890 886 2962 martyri
914 2905 964 2945 suo
1018 2898 1083 2944 suut
1112 2891 1259 2960 israelitae;
1285 2908 1398 2963 quorum
1428 2892 1537 2963 adoptio
1562 2900 1601 2947 cst
1629 2891 1760 2960 filiorum,
1794 2900 1820 2949 et

104 2998 107 3003 ·
162 2981 352 3041 Christus:Si
369 2982 486 3037 moreris
515 2987 628 3052 propter
654 2996 709 3046 me,
744 2981 867 3036 iuvenies
906 2995 960 3034 mc.
1018 2978 1118 3052 gloria,
1135 2986 1160 3034 ει
1175 2988 1377 3048 testamentum,
1393 2987 1422 3037 et
1436 2981 1583 3053 legislatio,
1600 2990 1625 3038 ει
1639 2982 1819 3053 obsequium,

160 3071 440 3144 Respondeatanrum
456 3085 540 3126 avaro
557 3089 563 3123 ι
581 3069 610 3124 Si
623 3068 738 3124 moraris
753 3084 801 3140 pro
816 3085 871 3136 me,
887 3075 914 3123 ot
936 3076 963 3123 te
1017 3077 1043 3123 et
1065 3068 1217 3139 promissn;
1245 3085 1360 3140 quorum
1383 3078 1483 3141 patres,
1510 3086 1543 3126 ex
1567 3071 1667 3144 quibus
1692 3071 1820 3128 Christus

163 3162 264 3236 perdis,
281 3169 307 3217 ct
335 3177 388 3217 me.
407 3181 418 3211 ι
435 3160 489 3215 Sed
518 3159 546 3213 in
575 3158 617 3213 his
644 3158 770 3214 omuibus
799 3172 963 3229 superamus
1017 3154 1305 3224 secuudumcaruem,
1322 3158 1367 3229 qui
1383 3166 1517 3229 estsuper
1532 3160 1633 3226 omnia,
1651 3160 1820 3215 Deusheue·

161 3259 274 3324 propter
288 3266 351 3306 cum
366 3249 411 3319 qui
427 3248 520 3305 dilexit
535 3264 595 3304 nos.
616 3271 626 3296 ι
644 3248 696 3303 Cur
714 3263 779 3313 uon,
797 3263 878 3319 quom
895 3246 964 3301 dile·
1017 3243 1104 3300 dietus
1119 3245 1147 3300 iu
1161 3247 1270 3302 saeeuta
1287 3269 1297 3294 ι
1311 3246 1378 3301 Vide
1393 3263 1519 3319 maguam
1531 3248 1601 3303 bene
1609 3246 1712 3302 affectae
1722 3247 1820 3303 mentis

161 3342 253 3396 ximus
267 3337 424 3407 nos‘lQuis
438 3337 507 3394 sicut
521 3337 612 3391 nuilus
627 3336 703 3407 eligit
726 3335 780 3390 uisi
803 3335 963 3403 eiectus,sic
1018 3331 1201 3403 dnlcedinem,
1225 3335 1399 3408 praegaudii
1421 3335 1609 3409 magnitudine
1632 3336 1709 3406 quasi
1734 3352 1821 3408 usque

162 3429 251 3486 nullus
264 3428 356 3501 diligit
370 3427 420 3481 uisi
434 3425 561 3481 dilectus.
578 3429 662 3480 rimor
683 3433 777 3482 noster
799 3424 895 3480 incutis
911 3426 965 3479 hu·
1018 3422 1052 3476 aci
1067 3423 1151 3478 cretos
1165 3424 1358 3479 ascendentem
1383 3426 1411 3479 in
1433 3424 1611 3481 exsultatione
1634 3424 1746 3497 spiritus
1770 3441 1821 3498 pro

162 3533 251 3575 menae
270 3515 552 3580 affectusest;amor
577 3515 627 3569 Dei
649 3514 748 3586 gratiae
769 3512 885 3570 affectus
911 3520 963 3570 εει.
1018 3512 1139 3584 gentium
1168 3512 1295 3583 prosectu
1323 3521 1349 3567 et
1376 3522 1487 3585 repente
1525 3515 1604 3586 quasi
1639 3515 1675 3569 ad
1708 3514 1822 3585 abyssos

162 3607 306 3665 Affieimur
321 3620 380 3670 uos,
396 3620 458 3659 cum
474 3593 561 3658 Deum
575 3618 717 3672 emamns3
735 3619 787 3658 nou
801 3611 892 3659 autem
907 3600 963 3657 ahi·
1018 3599 1233 3656 descendentem
1247 3616 1263 3656 a
1278 3601 1375 3657 dolore
1391 3603 1489 3669 cordis,
1506 3617 1555 3673 pro
1571 3603 1661 3673 gentis
1671 3619 1728 3658 sure
1742 3603 1822 3659 mise·

163 3697 233 3755 citur
255 3697 336 3759 Deus,
353 3709 413 3748 cum
436 3693 471 3747 ab
500 3707 533 3747 eo
558 3705 702 3755 emamur;
719 3691 768 3746 scd
796 3706 874 3747 amor
903 3690 965 3760 ejus
1019 3689 1324 3747 1·abiiidelectu.Uudc
1350 3690 1404 3745 illis
1427 3691 1501 3761 quasi
1524 3691 1552 3745 ia
1580 3691 1649 3747 corio
1678 3708 1740 3748 cum
1764 3693 1822 3747 Deo

164 3783 280 3856 Spiritus
297 3789 405 3836 sanctus
420 3785 469 3846 εει,
487 3797 566 3852 quem
583 3797 643 3834 cunr
659 3778 861 3853 diguaturdure
876 3776 964 3847 nobis,
1019 3777 1121 3833 relictis
1136 3778 1244 3834 uidetur
1257 3778 1284 3833 in
1301 3787 1401 3834 terrear
1418 3780 1517 3846 redire,
1534 3780 1601 3836 mori
1616 3794 1668 3851 pro
1694 3780 1823 3835 iratribus

164 3888 213 3946 per
227 3871 315 3942 ipsum
332 3868 456 3923 diffundit
470 3868 634 3925 charitalem
649 3868 677 3922 ia
701 3867 829 3923 cordibus
852 3867 964 3937 uostris,
1020 3867 1086 3920 sais.
1101 3867 1135 3921 Et
1150 3867 1218 3922 sicut
1232 3868 1266 3922 dc
1280 3869 1373 3939 Moyse
1385 3867 1494 3940 legitur,
1511 3869 1573 3940 quie
1597 3869 1741 3924 videbatur
1763 3868 1823 3938 ejus

166 3958 308 4032 bacillum
338 3973 470 4012 araumus.
502 3959 581 4011 Amat
607 3971 675 4028 crgo
696 3972 759 4023 nos,
789 3972 850 4013 cum
893 3956 966 4012 dorio
1021 3954 1824 4028 iaciescornuta,eumexiretalacicDOmiui,neepote·

165 4044 401 4104 amorissuiditut
417 4059 622 4114 nos3amamus
644 4059 794 4111 cumeum
816 4049 873 4100 toto
895 4061 966 4117 pou·
1019 4051 1078 4098 rant
1107 4043 1258 4100 claritatem
1288 4044 1376 4099 trullus
1401 4045 1532 4100 sustinere
1571 4044 1695 4101 carnales
1725 4043 1820 4116 populi

166 4136 231 4192 dere
247 4134 346 4189 animm
361 4134 478 4188 terimur
491 4132 518 4187 iu
530 4149 590 4188 eum
610 4153 615 4188 :
631 4131 685 4188 hoc
700 4134 828 4205 estquod
844 4133 895 4188 soli
910 4134 966 4189 ileo
1020 4133 1119 4202 (duod.
1130 4135 1221 4203 xxxiv)
1240 4133 1411 4205 :sicutipse
1426 4135 1503 4206 quasi
1518 4134 1648 4190 alteritate
1673 4134 1822 4202 insaniens,

63 4235 76 4259 ²
165 4222 305 4280 debemus.
321 4221 400 4291 Quod
419 4237 480 4276 euru
495 4238 511 4276 a
525 4221 583 4276 ileo
597 4229 720 4278 avertere
745 4230 771 4278 ει
789 4222 823 4276 ad
846 4239 876 4278 se
897 4238 966 4278 con·
1021 4227 1046 4275 et
1062 4229 1133 4275 totus
1157 4221 1256 4292 Spiritu
1272 4231 1365 4279 saneto
1387 4223 1533 4293 debriatus,
1552 4223 1639 4279 nescit
1652 4223 1754 4279 habere
1774 4238 1823 4280 so·

166 4320 273 4370 vertere
287 4311 382 4366 nititur
402 4325 475 4380 caro,
492 4318 519 4366 et
542 4311 764 4382 concupiscentie
787 4310 849 4366 vitae
873 4311 963 4381 hujus,
1020 4305 1145 4364 brictalis
1160 4310 1254 4378 verba,
1271 4311 1320 4365 sod
1336 4312 1456 4385 loquitur
1470 4312 1685 4368 siculiumeutis
1696 4327 1822 4380 excessu,

165 4401 264 4474 petitur
280 4416 378 4456 servus
399 4398 459 4468 Dei,
477 4416 539 4472 qum
563 4415 644 4469 supra
667 4399 766 4470 scripta
790 4407 860 4467 suut,
876 4407 968 4455 tenta·
982 4392 1008 4453 D
1023 4397 1118 4453 dicens
1134 4398 1203 4455 uelle
1218 4416 1248 4456 se
1261 4401 1405 4455 anathema
1418 4417 1479 4455 esse
1494 4416 1509 4455 a
1524 4400 1631 4456 Christo
1642 4416 1690 4471 pro
1705 4399 1822 4467 Christo,

165 4493 253 4548 tiones
267 4491 418 4556 humanas;
435 4503 497 4544 cum
513 4503 576 4544 vcro
590 4487 618 4542 iu
645 4503 679 4543 eo
698 4503 818 4544 amorem
842 4488 893 4544 Dei
914 4488 969 4543 im·
1024 4485 1052 4541 id
1066 4495 1118 4554 est,
1131 4504 1183 4560 pro
1199 4488 1339 4558 iratribus,
1355 4498 1383 4544 ut
1406 4497 1496 4545 esseut
1517 4489 1544 4542 iu
1570 4489 1688 4545 Christo.
1709 4487 1825 4561 Optabat

165 4587 270 4654 pugnat
284 4578 388 4634 malitie
402 4577 550 4650 spiritualis
572 4576 710 4650 nequitiae,
727 4578 831 4650 patitur
851 4593 911 4649 quac
926 4593 969 4633 se·
1024 4578 1169 4633 anathema
1192 4594 1252 4633 esse
1275 4595 1290 4632 a
1313 4578 1481 4634 beatitudine
1504 4578 1615 4645 Christi,
1631 4576 1823 4648 amplectendo

166 4675 294 4741 quantur,
311 4668 474 4724 tentationes
486 4668 632 4750 humanas.
650 4666 781 4739 Sequitur
797 4667 878 4722 enim.

201 4758 288 4815 Vuae.
304 4760 347 4826 38,
364 4760 408 4811 39.
424 4787 460 4797 -
476 4780 487 4804 ιι
505 4755 602 4811 Certus
617 4772 678 4811 sum
693 4757 757 4829 quia
778 4772 867 4827 neque
882 4772 967 4823 inors,

166 4861 254 4919 neque
269 4846 333 4912 vita,
350 4860 440 4918 neque
454 4843 556 4918 angeli,
573 4859 661 4915 neque
687 4845 863 4918 principatus
880 4859 968 4916 oeque

167 4935 292 5002 virtutes,
309 4950 397 5006 neque
416 4933 554 4999 instantia,
571 4948 662 5003 neque
679 4932 774 5000 lutura,
793 4950 882 5006 acque
906 4933 967 4988 lor-

169 5023 265 5089 titudu,
289 5038 379 5094 nequo
410 5020 534 5089 altitudo,
558 5036 647 5092 acque
678 5021 852 5099 protundum,
880 5037 969 5092 nequo

167 5126 296 5177 ereatura
318 5119 418 5190 aliqua,
436 5117 534 5189 poterit
563 5132 612 5173 nos
640 5132 767 5189 separare
794 5134 810 5172 a
838 5118 969 5174 charitate

168 5220 231 5288 Dei,
256 5233 316 5290 quae
345 5224 386 5272 est
411 5215 439 5269 in
466 5213 573 5271 Christo
599 5214 662 5270 Jesa
689 5211 805 5269 Domino
833 5223 966 5269 nostro.-

167 5310 257 5371 Nemo
272 5330 338 5387 ergo
361 5329 412 5368 nos
436 5319 544 5382 separet
567 5326 583 5366 a
606 5310 674 5380 Deo,
688 5309 820 5367 miuoudo
840 5319 968 5382 mortem,

168 5411 234 5484 quie
249 5410 367 5482 idipsum
383 5408 456 5482 «pund
468 5408 609 5483 diligimus
630 5406 728 5479 Deum,
744 5411 815 5466 mori
836 5426 889 5467 nou
915 5426 968 5483 po·

168 5515 231 5577 test,
246 5509 298 5563 uisi
314 5509 377 5564 drrm
392 5520 447 5563 nou
459 5504 550 5578 diligit
573 5506 672 5575 Deum,
688 5506 731 5564 cai
750 5521 824 5564 mors
844 5506 903 5581 ipsa
927 5515 970 5568 est

1021 4666 1153 4736 justiliam
1168 4665 1267 4722 Christi
1278 4687 1285 4734 3
1298 4668 1397 4736 justius
1412 4668 1546 4722 arbitrans
1561 4667 1631 4738 apud
1649 4668 1736 4722 Deum
1753 4683 1824 4734 esse,

1024 4762 1119 4825 optare
1135 4754 1248 4810 salutent
1264 4755 1352 4829 gentis
1366 4756 1548 4829 uuius,quam
1558 4772 1613 4811 sua
1625 4755 1823 4812 uniusauimae.

1024 4842 1081 4898 Sed
1096 4859 1157 4898 cum
1168 4844 1285 4914 seipsam
1301 4845 1458 4900 excedentis
1472 4845 1615 4900 charitatis
1631 4844 1674 4899 hic
1690 4852 1764 4900 εεεει
1778 4845 1826 4900 mi·

1022 4930 1117 4986 rabilis
1139 4929 1261 4999 allectus,
1278 4933 1360 5005 louge
1381 4934 1457 4990 aliter
1471 4933 1615 5003 injudicio
1635 4933 1753 5004 justitiae
1775 4933 1826 4990 Dei

1024 5021 1083 5090 ejus
1100 5019 1267 5077 formabatur
1282 5020 1402 5089 effectus,
1420 5023 1483 5095 qnia
1504 5039 1565 5078 cum
1589 5023 1617 5076 in
1637 5023 1753 5095 gloriam
1776 5022 1826 5078 Dei

1023 5124 1050 5174 ct
1067 5118 1182 5174 salutem
1197 5118 1319 5186 fratrum,
1336 5136 1391 5174 nou
1414 5119 1559 5188 charitatis,
1575 5120 1623 5175 scd
1648 5119 1745 5174 salutis
1769 5135 1827 5175 suae

1023 5214 1132 5273 offerret
1146 5216 1282 5274 delectum
1298 5219 1481 5290 apudjustum
1498 5218 1620 5289 judicem
1649 5217 1826 5274 alcharitetis

1022 5330 1159 5370 summum
1173 5314 1287 5386 adeptus
1302 5322 1344 5369 est
1356 5314 1517 5387 prolectam,
1535 5313 1598 5385 quia
1618 5322 1644 5369 et
1666 5313 1769 5369 donata
1783 5320 1825 5370 εει

1023 5410 1108 5469 Ρεειο
1122 5411 1194 5468 salus
1207 5411 1347 5469 electionis
1361 5411 1491 5486 degente
1506 5412 1564 5481 illa,
1580 5427 1630 5467 nee
1646 5410 1825 5469 defraudatus

1021 5517 1064 5568 est
1075 5511 1190 5583 praemio
1205 5510 1365 5569 universalis
1381 5526 1474 5569 corum
1497 5509 1603 5578 salutis,
1620 5508 1665 5583 qui
1688 5524 1737 5581 pro
1760 5525 1824 5565 om-
