3728 6000
139 229 190 287 763

625 228 661 285 D.
682 226 814 285 ALGERI
828 224 1058 318 scholastici
1077 223 1295 283 LEODOENSIS.

1733 221 1789 278 'lh‘

133 353 255 412 librolle
270 354 366 411 offitiis
381 355 543 427 (lih.r,cap.
563 357 607 422 ta,
619 363 638 412 t.
655 357 690 418 ll,
709 355 764 412 col.
783 355 829 425 (ιιι)
842 372 849 409 :
861 377 872 401 ι
884 352 930 407 llta
947 353 972 414 Α
989 351 1108 420 requies,
1134 367 1188 406 non
1217 350 1309 407 adhuc
1337 346 1365 404 in
1393 355 1565 404 sacramento
1591 336 1660 418 spei,
1683 362 1738 418 quo
1761 346 1791 401 in

135 444 217 514 igitur
228 452 291 499 siant
306 445 386 499 nobis
411 462 452 499 ex·
464 449 572 512 etemta,
586 445 611 499 ιιι
628 446 726 517 qnibns
746 443 887 514 perfectio,
906 442 936 497 in

137 534 236 602 quibus
248 534 345 588 veritas
355 542 406 588 est.
425 534 473 590 llic
489 534 597 596 umbra,
618 535 660 589 hic
673 535 777 605 lanugo,
793 533 848 588 illic
863 531 937 586 veri·

137 629 190 677 tas.
210 623 312 678 Umbra
328 623 354 677 in
376 623 446 694 lege,
464 624 554 695 imago
573 623 600 677 in
619 623 778 689 Evangelio,
796 622 894 677 veritas
910 620 937 673 in

136 710 303 767 coelestibus.
318 713 388 767 ante
403 728 490 784 agnus
514 712 680 767 offerebatur
694 717 722 767 et
744 711 938 772 vitulus3nuoc

137 799 259 855 Christus
271 799 395 864 offertur,
412 802 486 870 quasi
514 802 650 872 recipiens
667 800 831 870 passionem,
848 807 875 854 at
892 796 938 852 ιιι-

135 888 191 943 ιιιι
214 904 244 942 sa
258 892 318 959 ipse
334 890 410 959 quasi
426 891 564 954 sacerdos,
578 898 607 944 ut
624 898 736 959 peccata
751 889 877 945 dimittat.
888 887 939 942 llic

139 976 167 1032 in
190 977 321 1049 imagine.
343 978 380 1032 ibi
400 978 426 1031 in
443 979 566 1041 veritate,
582 979 628 1033 ubi
647 979 719 1049 apud
737 979 846 1033 Patrem
861 975 938 1049 quasi

136 1064 284 1120 advocatus
299 1081 349 1135 pro
365 1066 443 1120 urbis
455 1067 608 1122 intervenit.
627 1091 637 1113 n

174 1154 203 1208 ln
218 1168 273 1223 quo
292 1154 437 1209 notandum
454 1164 492 1210 est
522 1158 587 1227 quia
602 1156 627 1209 in
642 1155 729 1211 Veteri
750 1157 937 1217 Testamento‚

139 1241 214 1298 dedit
230 1243 303 1297 Deus
317 1251 420 1297 tantum
437 1244 533 1316 ligurae
545 1245 680 1310 umbram,
696 1245 724 1298 in
742 1244 820 1299 Novo
838 1243 939 1298 verita-

84 1350 88 1363 ¹
140 1339 192 1386 tem
213 1346 276 1387 cum
297 1330 394 1403 ligura,
411 1333 436 1387 in
454 1334 546 1388 tuturo
566 1334 639 1387 dabit
653 1332 793 1388 veritatem
810 1348 862 1386 non
879 1347 940 1387 cum

95 1428 98 1433 '
139 1417 236 1493 ligura,
252 1420 299 1476 sed
319 1421 502 1485 manifestam,
529 1432 554 1477 ιιι
573 1422 620 1477 tali
643 1421 769 1493 proiectu
789 1429 938 1492 temporum

138 1525 190 1566 nos
212 1509 338 1582 perlectae
366 1511 471 1566 veritati
488 1511 631 1568 viciniores
649 1511 815 1576 ostenderet,
840 1509 939 1580 quibus

991 441 1043 496 hoc
1058 449 1178 510 tempore
1199 439 1370 496 consociatur
1391 437 1525 505 Etxclcsia,
1546 440 1656 507 quando
1681 437 1728 493 bib
1741 443 1789 489 tur

990 531 1063 601 quod
1087 531 1121 584 de
1144 528 1241 584 Christi
1262 530 1345 583 latere
1367 528 1498 592 manavit,
1521 527 1570 581 sed
1591 525 1650 595 jam
1676 525 1702 578 in
1726 525 1789 593 ipsa

991 617 1157 689 perfectione
1188 617 1281 672 salutis
1308 625 1430 681 aeternae,
1455 631 1514 671 cttm
1550 614 1638 669 tradet
1671 628 1790 682 regnum

993 708 1049 763 Deo
1068 714 1094 762 ct
1119 706 1204 775 Patri,
1224 715 1252 761 ut
1273 705 1299 760 iu
1322 705 1368 759 illa
1392 720 1537 776 perspicua
1558 702 1791 774 contemplatione

991 796 1219 851 incommutabilis
1242 793 1369 859 veritatis,
1398 793 1479 849 nullis
1499 792 1633 865 mysteriis
1657 806 1789 863 corpora-

992 886 1063 940 libus
1078 901 1217 957 egeamus.
1235 908 1247 932 ι

1027 972 1097 1044 Quia
1112 989 1179 1045 ergo
1202 975 1254 1030 hoc
1276 979 1446 1028 sacramanto
1467 987 1520 1026 non
1542 977 1583 1026 est
1598 969 1624 1025 in
1654 977 1790 1026 aeternnm

992 1079 1065 1119 mors
1079 1064 1177 1119 Christi
1192 1063 1385 1128 annuntianda,
1400 1062 1448 1116 sed
1462 1069 1563 1115 tantum
1579 1059 1668 1115 dorico
1684 1058 1788 1122 veniat,

993 1152 1054 1224 quia
1067 1158 1163 1223 postea
1178 1151 1261 1206 nullis
1276 1150 1415 1222 mysteriis
1430 1148 1582 1216 carebimus,
1597 1155 1705 1205 constat
1719 1146 1791 1202 illud

993 1242 1176 1297 transitorium
1192 1256 1253 1295 esse
1268 1241 1375 1312 signum
1391 1247 1418 1294 et
1432 1237 1593 1304 temporale,
1614 1252 1667 1307 quo
1683 1245 1790 1291 tantum

992 1346 1105 1404 egemus
1128 1345 1210 1397 nunc,
1237 1329 1302 1383 dum
1329 1328 1456 1382 videmus
1479 1342 1528 1396 per
1553 1325 1692 1396 speculum
1716 1332 1744 1380 et
1763 1325 1792 1379 lu

992 1420 1147 1491 aenigmate.
1163 1418 1240 1474 Unde
1255 1417 1319 1471 item
1338 1415 1507 1486 Augustinus
1524 1415 1550 1470 in
1567 1429 1692 1470 sermone
1707 1429 1793 1482 super

992 1509 1142 1564 orationem
1163 1506 1333 1561 Dominieum
1353 1506 1417 1575 (dl,
1434 1520 1465 1558 n.
1485 1507 1512 1569 7,
1533 1511 1552 1558 t.
1578 1503 1610 1574 ι’,
1626 1501 1679 1559 ιοι.
1699 1504 1751 1557 333
1761 1503 1791 1566 l:

139 1606 202 1669 post
214 1599 366 1654 umbratam
383 1601 533 1666 veritatem,
560 1600 627 1653 nihil
643 1599 692 1654 nisi
708 1599 832 1655 eamdem
848 1598 938 1653 mani·
994 1622 1005 1646 u
1024 1599 1090 1653 Cum
1107 1595 1242 1650 transierit
1256 1595 1309 1649 vita
1324 1594 1384 1661 ista,
1407 1592 1529 1664 nunquid
1544 1601 1671 1664 petemus
1690 1606 1795 1662 panem

140 1685 236 1742 testam
254 1687 314 1743 dari
330 1695 455 1745 restaret.
479 1689 565 1744 Vetus
580 1689 652 1743 enim
672 1690 872 1744 Testamentum
888 1703 938 1743 ve·
953 1723 979 1783 Β
993 1684 1289 1758 quotidianum‘tTunc
1313 1683 1384 1739 euim
1409 1697 1464 1738 non
1486 1680 1628 1738 vocabitur
1656 1679 1793 1752 quotidie,

140 1775 244 1830 ritatem
260 1777 395 1847 promisit,
419 1793 472 1832 non
488 1777 695 1846 dedit3Novum
717 1777 802 1842 dedit,
822 1775 937 1831 sednon
993 1775 1042 1831 sed
1064 1774 1154 1830 hodie.
1176 1773 1256 1828 Nunc
1275 1778 1387 1828 vocatur
1407 1770 1538 1843 quotidie,
1561 1768 1672 1842 quando
1694 1768 1795 1824 transit

140 1864 268 1919 ostendit.
294 1865 365 1935 Quid
379 1874 473 1930 restat,
489 1866 542 1921 nisi
563 1872 592 1920 nt
606 1866 704 1922 eadem
728 1866 827 1921 veritas
846 1865 874 1919 in
887 1864 939 1919 alia
993 1871 1060 1937 dies,
1077 1877 1103 1925 et
1116 1869 1189 1924 venit
1202 1869 1272 1923 alius
1283 1868 1351 1926 dies.
1368 1866 1496 1939 Nuuquid
1512 1865 1653 1922 vocabitur
1667 1864 1793 1938 quotidie

140 1951 195 2009 vita
213 1953 400 2009 manifestetur
410 1954 509 2011 ‘lUndo
524 1964 549 2010 et
559 1955 723 2010 venerabilis
738 1955 808 2010 Reda
822 1953 938 2025 presby·
994 1959 1103 2031 quando
1118 1959 1169 2014 erit
1182 1965 1299 2014 aeternus
1313 1973 1384 2013 unus
1398 1955 1560 2011 dieststrne
1575 1953 1681 2010 duobus
1705 1952 1797 2008 modis

142 2043 243 2096 tersit
270 2043 297 2096 iu
325 2044 492 2113 expositione
520 2044 603 2113 hujus
629 2043 779 2115 evangelici
810 2042 937 2113 capituli:
994 2048 1172 2120 intelligenda
1199 2052 1241 2102 est
1268 2046 1321 2101 ista
1347 2046 1440 2116 petitio
1470 2045 1503 2099 de
1527 2059 1598 2116 pana
1624 2041 1794 2115 quotidiano,

142 2130 254 2187 honest
266 2132 887 2204 orhorbortoquoesocilsrcrtttrmolos(lttc·
900 2146 938 2195 lt,
993 2139 1053 2195 sive
1076 2153 1124 2207 pro
1145 2135 1308 2192 necessitate
1332 2133 1449 2191 carnalis
1473 2133 1568 2201 victus,
1588 2131 1645 2188 sire
1667 2145 1716 2204 pro
1741 2146 1795 2186 ue·

142 2221 197 2286 tat.
214 2221 244 2275 ln
260 2222 312 2277 hac
327 2222 378 2277 vita
394 2220 495 2278 lumine
520 2227 674 2277 sanctarum
697 2221 899 2291 scripturarum
914 2226 941 2273 et

145 2319 379 2365 sacramentorum
394 2311 545 2366 ctrlestium
557 2311 709 2365 relectione
719 2325 788 2380 opus
798 2309 939 2377 trahemus,

142 2396 170 2450 iu
185 2396 273 2452 luturo
285 2407 374 2452 autem
391 2399 490 2453 talibus
504 2415 559 2454 nou
576 2398 717 2470 egebimus
740 2397 879 2463 subsidiis,
895 2395 941 2451 ubi

75 2510 78 2515 ’
138 2485 218 2553 juxta
232 2486 382 2542 Psalmistae
396 2504 501 2553 vocem,
521 2488 677 2561 quicunque
691 2486 867 2559 apparuerint
877 2502 940 2540 cum

138 2573 252 2642 justitia,
277 2576 447 2631 satiabuntur
459 2576 601 2633 manifesta
622 2577 711 2648 gloria
735 2575 842 2632 Christi.
859 2574 938 2643 Quo·

142 2663 224 2719 modo
239 2664 310 2719 enim
323 2666 466 2737 egebimus
480 2666 625 2723 relectione
646 2666 691 2720 ubi
707 2665 873 2736 sempiterna
891 2662 940 2718 crit

142 2752 323 2809 satietastvel
344 2756 480 2825 quomodo
501 2756 644 2828 egebimus
672 2762 849 2815 sacramento,
866 2752 940 2825 quod

143 2840 236 2913 utique
254 2842 351 2898 oculus
366 2845 542 2916 corporaliter
555 2845 640 2911 videt,
658 2860 717 2899 cum
734 2844 808 2897 Deus
824 2841 942 2913 diligen·

142 2929 215 2985 tibus
229 2945 270 2997 se,
298 2939 364 2987 teste
380 2934 509 3004 Apostolo
527 2935 552 3002 (l
566 2934 626 2991 Cor.
650 2949 680 3000 tr,
697 2934 735 3001 a),
750 2931 823 3003 quod
845 2929 940 2986 oculus

140 3032 198 3074 nou
219 3019 294 3087 vidit,
320 3023 437 3078 elauris
460 3039 515 3078 nou
535 3022 637 3078 audivit
655 3031 682 3078 et
707 3021 734 3076 iu
756 3036 804 3077 cor
823 3018 940 3075 bominis

142 3122 198 3162 non
208 3109 340 3178 ascendit,
357 3113 574 3183 praeparaverit‘.l

179 3198 246 3254 ltem
266 3215 326 3255 cum
350 3202 407 3272 ipse
429 3203 560 3257 Dominus
580 3201 660 3256 nobis
676 3199 844 3272 praeceperit,
869 3210 940 3268 quo-

145 3284 304 3360 tiescunque
319 3289 371 3346 hoc
381 3290 504 3357 tacimus,
521 3291 611 3346 lacere
626 3290 660 3345 ad
675 3305 753 3344 suam
768 3300 940 3344 commemo·

144 3375 289 3448 rationem,
311 3395 372 3434 curn
387 3396 446 3434 eum
471 3379 623 3434 videbimus
643 3379 713 3434 sicut
731 3384 783 3442 cst,
804 3374 940 3448 quomodo

145 3466 301 3523 necessaria
321 3467 374 3523 erit
394 3469 550 3538 liujusmudi
573 3466 805 3532 commemoratio,
829 3480 893 3520 cum
912 3462 941 3516 iu

143 3564 275 3622 prasente
291 3557 350 3627 ejus
368 3559 481 3625 visione,
497 3558 569 3613 nnlln
584 3557 671 3629 possit
692 3554 854 3610 intercidere
868 3549 940 3608 obli-

144 3641 211 3697 vio‘l
224 3645 302 3698 llnde
316 3646 349 3699 D.
366 3647 548 3718 Hieronymus
567 3648 595 3701 in
610 3642 889 3718 primam'Epistolam
906 3639 939 3695 ad

143 3729 335 3786 Corinthium«
354 3734 432 3791 llanc
447 3736 567 3790 ultimam
592 3734 750 3790 memoriam
776 3732 858 3787 nobis
879 3729 940 3785 reli-

142 3817 201 3887 quit
224 3822 455 3892 quemadmodum
483 3826 505 3878 si
533 3825 592 3896 quis
616 3839 731 3894 peregre
754 3818 938 3893 proficiscens,

143 3905 253 3980 aliquod
265 3910 361 3981 pignus
375 3912 400 3967 ei
415 3929 494 3983 quem
509 3913 597 3985 diligit
607 3912 752 3981 relinquat,
766 3918 804 3975 ut,
818 3909 939 3979 quoties·

144 4012 249 4068 cunque
265 3999 330 4054 illud
349 4000 454 4066 viderit,
473 4002 558 4073 possit
578 4010 603 4056 et
618 4000 676 4071 ejus
691 3997 821 4055 beneficia
832 3997 939 4054 etami·

143 4087 220 4142 citias
236 4090 474 4159 memorie;quem
490 4091 512 4144 si
528 4091 573 4145 ille
587 4090 708 4160 perlecta
727 4089 864 4154 dilexerit,
880 4087 940 4143 sine

144 4177 248 4252 ingenti
262 4179 328 4234 illud
342 4179 480 4235 desiderio
495 4181 538 4235 vel
552 4179 616 4234 lletu
630 4178 721 4234 videre
738 4194 794 4232 non
809 4185 906 4249 potest.
925 4197 937 4226 a

181 4267 246 4324 ldco
266 4270 317 4325 hoc
343 4268 468 4325 Salvator
489 4269 600 4324 tradidit
616 4275 825 4333 sacramentum,
840 4274 869 4321 ut
892 4281 941 4337 per

143 4357 196 4413 hoc
209 4374 316 4428 semper
335 4374 567 4424 commoneamur,
585 4358 648 4427 quia
663 4372 711 4428 pro
725 4355 804 4410 nobis
819 4363 939 4411 mortuus

994 2227 1120 2284 cessitate
1149 2225 1294 2297 spiritualis
1319 2222 1465 2279 alimoniae.
1490 2223 1597 2278 Norunt
1623 2219 1796 2292 spiritualem

993 2314 1154 2370 alimoniam
1185 2313 1291 2380 fideles,
1321 2328 1402 2384 quam
1432 2318 1458 2367 et
1488 2326 1547 2379 vos,
1578 2309 1601 2364 si
1623 2308 1683 2380 puri
1716 2307 1795 2372 estis,

995 2403 1132 2476 accepturi
1161 2402 1225 2458 estis
1249 2402 1284 2458 de
1310 2401 1387 2457 altari
1415 2400 1475 2456 Dei.
1499 2398 1578 2455 Panis
1605 2398 1658 2454 erit
1680 2404 1708 2455 et
1732 2397 1794 2468 ipsa

995 2494 1173 2564 quotidianus
1190 2493 1254 2547 huic
1278 2490 1339 2547 vitae
1362 2489 1542 2547 necessarius.
1566 2485 1694 2558 Nunquid
1718 2485 1793 2564 enim

995 2581 1193 2638 Eucltaristiam
1223 2579 1360 2652 accepturi
1401 2594 1502 2645 sumus,
1538 2576 1659 2633 eumad
1699 2576 1793 2647 ipsum

995 2671 1130 2728 Christum
1152 2670 1316 2736 venerimus,
1332 2677 1359 2724 at
1379 2683 1442 2724 cum
1470 2667 1517 2723 illo
1546 2666 1572 2721 in
1594 2673 1728 2723 aeternum
1753 2681 1793 2721 re

994 2776 1080 2833 goare
1115 2758 1381 2830 coeperimus‘tErgo
1416 2754 1578 2813 eucharistia
1616 2753 1795 2826 quotidianus

994 2849 1070 2920 panis
1089 2857 1147 2918 cst;
1164 2848 1213 2903 sed
1237 2849 1278 2902 sic
1297 2847 1461 2918 accipiamus
1485 2861 1557 2912 eum,
1579 2852 1608 2900 ut
1624 2859 1679 2898 non
1702 2842 1791 2899 solum

995 2947 1098 3005 ventre,
1118 2937 1205 2993 sedet
1221 2942 1310 2991 mente
1334 2933 1501 2991 reficiamur.
1527 2934 1589 2988 »Et
1609 2932 1790 3005 paulopost:

997 3051 1008 3074 v
1026 3026 1140 3096 Quando
1155 3026 1218 3081 illuc
1232 3024 1398 3092 venerimus,
1423 3024 1512 3097 ipsum
1530 3022 1648 3080 Verbum
1670 3021 1793 3078 maudu-

995 3115 1083 3172 calori
1105 3131 1197 3170 sumus
1220 3118 1248 3170 et
1269 3113 1392 3178 bibituri,
1413 3111 1551 3183 quomodo
1572 3111 1664 3184 angeli
1687 3109 1785 3167 modo.

996 3204 1096 3261 Vident
1111 3205 1184 3259 onim
1203 3204 1289 3275 ipsam
1306 3203 1457 3270 caritatem,
1473 3209 1499 3258 et
1518 3201 1578 3273 ipso
1599 3200 1673 3255 fonte
1687 3199 1793 3255 satiau-

994 3300 1046 3358 tur,
1062 3292 1133 3348 uutlo
1149 3309 1199 3347 nos
1213 3291 1370 3348 irroramur.
1393 3293 1461 3347 Cum
1476 3290 1560 3364 igitur
1576 3287 1743 3345 eucharistia
1758 3287 1793 3343 sil

994 3383 1071 3457 panis
1100 3381 1284 3455 quotidianus,
1318 3381 1382 3436 huic
1407 3381 1469 3437 vitta
1496 3378 1674 3445 necessarius,
1709 3392 1793 3451 quem

993 3489 1048 3529 noo
1064 3487 1158 3526 sumus
1176 3470 1322 3541 accepturi,
1337 3485 1401 3526 cum
1417 3469 1451 3525 ad
1470 3469 1559 3540 ipsum
1579 3467 1715 3523 Christum
1743 3483 1791 3522 ra·

993 3563 1126 3626 nerimus,
1148 3560 1257 3630 quando
1278 3558 1465 3614 manducaturi
1489 3574 1584 3613 sumus
1605 3557 1696 3626 ipsum
1723 3555 1790 3611 Ver·

995 3651 1058 3706 bum
1079 3648 1215 3723 quomodo
1227 3648 1319 3721 angeli
1339 3648 1433 3715 niodo,
1452 3652 1558 3704 constat
1572 3661 1633 3701 eam
1659 3659 1714 3700 non
1729 3660 1791 3700 esse

992 3749 1123 3796 aeternam
1141 3737 1328 3809 specietenus,
1345 3751 1425 3809 quam
1441 3744 1532 3792 lernen
1546 3735 1603 3807 ipsa
1618 3733 1660 3790 sui
1677 3732 1792 3790 veritate

994 3837 1119 3885 veternam
1135 3827 1282 3884 credimus.
1302 3849 1313 3875 a

1029 3916 1099 3986 Quia
1118 3917 1200 3990 igitur
1219 3915 1299 3987 panis
1315 3914 1445 3986 mysticus
1460 3913 1491 3968 ιιι
1518 3912 1607 3979 nobis,
1623 3926 1680 3968 non
1696 3912 1791 3969 nasci-

993 4013 1044 4074 tur,
1070 4022 1120 4062 ncc
1142 4005 1202 4077 ipso
1228 4019 1277 4060 suo
1298 4002 1425 4074 mysterio
1448 4010 1566 4058 aeternus
1593 4000 1715 4073 habetur,
1744 4001 1793 4058 sed

994 4094 1148 4166 temporalis
1170 4101 1196 4149 et
1217 4093 1397 4166 quotidianus,
1421 4092 1494 4164 quod
1516 4106 1568 4147 nec
1592 4090 1711 4163 origine,
1742 4106 1793 4146 nec

993 4185 1141 4239 aeternitate
1157 4181 1262 4239 Christo
1279 4181 1414 4254 congruit,
1431 4179 1568 4252 quomodo
1591 4179 1669 4234 unius
1690 4195 1792 4251 perso·

993 4291 1034 4330 nae
1049 4289 1109 4349 cum
1133 4273 1194 4345 ipso
1216 4271 1384 4328 credendum
1399 4271 1460 4341 erit,
1474 4285 1535 4326 cum
1554 4270 1589 4324 de
1608 4277 1702 4324 nostra
1726 4285 1792 4340 per-

993 4379 1061 4418 sona
1070 4362 1150 4418 etiam
1163 4361 1294 4417 Dominus
1308 4360 1407 4414 dixerit
1419 4377 1426 4413 :
1437 4359 1506 4427 ocia
1515 4358 1681 4430 copillatda
1697 4359 1794 4431 capite

143 4456 192 4505 cst.
217 4450 288 4504 Nam
321 4457 347 4504 et
370 4448 432 4504 ideo
454 4463 514 4503 cum
537 4447 695 4518 accipimus,
712 4462 729 4501 ι
756 4431 978 4501 sacerdotibusD
994 4457 1085 4509 vestro
1101 4467 1159 4506 non
1179 4448 1401 4523 partiamur.
1421 4463 1482 4510 xxi,
1499 4448 1557 4520 ιιι.)
1571 4445 1745 4519 Quapropter
1761 4447 1796 4502 de

144 4553 359 4604 commonemur,
382 4536 446 4609 quia
466 4552 565 4606 corpus
585 4544 612 4591 et
631 4535 743 4607 sanguis
767 4542 808 4589 est
830 4532 938 4600 Christi,

55 4632 61 4637 '
143 4636 172 4684 ut
196 4644 250 4684 non
270 4626 354 4681 simus
374 4625 471 4698 ingrati
491 4625 570 4680 tantis
592 4625 652 4696 ejus
685 4622 840 4680 benedicis.
870 4621 940 4690 Quia

142 4717 225 4789 igitur
251 4715 471 4772 commemoratio
498 4715 594 4770 mortis
623 4730 678 4769 non
710 4714 761 4770 erit
783 4711 940 4769 necessaria

144 4807 180 4861 ad
209 4804 399 4860 concitandum
426 4803 593 4859 desiderium
615 4803 658 4858 vel
683 4803 784 4870 fletum,
807 4800 853 4856 ubi
885 4816 940 4855 non

143 4910 259 4966 peregre
286 4893 415 4964 prolecta,
445 4892 495 4948 set
524 4909 645 4962 praeseus
672 4906 780 4962 semper
807 4891 859 4946 erit
885 4889 941 4944 vita

143 4993 244 5039 aterna
256 4991 282 5037 et
291 4983 431 5055 gaudium,
448 4982 509 5036 ideo
521 4982 673 5052 Apostolus
682 4981 744 5036 ltuic
757 4987 937 5047 sacramento,

140 5088 175 5128 ne
197 5085 327 5128 aternum
353 5071 482 5139 videatur,
504 5070 588 5124 linem
605 5070 778 5132 denuntians,
799 5068 849 5122 ait:
867 5069 938 5137 Quo-

143 5174 308 5242 tiescunque
333 5168 542 5224 ritorttlacobilit
562 5170 637 5224 hunc
657 5183 759 5238 purtem
785 5167 940 5222 elccliccm

143 5270 380 5334 hihetir,rrtortcot
399 5264 730 5322 llorttt'niormcntt'ohitis
746 5265 833 5320 dorico
845 5260 940 5320 creditit

140 5367 164 5435 (l
180 5366 240 5422 Cor.
258 5381 296 5426 xi,
311 5369 366 5434 ιι).
383 5365 464 5432 Quod
478 5366 646 5434 Augustinus
660 5378 801 5433 exponens
830 5362 857 5415 in
872 5361 941 5417 libro

46 5452 49 5457 ¹
142 5472 233 5519 contra
250 5464 374 5516 Faustum
396 5463 455 5533 (stt,
471 5477 495 5517 c.
511 5467 555 5528 ιιι,
573 5471 594 5516 ι.
616 5461 685 5524 vllt,
706 5461 760 5517 col.
785 5461 849 5529 ⁶236)
873 5460 909 5514 uit
932 5476 940 5516 :

148 5588 160 5617 a
191 5562 334 5640 Significat
357 5562 439 5620 linem
460 5564 561 5624 saeculi,
586 5565 695 5636 quando
718 5563 768 5620 erit
789 5571 942 5622 sanctorum

994 4540 1083 4598 forma
1097 4539 1177 4610 hujus
1189 4537 1352 4594 sacramenti
1367 4536 1576 4607 itajudicemus,
1603 4534 1674 4591 sicut
1686 4534 1720 4591 B.
1736 4537 1796 4590 du-

994 4629 1131 4704 gustinum
1155 4628 1182 4682 iu
1207 4626 1276 4683 libro
1297 4626 1383 4697 primo
1405 4634 1499 4681 contro
1523 4623 1697 4680 Maximinum
1712 4624 1794 4697 (cap.

994 4721 1040 4787 ll,
1068 4725 1087 4774 t.
1109 4717 1182 4782 lllll,
1207 4716 1260 4772 col.
1291 4715 1354 4783 690)
1383 4713 1500 4768 lot-mam
1528 4714 1744 4783 impersonatam
1768 4721 1796 4768 et

994 4808 1111 4864 formam
1148 4805 1289 4876 mysticam
1324 4801 1480 4858 distinxisse
1520 4800 1706 4873 cognovimus.
1748 4800 1792 4856 hit

994 4896 1065 4952 onim
1079 4913 1086 4951 ε
1101 4918 1112 4944 v
1129 4894 1223 4950 Adhuc
1244 4893 1271 4947 in
1288 4892 1377 4947 lormn
1393 4892 1511 4945 humana
1531 4898 1572 4945 est
1591 4889 1685 4959 Filius,
1707 4905 1793 4960 quam

994 4985 1094 5040 levavit
1115 4984 1141 5038 in
1158 4982 1255 5038 coelum
1272 4990 1297 5036 ct
1319 4979 1483 5050 sempiterna
1496 4979 1548 5033 erit
1566 4978 1593 5032 in
1610 4994 1705 5049 regno,
1724 4979 1787 5034 htec

994 5074 1091 5130 eadem
1114 5073 1201 5127 lorma
1224 5069 1393 5126 immortalis.
1414 5069 1483 5123 Nam
1506 5069 1540 5122 de
1560 5067 1658 5136 Spiritu
1684 5076 1791 5136 sancto,

995 5168 1041 5240 qui
1064 5167 1167 5222 nullam
1186 5165 1305 5234 suscepit
1330 5165 1445 5219 formam
1470 5163 1503 5216 ut
1525 5162 1653 5217 unitatem
1669 5179 1794 5233 personae

995 5282 1062 5333 suae,
1089 5265 1213 5337 quamvis
1235 5279 1264 5318 se
1279 5280 1328 5334 per
1343 5263 1492 5333 subjectam
1511 5270 1661 5316 creaturam
1677 5260 1795 5316 visibili·

996 5372 1036 5420 ter
1058 5371 1085 5419 et
1108 5364 1177 5434 ipse,
1203 5361 1260 5417 sive
1283 5378 1331 5434 per
1358 5361 1491 5417 rotumhae
1512 5360 1642 5432 speeiem,
1667 5361 1725 5416 sive
1744 5376 1794 5430 per

996 5463 1103 5531 littguas
1117 5461 1212 5534 igneas
1228 5460 1261 5516 sit
1286 5460 1475 5515 demonstrare
1496 5458 1633 5530 dignatus,
1649 5474 1794 5528 nunquam

996 5561 1083 5620 dictus
1098 5569 1140 5619 est
1161 5561 1251 5619 minor
1263 5562 1352 5620 Patre.
1370 5560 1413 5617 ad
1427 5561 1522 5617 horam
1536 5559 1636 5633 quippe
1651 5571 1789 5631 apparue-
