3728 6000
99 276 102 281 ,
140 218 208 274 ttae
248 224 251 237 ¹
831 212 975 271 nudasti
994 211 1032 269 111
1052 210 1156 270 PAPAE
1781 208 1840 271 lim

138 356 202 408 nes,
215 355 404 413 quaecunque
416 339 498 397 bona
510 340 540 396 ln
551 338 778 412 presentiarum
786 339 865 410 justa
878 341 907 395 et
919 354 966 396 ca·
981 337 1005 393 A
1020 333 1838 409 marumsalutempertineredignosciturjauimonosde

138 429 245 485 nouice
255 428 423 501 possidetis,
435 434 487 484 aut
497 428 528 483 in
543 427 676 483 iuturnm
687 426 878 483 concessione
889 440 961 498 pon·
1020 432 1066 483 cet
1078 425 1420 491 libenterconccdere,et
1430 423 1596 497 petentium
1611 423 1837 482 desideriiscon-

138 517 264 584 tilicum,
276 517 430 587 largitione
443 532 547 587 regum
561 516 605 572 vel
621 515 803 587 principum,
816 514 966 571 oblatione
1019 529 1127 586 gruum
1139 514 1284 587 lmpertiri
1294 511 1485 584 suffragium.
1501 515 1675 586 Eapropter,
1690 512 1838 570 dilectuin

139 606 340 672 fidelium‚seu
356 610 384 661 et
399 605 465 662 aliis
478 604 567 675 justis
583 604 758 674 modis,ltco
772 603 966 676 propitio,po·
1019 604 1133 660 Christo
1144 602 1839 675 lilius,restrisjustispostulationibusclementer

54 694 56 699 '
140 696 230 752 teritis
241 695 373 768 adipisci,
384 693 561 751 firnravobis
571 694 732 765 vestrisque
742 691 966 749 successoribus
1018 692 1191 758 annuimus,
1205 696 1233 748 et
1245 690 1522 765 praelatumlocum‚
1531 691 1561 747 in
1574 706 1636 764 quo
1650 689 1760 748 divino
1770 707 1839 748 man·

140 790 168 842 et
184 784 300 841 illibata
314 790 521 855 permaneant.
540 785 616 840 Saue
630 781 770 839 laborum
785 787 963 846 vestrorum,
1020 781 1126 852 cipata
1136 781 1435 854 estisobsequio‚sub
1443 780 1522 837 beati
1538 781 1611 836 Petri
1618 784 1646 836 et
1662 784 1769 837 nostra
1781 796 1840 853 pro-

138 889 217 946 quos
236 873 363 947 propriis
377 872 517 928 manibus
535 876 586 928 aut
598 870 769 943 sumptibus
783 869 887 936 colitis,
903 869 965 926 sive
1017 869 1143 926 tectione
1158 869 1350 943 suscipimus,
1365 874 1394 926 et
1410 870 1564 943 praesentis
1578 868 1678 942 scripti
1693 869 1839 942 priuilegio

139 963 176 1019 de
192 961 381 1018 nutrimentis
395 966 563 1018 vestrorum
578 960 766 1027 animalium,
783 959 884 1016 nullus
899 974 965 1015 om·
1017 959 1255 1025 communimus;
1267 964 1676 1032 statuentesutquascuuque
1684 960 1839 1030 possessio

138 1052 211 1108 nino
222 1068 240 1108 a
253 1051 339 1108 vobis
350 1050 484 1108 decimas
493 1050 609 1121 exigere
625 1055 795 1123 praesumat.
1017 1062 1082 1114 nes,
1098 1064 1287 1122 quacunque
1299 1047 1466 1105 bonaidem
1477 1048 1560 1105 locus
1571 1047 1602 1104 iu
1615 1048 1839 1120 praesentiarum

173 1141 442 1211 Decernimuserge
456 1138 567 1195 utnulli
579 1136 867 1194 omninohominum
878 1135 965 1193 liceat
1014 1136 1095 1208 juste
1109 1141 1138 1193 et
1150 1138 1294 1194 canonice
1309 1136 1451 1210 possidet,
1467 1142 1520 1194 aut
1530 1136 1561 1192 in
1574 1136 1713 1193 futurum
1729 1152 1839 1195 conces

136 1230 237 1287 locum
251 1229 352 1302 ipsum
360 1235 468 1285 temere
481 1228 663 1300 perturbare,
674 1243 727 1283 seu
738 1227 827 1292 bona,
838 1226 884 1282 vel
896 1242 964 1299 pos·
1017 1224 1100 1281 sione
1114 1225 1300 1297 pontificum,
1312 1224 1468 1299 largitione
1480 1241 1586 1296 regum
1601 1225 1646 1282 rel
1663 1226 1837 1298 principum,

137 1319 285 1375 sessiones
299 1322 411 1373 vestras
433 1317 560 1383 auterre,
580 1316 714 1381 retinere,
737 1316 882 1382 minuere,
909 1331 963 1371 seu
1016 1313 1167 1370 oblatione
1182 1314 1324 1380 fidelium,
1340 1331 1392 1372 sen
1405 1316 1472 1372 aliis
1482 1314 1570 1384 justis
1584 1314 1697 1382 modis,
1713 1317 1772 1373 [tao
1782 1332 1838 1388 pro

137 1407 285 1480 grangias,
302 1406 348 1463 rel
361 1405 481 1463 cellaria
496 1411 593 1462 vestra
610 1404 766 1476 invadere,
783 1405 827 1461 rel
840 1404 961 1472 violare,
1016 1403 1100 1476 pitin,
1116 1403 1370 1475 poteritadipisci‚
1384 1403 1472 1460 firma
1484 1403 1571 1460 vobis
1589 1403 1761 1477 vestrisque
1777 1419 1838 1459 sur·

136 1512 189 1552 seu
200 1495 384 1568 quibuslibet
394 1494 538 1551 molestiis
553 1493 677 1566 fatigare
689 1511 695 1549 :
709 1493 762 1549 sed
777 1494 963 1550 omuiainte-
1016 1492 1191 1548 cedentibus
1206 1497 1235 1549 et
1249 1492 1365 1549 illibata
1376 1498 1595 1566 permaneantr
1611 1493 1641 1549 in
1657 1491 1773 1566 quibus
1783 1493 1837 1549 haec

136 1600 191 1656 gra
204 1589 536 1647 conserventureerum,
548 1598 602 1656 pro
612 1582 962 1654 quornmgubernatione
1016 1581 1146 1654 propriis
1160 1581 1301 1638 duximus
1316 1582 1513 1654 exprimenda
1533 1581 1693 1640 vocabulis
1711 1600 1719 1638 ι
1736 1584 1836 1639 Locum

136 1678 164 1731 et
179 1673 391 1730 sustentatione
404 1688 547 1729 concessa
561 1675 641 1737 sunt,
657 1670 764 1727 usibus
780 1671 963 1728 omnimodis
977 1659 1000 1714 Β
1015 1670 1116 1743 ipsum
1133 1671 1168 1726 de
1183 1672 1260 1738 Tart,
1276 1675 1305 1728 et
1320 1672 1419 1728 locum
1434 1673 1484 1745 qui
1505 1672 1613 1729 dicitnr
1632 1675 1763 1729 llarmot
1777 1687 1837 1728 cnm

136 1763 303 1836 protutura,
331 1761 414 1817 salva
432 1760 513 1817 sedis
535 1760 707 1834 apostolica
733 1761 906 1817 auctoritate
933 1765 963 1817 et
1016 1759 1202 1831 appendiciis
1214 1759 1317 1828 suiset
1327 1760 1838 1833 plenariumusagiumtotiusnemo

135 1851 296 1907 dioecesani
312 1849 443 1921 episcopi
459 1849 605 1905 canonica
618 1850 796 1906 reverentia.

173 1939 200 1996 Si
209 1954 271 2011 qua
281 1938 369 2010 igitur
378 1939 408 1994 iu
420 1937 551 1994 futurum
567 1937 765 1994 aecclesiastica
773 1938 962 1996 saecularisve

136 2027 961 2100 parsona,hancnostroeconstitutionispaginamsciens,

136 2121 239 2174 contra
254 2132 322 2173 eam
334 2123 444 2173 temere
458 2115 555 2172 venire
575 2117 739 2182 tentaverit,
756 2116 889 2173 secunde
904 2122 962 2173 ter·

134 2204 961 2276 tiorecommonita,sinonsatisfactionecongruaemeu·

134 2296 257 2361 daverit,
273 2294 429 2367 potestatis
441 2293 626 2366 honorisque
639 2293 684 2350 sui
695 2293 837 2366 dignitate
849 2301 958 2362 carcaa

134 2400 278 2458 reamque
287 2401 318 2440 se
327 2384 429 2440 divino
436 2382 680 2454 judicioexistere
691 2382 727 2438 de
733 2384 959 2456 perpetrataini-

1015 1847 1100 1904 risda
1113 1848 1214 1904 Villers
1230 1871 1236 1913 ;
1249 1850 1451 1921 grangiamde
1463 1849 1638 1908 Lamblento
1653 1864 1839 1923 cumappsn·

1014 1936 1099 1994 dicits
1110 1938 1182 2002 suis,
1195 1953 1289 2010 quam
1301 1939 1640 1996 llumbertnsdeBisseio
1652 1938 1743 1996 vobis
1752 1939 1838 1996 libere

1014 2024 1096 2082 dedit
1110 2042 1178 2082 cum
1193 2030 1275 2083 Petro
1289 2027 1402 2099 majore
1417 2033 1445 2085 et
1463 2028 1633 2085 haeredibus
1654 2028 1681 2099 ej
1688 2045 1734 2092 us,
1746 2028 1783 2084 de
1797 2042 1838 2083 as·

1014 2129 1105 2171 sensu
1120 2114 1251 2186 lingonis
1263 2116 1301 2172 de
1317 2117 1653 2189 Bello-Montadecujus
1668 2120 1839 2174 casamento

1015 2203 1837 2276 erat,etplenariumusagiumtotiusuemorisdevillers;

1014 2292 1171 2362 grangiam
1196 2293 1233 2349 de
1251 2294 1411 2351 Alta-Silva
1430 2311 1500 2352 cum
1519 2295 1710 2368 appendiciis
1728 2296 1801 2362 suis,
1814 2300 1838 2351 et

1014 2381 1155 2452 usagium
1174 2381 1343 2455 plenarium
1359 2383 1390 2440 iu
1413 2384 1530 2456 campis
1551 2389 1580 2442 et
1604 2385 1635 2441 in
1659 2384 1744 2441 silris
1766 2389 1794 2441 et
1812 2386 1837 2440 in

134 2477 248 2547 quitata
261 2477 431 2544 cognoscat,
445 2478 473 2527 et
486 2488 504 2528 a
515 2471 846 2544 sacratissimocorpore
856 2476 958 2528 etsan·
1013 2471 1133 2543 pascuis
1147 2487 1154 2537 ;
1168 2475 1196 2527 et
1208 2472 1341 2529 decimas
1355 2489 1432 2546 quas
1446 2489 1636 2548 possessores
1650 2489 1760 2531 earnm
1775 2477 1837 2530 ante

133 2562 223 2634 guine
237 2562 288 2619 Dei
304 2567 332 2619 et
346 2561 463 2618 Domini
473 2561 678 2633 Redemptor-is
691 2560 783 2617 nostri
793 2561 863 2616 iesu
879 2561 959 2618 Chri·
1011 2558 1230 2617 dedicationem
1241 2561 1774 2635 ecetestoetttiusgrangisinaspectu
1786 2563 1836 2619 do·

130 2652 167 2709 sti
179 2651 276 2708 aliena
289 2652 352 2717 liat,
369 2656 459 2724 atque
472 2651 503 2706 iu
516 2654 649 2706 extremo
664 2650 802 2706 examine
816 2650 957 2708 districtae
1012 2648 1085 2704 mini
1104 2649 1241 2721 praesulis
1258 2650 1464 2708 cabilonensis
1476 2652 1658 2724 verpierunt.
1668 2651 1836 2710 Sanelaho-

130 2742 234 2799 ultioni
251 2742 414 2814 subjaceat.
438 2740 556 2796 Cunctis
571 2744 671 2797 autem
689 2739 785 2796 eidem
801 2739 867 2796 loco
879 2740 958 2811 justa
1010 2752 1079 2792 rum
1094 2741 1271 2804 vestrorum,
1281 2754 1357 2812 quos
1365 2739 1493 2812 propriis
1501 2740 1703 2797 manibusaut
1717 2738 1836 2813 sumpti·

129 2831 319 2888 servantibus
346 2831 384 2886 sit
402 2846 460 2903 pax
483 2828 598 2886 Domini
622 2828 715 2885 nestri
743 2827 813 2884 Jesu
840 2829 956 2902 Christi,
1011 2824 1069 2882 bus
1084 2824 1189 2893 colitis,
1206 2826 1266 2882 sive
1281 2830 1318 2883 de
1334 2829 1523 2885 nutrimentis
1539 2833 1710 2886 rostrorum
1725 2830 1833 2886 anima·

12 2914 16 2921 '
128 2925 275 2987 quatenus
290 2925 318 2976 et
331 2919 380 2975 hic
395 2918 523 2975 lructum
537 2918 624 2974 bonae
640 2916 764 2973 actionis
781 2917 954 2990 percipiant,
1009 2911 1095 2979 lium.
1110 2914 1239 2971 nulluse
1253 2916 1338 2972 vobis
1351 2916 1483 2974 decimas
1499 2916 1615 2988 exigere
1625 2923 1802 2990 praesumal·

127 3013 156 3065 et
168 3008 249 3080 apud
269 3008 435 3063 districtum
447 3007 581 3079 judicem
599 3005 723 3078 praemia
738 3011 856 3062 reternae
871 3009 954 3080 pacis
975 3010 995 3066 C
1047 3004 1315 3074 Deceruimusergo
1331 3005 1440 3063 utnulli
1452 3006 1834 3064 hominumomninoliceat

128 3096 291 3154 inveniant.
303 3101 409 3153 Amen.
1009 3090 1165 3163 praelatum
1171 3090 1271 3149 locum
1280 3095 1575 3166 temereperturbare,
1586 3100 1639 3152 aut
1649 3097 1675 3167 ej
1682 3113 1717 3152 ns
1725 3111 1836 3168 posses-

162 3188 223 3257 Ego
239 3187 389 3257 [ingenius
404 3184 561 3243 Catholieae
576 3182 710 3239 Ecclesiae
729 3185 899 3257 episcopus.
1009 3178 1109 3236 aiones
1126 3180 1249 3248 auferre,
1269 3182 1313 3238 vel
1328 3182 1445 3240 ablatas
1459 3185 1595 3249 retinere,
1616 3192 1670 3241 aut
1685 3184 1834 3258 aliquibus

161 3277 221 3347 lige
233 3278 363 3333 ioannes
380 3275 528 3332 diaconus
543 3272 703 3331 cardinalis
718 3275 833 3331 Sancta
853 3275 952 3332 Mariae
1007 3270 1834 3344 vexationibuslatigare,sedomniaintegraconserren·

125 3367 225 3424 Novae.
1007 3361 1055 3414 tur
1068 3359 1173 3415 restris
1187 3360 1750 3434 usibusomnimodisproiutura,satra
1765 3363 1833 3419 sedis

161 3456 221 3525 Ego
236 3452 424 3511 flumbatdus
439 3450 569 3524 presbyt,
586 3452 668 3509 card.
684 3450 760 3508 tituli
774 3452 951 3510 Sanctorum
1007 3447 1832 3523 apostolicaeetdioecesaniepiscopicanonicarevercntia.

122 3543 246 3600 loannis
265 3548 293 3600 et
307 3541 398 3599 Pauli.
1006 3534 1037 3591 Si
1052 3537 1213 3607 quaigitur
1227 3537 1258 3593 in
1274 3537 1410 3596 futurum
1424 3540 1643 3597 ecclesiastisca
1660 3544 1834 3601 secularisve

160 3633 221 3703 Ego
234 3631 385 3689 ilibericus
398 3631 540 3688 Ostiensis
551 3630 723 3703 episcopus.
1005 3626 1226 3698 personamus
1235 3634 1345 3686 nestroe
1352 3631 1568 3688 constitutionis
1575 3631 1724 3704 paginam
1732 3634 1834 3699 sciens,

160 3723 221 3792 Ego
234 3720 349 3775 imarus
363 3719 549 3775 Tusculanus
562 3719 730 3791 episcopus.
1005 3720 1109 3772 centra
1124 3732 1191 3773 eam
1206 3721 1315 3775 temere
1331 3719 1433 3775 venire
1446 3721 1613 3787 tentaverit,
1629 3723 1768 3779 secundo
1783 3727 1836 3777 ter-

160 3808 221 3879 Ege
237 3809 395 3880 ttyacintus
410 3809 527 3864 diacon.
541 3807 622 3865 eard.
635 3809 665 3864 s.
681 3808 776 3865 Mariae
787 3809 817 3865 in
833 3808 951 3866 Cosme-
1004 3803 1083 3861 tiore
1090 3806 1835 3880 communita,sinonsatisfactioneaongruaemen·

124 3895 186 3952 din.
1004 3891 1127 3959 daverit,
1141 3895 1293 3965 potestatis
1306 3895 1490 3970 honorisque
1505 3898 1551 3953 sni
1562 3897 1712 3969 dignitate
1726 3904 1833 3967 careat,

159 3986 220 4055 Ego
245 3983 339 4041 Guido
365 3984 498 4057 presbyt.
521 3984 602 4040 card.
622 3984 665 4041 tit.
691 3986 740 4043 SS.
759 3987 906 4043 Laurentii
922 3992 950 4044 et
1004 3997 1147 4054 reamque
1167 3999 1197 4039 se
1217 3984 1319 4040 divino
1332 3985 1445 4056 iudicio
1465 3987 1590 4044 existere
1607 3987 1645 4043 de
1661 3992 1834 4060 perpetrata

127 4074 261 4130 Damasi.
1004 4068 1158 4143 iniquitate
1173 4079 1343 4143 cognoscat,
1360 4079 1416 4130 eta
1431 4075 1635 4133 sacratissimo
1650 4093 1778 4150 corpore
1802 4093 1833 4132 ac

158 4163 270 4224 Datum
284 4162 417 4219 cluniaci
426 4177 614 4235 permenam
622 4162 768 4220 (tuitionis
779 4167 949 4221 sanetoetto.
1005 4160 1152 4231 sanguine
1173 4161 1222 4217 lici
1246 4167 1274 4218 ct
1292 4163 1409 4219 Domini
1429 4166 1637 4237 Redemptoris
1654 4169 1752 4224 nostri
1768 4168 1833 4223 Jesu

123 4267 222 4310 manee
242 4251 380 4308 Ecelesiae
401 4252 520 4309 diaconi
537 4252 697 4308 cardinalis
720 4258 747 4309 et
767 4254 947 4319 cancellarii,
1004 4247 1109 4304 Christi
1120 4248 1217 4306 aliena
1229 4249 1289 4323 liat,
1307 4256 1396 4325 atque
1410 4253 1441 4308 iu
1453 4258 1586 4310 extremo
1595 4255 1833 4313 anamiuedlslri-

122 4340 384 4413 septimolialend.
399 4341 503 4413 April,
515 4340 676 4397 indictione
691 4358 720 4408 a,
733 4343 948 4399 incarnationis
963 4366 986 4421 D
1003 4341 1058 4394 cte
1083 4336 1186 4393 ultioni
1202 4339 1367 4410 subjaceat.
1391 4342 1510 4397 Cunctis
1525 4347 1626 4399 autem
1645 4343 1748 4402 eidam
1770 4345 1833 4401 loco

124 4430 285 4488 Dominicae
299 4446 377 4487 anno
394 4434 471 4497 1147,
487 4429 678 4503 pontificatus
688 4446 760 4488 vero
774 4432 879 4489 domni
895 4435 949 4489 Eu·
1001 4427 1083 4497 justa
1098 4427 1286 4484 servantibus
1300 4429 1401 4502 sitpax
1411 4430 1526 4488 homini
1539 4432 1707 4489 nostritesu
1717 4432 1831 4499 Christi,

123 4519 204 4591 genii
216 4521 252 4576 lll
265 4533 352 4592 papae
367 4535 448 4577 anno
462 4520 557 4576 tertio.
1002 4520 1151 4587 quatenus
1170 4521 1199 4572 et
1212 4516 1260 4573 hic
1275 4516 1404 4576 fructum
1417 4518 1503 4576 bonae
1514 4522 1638 4577 achonis
1654 4523 1832 4597 percipiant,

478 4661 580 4719 ΜΠ
1002 4607 1031 4660 et
1045 4604 1127 4676 apud
1142 4605 1308 4663 districtum
1318 4608 1453 4678 judicem
1470 4610 1595 4680 praemia
1609 4616 1733 4669 reteruoe
1750 4613 1831 4686 pacis

1001 4690 1165 4749 inveniant.
1181 4698 1287 4764 amen,
1300 4712 1399 4763 amen,
1412 4713 1512 4755 amen.

225 4776 422 4850 Priviteqiam
434 4793 490 4848 pro
500 4778 686 4848 parthenone
702 4777 847 4835 Tartarei.
1038 4781 1098 4850 ligo
1112 4783 1260 4854 Eugenius
1276 4785 1433 4842 catholicae
1449 4787 1586 4844 Ecclesiae
1599 4789 1776 4863 episcopus.

376 4896 473 4962 (Anno
485 4894 564 4960 1117,
575 4892 654 4965 April
668 4893 707 4965 3.)

1038 4871 1144 4926 Datum
1157 4872 1238 4944 apud
1245 4873 1376 4931 ttaisnile
1389 4875 1547 4944 Lambcrti,
1562 4892 1616 4949 per
1626 4880 1831 4938 manumGui-

386 5018 392 5030 Ι
1001 4957 1089 5015 donis
1104 4966 1216 5018 sancta
1232 4965 1373 5020 Romanae
1386 4967 1525 5022 Ecclesia
1537 4965 1658 5025 diaconi
1668 4970 1829 5028 cardinalis

173 5017 338 5093 [plllfflsslr
354 5018 428 5074 ΗΜ·
444 5017 480 5074 de
492 5018 673 5089 BWWer
690 5019 777 5089 We
793 5032 822 5090 p·
839 5019 895 5089 4⁷]
1001 5052 1030 5103 et
1043 5048 1259 5117 cancellantur
1276 5055 1375 5109 Nonas
1383 5055 1499 5127 Aprilis,
1515 5055 1719 5124 indictiones,
1733 5063 1830 5117 lucar

158 5134 469 5206 Eucearusepiscopus‚
483 5147 749 5188 serrasserrorum
764 5134 824 5199 Dei,
832 5132 946 5190 dilectis
1000 5137 1131 5194 nationis
1140 5141 1300 5198 Dominicis
1315 5144 1563 5202 annomillesimo
1573 5149 1741 5208 centesimo
1753 5166 1828 5224 qua·

117 5223 148 5280 in
173 5223 287 5279 Christo
307 5221 427 5278 filiabus
454 5223 605 5277 Ecrzaaern
624 5219 785 5277 abbatissae
805 5220 842 5277 da
866 5221 944 5289 Tart,
999 5224 1172 5295 dragesimo
1188 5230 1322 5301 septimo,
1334 5234 1720 5305 pontilicatusverodomni
1737 5241 1827 5311 Euge·

117 5311 242 5383 ejusque
256 5309 420 5375 sororibus,
432 5313 493 5366 tam
507 5308 704 5382 praesentibus
719 5324 812 5382 quam
828 5308 943 5378 futuris,
999 5314 1041 5371 nli
1054 5315 1185 5389 lllpapae
1205 5333 1285 5375 anne
1306 5322 1402 5379 tertio.

116 5396 286 5466 regularem
300 5400 390 5456 vitam
410 5398 567 5471 professis,
584 5398 820 5471 inperpetuum.

151 5483 944 5561 Desideriumquodadraligtonispropositumelani·
