3728 6000
75 250 128 305 381

743 252 924 311 SPECULUM
945 253 1050 311 Fttttst.

1665 252 1717 309 lbi

67 387 138 443 gere
155 374 182 428 ei
197 389 252 428 non
272 372 336 431 licet
353 393 435 432 sensu
450 376 540 449 aliquo
562 377 604 433 vel
620 379 732 434 rationis
742 379 787 435 vel
803 396 867 435 col·-
882 375 910 436 A
924 374 978 431 dlld
993 376 1127 446 spirituali
1142 376 1280 434 intellectu
1294 376 1355 448 ipsu
1369 376 1468 448 Spiritu
1479 383 1575 432 881]ch
1594 375 1720 447 pl'aedthD

68 462 147 531 poris
171 461 207 517 ad
228 462 439 521 discutiendum.
464 466 517 521 Sed
533 467 689 533 netimeas,
704 484 782 525 serre
797 470 846 524 Dei
861 492 869 541 ;

66 565 122 602 non
134 558 298 605 moueantur
312 554 398 621 pedes
416 554 462 621 tui,
486 569 538 608 nou
553 554 729 610 effundantur
747 572 869 628 gressus.

66 635 198 693 lulidelcs
223 641 301 711 signs
330 649 423 711 petunt
440 660 446 703 ;
463 644 617 699 bn‘sitantes
641 646 800 713 sapientiam
825 661 870 703 rc·

65 724 190 793 quirunt.
213 726 251 780 Tu
267 743 333 783 vero
355 731 519 796 amplectere
538 733 676 787 Cltristum
698 734 867 800 crucitixum,

66 812 269 881 praedestinatis
283 817 318 871 ad
332 818 435 873 ruinam
459 820 628 885 scandalum,
648 821 818 889 sapientibus
841 823 868 876 iu

65 900 155 955 oculis
170 903 229 957 suis
244 904 394 972 stultitiam,
411 908 461 961 sed
473 910 577 963 ineatis
599 909 724 964 omnibus
739 916 766 964 et
786 911 867 979 justi-

64 986 193 1055 ficandis,
220 991 270 1045 Dei
297 993 468 1062 sapientiam,
497 1005 523 1051 et
552 996 601 1051 Dei
639 997 763 1052 virtutem
780 1016 787 1061 ;
804 1000 868 1069 quia

65 1078 143 1146 quod
154 1080 267 1134 stultum
282 1090 323 1136 est
339 1083 399 1148 Dei,
416 1083 574 1153 sapientius,
591 1092 617 1140 et
632 1087 703 1157 quod
718 1084 865 1156 infirmum,

66 1166 169 1221 lortius
182 1177 226 1223 est
243 1170 373 1225 omnibus
393 1172 549 1227 bominibus
566 1174 589 1231 tl
605 1175 665 1230 Cor.
690 1174 720 1243 ι).
745 1175 777 1229 Si
802 1192 867 1230 sen·

62 1269 127 1309 sum
144 1257 235 1311 carnis
251 1259 384 1323 consulis,
403 1262 512 1315 stultum
534 1262 641 1316 ridetur
656 1271 682 1316 et
705 1260 841 1318 inlirmum
859 1282 866 1320 r

63 1342 85 1397 si
108 1353 203 1399 autem
226 1359 291 1402 cum
316 1348 450 1418 Apostolo
468 1366 577 1404 sensum
602 1351 700 1407 Chri-ti
729 1352 866 1419 habueris,

62 1431 206 1504 intelliges
236 1435 356 1490 Verbum
376 1437 424 1493 Dei
444 1454 578 1493 summam
605 1455 666 1494 esse
694 1440 866 1510 sapientiam,

64 1519 112 1575 sed
128 1520 273 1578 stultitiam
290 1525 368 1592 liuius
387 1527 528 1596 saptentiae
552 1544 611 1583 esse
635 1543 743 1583 carnem
759 1529 866 1595 Verbi;

65 1616 92 1662 ιιι
106 1608 172 1680 quia
186 1612 312 1666 carnales
326 1613 426 1685 quique
440 1631 490 1684 per
500 1616 590 1670 carnis
614 1617 786 1687 prudentiam
803 1634 868 1688 per-

925 461 1118 537 inuestiganda
1134 485 1141 531 ;
1157 467 1192 522 de
1207 466 1306 538 quibus
1314 465 1378 522 dicit
1390 465 1568 537 Apostoluss
1585 466 1619 521 Ut
1627 471 1719 520 notum

925 550 1025 609 laceret
1041 555 1120 609 nobis
1130 563 1330 611 sacramentum
1344 552 1716 625 voluntatissuaetdpbss.1)u

925 638 1066 696 Occultum
1081 644 1153 697 enim
1170 644 1318 699 voluntatis
1332 644 1383 698 Dei
1402 652 1429 698 et
1450 643 1612 697 altissimum
1627 649 1676 705 est,
1694 648 1721 696 et

923 730 1044 784 omnium
1059 740 1291 787 sacramentorum
1299 740 1502 788 sacramentum
1518 748 1525 794 ;
1542 729 1614 801 quod
1625 739 1718 785 uotum

924 816 989 873 lucit
1003 819 1154 874 secundum
1170 820 1273 875 bonum
1283 820 1413 891 placitum
1428 835 1516 884 suum,
1537 817 1635 890 quibus
1649 817 1717 884 vult,

922 913 949 959 et
980 906 1049 961 sicut
1076 909 1133 962 uult
1154 928 1160 963 :
1182 909 1254 979 quod
1271 910 1342 964 sicut
1360 908 1481 963 divinum
1503 916 1554 973 est,
1575 907 1614 962 sic
1632 905 1716 961 modo

923 994 1041 1064 quodam
1049 996 1141 1052 divino
1149 997 1250 1053 revelat
1259 998 1284 1053 ei
1293 997 1337 1068 qui
1348 996 1468 1051 donante
1484 995 1545 1066 ipso
1554 995 1654 1065 dignus
1665 1002 1718 1050 est.

922 1079 994 1149 Quin
1011 1084 1165 1154 potiusnon
1180 1085 1312 1151 divinum,
1336 1084 1384 1139 sed
1400 1085 1483 1149 Deus,
1511 1090 1560 1147 est,
1573 1083 1637 1153 quia
1659 1081 1717 1153 ipse

922 1179 963 1224 est
978 1171 1095 1241 Spiritus
1110 1180 1228 1244 sanctus,
1244 1174 1291 1244 qui
1318 1171 1503 1227 substantialis
1517 1172 1567 1226 Dei
1595 1170 1719 1227 voluntas

923 1267 978 1312 est.
997 1260 1062 1315 llaec
1076 1263 1150 1316 enim
1165 1270 1207 1317 est
1222 1261 1346 1318 voluntas
1368 1260 1428 1325 Dei,
1454 1276 1507 1331 qus
1535 1259 1599 1315 lacit
1626 1260 1721 1317 omnis

923 1364 984 1418 qum
999 1349 1056 1403 vult
1072 1350 1156 1412 Deus,
1171 1350 1206 1405 de
1219 1366 1271 1419 quo
1286 1350 1415 1418 scriptum
1431 1356 1482 1405 est.
1501 1372 1512 1398 ι
1530 1347 1627 1404 Omnia
1641 1364 1720 1421 quae·

922 1451 1029 1505 cunque
1046 1438 1130 1493 soluit
1144 1438 1278 1494 Dominus
1302 1438 1461 1503 lecittl'ant.
1485 1437 1610 1506 cxxxiv).
1629 1460 1640 1485 ι
1658 1438 1720 1507 lpsc

924 1539 993 1596 ergo
1008 1525 1128 1594 Spiritus
1144 1536 1265 1597 sanctus,
1281 1534 1308 1582 et
1322 1527 1365 1582 cui
1381 1542 1411 1581 se
1424 1525 1554 1590 inlundit,
1583 1525 1644 1597 ipsa
1669 1525 1720 1582 Del

924 1613 1052 1669 voluntas
1067 1622 1094 1669 ct
1110 1615 1136 1669 in
1152 1615 1250 1686 quotu
1264 1614 1417 1684 innotescit,
1432 1630 1483 1671 nec
1496 1613 1639 1669 innotescit
1653 1611 1718 1668 alibi

64 1697 172 1768 tingere
188 1715 243 1753 non
258 1700 383 1756 valebant
403 1703 436 1756 ad
451 1704 613 1774 sapientiam
631 1706 691 1773 Dei,
711 1722 760 1775 per
777 1706 866 1761 stulti·
881 1726 907 1785 Β
924 1716 1006 1770 quam
1021 1702 1067 1756 ubi
1082 1703 1126 1758 sit.
1142 1703 1211 1759 Nam
1223 1705 1274 1759 etsi
1290 1720 1305 1759 a
1319 1703 1449 1759 charitato
1464 1702 1576 1757 luminis
1597 1706 1626 1757 et
1640 1701 1718 1756 veri-

64 1783 130 1839 tiam
146 1787 354 1857 praedicationis
368 1799 394 1845 et
408 1790 471 1846 fidei
487 1792 699 1863 simplicitatem,
720 1794 748 1848 id
763 1803 804 1849 est
818 1811 867 1866 per
922 1789 983 1843 tatis
996 1789 1059 1858 ejas
1072 1790 1244 1847 abscondere
1259 1808 1289 1847 sn
1303 1807 1357 1848 non
1372 1799 1463 1861 potest
1475 1789 1571 1846 oculus
1592 1791 1718 1846 humanas

62 1886 177 1930 earnem
204 1876 296 1945 Verbi,
326 1888 465 1934 sanentur.
494 1880 597 1937 Stultus
625 1891 691 1951 esto,
708 1889 737 1937 ιιι
758 1883 867 1953 sapiens
919 1877 1043 1945 rationis,
1058 1894 1112 1934 non
1128 1887 1218 1935 tamen
1235 1879 1290 1936 nisi
1306 1887 1351 1951 qut
1366 1894 1428 1935 sam
1444 1878 1519 1945 lacit,
1535 1885 1561 1933 et
1578 1878 1606 1933 in
1616 1876 1715 1948 quolit,

63 1959 122 2027 lias,
144 1972 172 2019 et
197 1963 397 2021 illuminabitur
425 1968 474 2022 tibi
504 1967 672 2041 dispensatio
701 1972 867 2028 sacramenti

64 2050 221 2107 absconditi
236 2055 371 2110 ssaecmis
385 2054 412 2108 in
429 2056 497 2121 Deo,
512 2057 557 2129 qui
579 2059 669 2113 omnia
684 2060 796 2126 creavit,
824 2060 865 2114 in-

65 2138 176 2195 tirmare
191 2140 227 2196 ad
238 2140 373 2197 infirmum
399 2143 461 2211 Dei,
477 2154 503 2200 ct
517 2146 607 2201 disces
631 2148 763 2217 quamsit
786 2164 867 2218 supa·

65 2228 207 2284 reminens
221 2231 377 2302 magnitudo
399 2231 507 2288 virtutis
523 2234 580 2303 ejus
594 2234 621 2289 in
637 2249 688 2290 nos
702 2236 747 2307 qui
773 2235 865 2292 credi·

63 2316 169 2383 dimus,
205 2318 353 2374 secundum
382 2321 565 2392 operationem
603 2324 731 2396 potentin
761 2325 866 2383 virtutis

64 2404 133 2473 ejus.

99 2495 159 2550 Nec
174 2501 272 2550 terreat
288 2496 407 2551 animum
423 2497 530 2554 fidelem
545 2508 735 2556 momentanea
749 2510 775 2558 et
790 2518 865 2573 prm-

66 2583 209 2637 tervolans
228 2584 374 2656 trepidatio
389 2586 416 2640 in
444 2588 593 2653 credendo,
615 2589 658 2643 cui
686 2589 790 2646 deiide
810 2605 864 2645 non

65 2668 147 2725 deest
183 2670 263 2727 bonae
299 2674 486 2742 eonscientiae,
508 2685 535 2731 et
557 2677 726 2734 conscientia
750 2678 866 2749 Spiritus

60 2758 351 2827 sanctitestimonium,
364 2762 386 2816 si
401 2765 482 2818 etiarn
503 2765 765 2821 subsxaminationo
792 2783 865 2822 mar·

60 2845 124 2916 tprii
139 2846 215 2901 lacta
229 2847 311 2902 fuerit
332 2850 521 2923 interrogatio.
539 2852 562 2908 Ο
578 2852 667 2907 tidelis
678 2854 779 2923 anima,
809 2870 863 2909 noo

61 2939 88 2987 te
111 2933 227 2988 damnat
251 2934 346 2992 insons
366 2948 473 3005 natura,
494 2941 542 2995 sed
563 2949 653 3012 stupet
672 2943 705 2995 ad
725 2942 861 2998 insolita:

920 1964 1037 2021 volendo
1065 1966 1181 2033 scilicet,
1199 1968 1271 2039 quod
1300 1967 1358 2024 vult
1373 1968 1454 2033 Deus,
1475 1967 1614 2037 particeps
1627 1973 1718 2035 potest

920 2069 981 2109 esse
996 2054 1055 2123 ejus
1069 2056 1221 2111 suauitatis.
1239 2057 1314 2113 Sicut
1328 2055 1402 2111 enim
1416 2070 1472 2110 nnn
1495 2054 1586 2119 sentit,
1601 2053 1654 2107 nisi
1669 2053 1716 2124 qni

919 2141 994 2207 vivit,
1011 2142 1074 2213 quia
1088 2144 1198 2199 nonnisi
1213 2144 1328 2200 virentis
1342 2143 1398 2200 vita
1419 2151 1459 2199 est
1473 2158 1535 2214 quar
1555 2141 1637 2197 sentit
1652 2155 1659 2209 3
1675 2139 1714 2197 sic

919 2227 992 2283 illam
1007 2245 1089 2286 nemo
1104 2232 1155 2287 soit
1168 2232 1196 2286 in
1210 2248 1264 2304 quo
1280 2248 1332 2288 non
1348 2230 1387 2298 fit,
1403 2230 1529 2303 quamvis
1550 2244 1606 2285 non
1619 2243 1716 2285 omnes

920 2332 980 2373 cam
995 2318 1082 2375 sciant
1095 2320 1139 2376 rel
1152 2322 1270 2377 sentiant
1284 2320 1310 2376 in
1325 2321 1424 2394 quibus
1443 2319 1483 2387 tit,
1499 2320 1568 2376 sicut
1582 2319 1610 2373 in
1623 2317 1714 2375 inlan-

918 2406 992 2461 tibus
1006 2417 1032 2463 et
1042 2407 1145 2465 idiotis.

955 2494 1028 2550 Sicut
1043 2497 1116 2552 enim
1132 2498 1208 2553 multi
1224 2498 1356 2554 trabentes
1369 2498 1487 2553 animam
1499 2495 1624 2552 nesciunt
1651 2494 1715 2568 quid

918 2581 953 2636 sit
966 2585 1066 2650 anima,
1083 2586 1123 2641 sic-
1136 2586 1213 2641 multi
1229 2586 1366 2641 habentes
1377 2587 1493 2660 gratiam
1509 2583 1714 2640 nesciunteam.

919 2670 952 2725 Ei
973 2686 1041 2728 uero
1055 2690 1135 2744 quem
1151 2675 1203 2729 sibi
1227 2673 1320 2739 afficit,
1337 2676 1439 2730 revelat
1460 2674 1596 2731 exteriora
1623 2686 1715 2728 sacra-

918 2769 1009 2815 menta
1023 2777 1083 2817 cum
1111 2762 1231 2818 omnium
1248 2778 1295 2818 res
1310 2770 1543 2819 sacramentorum
1573 2776 1622 2816 sua
1635 2761 1666 2814 in
1680 2774 1714 2816 so

916 2857 1045 2918 operatur
1059 2849 1248 2923 significativa.
1267 2852 1329 2921 lpse
1341 2851 1413 2905 enim
1427 2866 1460 2906 ea
1474 2857 1564 2906 sacrat
1594 2849 1714 2920 Spiritus

917 2943 1034 3002 sanctus,
1051 2945 1079 2992 ut
1094 2938 1149 2992 sint
1164 2944 1244 2994 tantas
1257 2939 1295 2994 rei
1309 2946 1479 2994 sacramenta
1496 2955 1503 2993 ι
1519 2938 1620 3008 ipseca
1631 2951 1713 2993 rere·

59 3036 115 3075 nnn
130 3022 297 3092 detrectans,
312 3025 495 3096 aliquidscire
506 3037 649 3100 appetens.
666 3030 733 3086 Vide
748 3039 861 3086 matrem
917 3023 1008 3094 laudo,
1029 3024 1103 3081 lideli
1118 3026 1294 3082 conscientias
1314 3028 1497 3089 commendat,
1523 3026 1550 3081 in
1578 3042 1630 3098 qna
1657 3040 1714 3081 retu

59 3108 185 3175 Domini,
201 3112 319 3182 speciale
333 3113 396 3169 lidei
411 3115 532 3187 signum.
551 3120 671 3188 Accepto
687 3119 863 3175 bononuntio

60 3196 160 3253 salutis
191 3208 300 3267 nostran
334 3210 362 3257 et
393 3205 578 3275 conceptionis
610 3222 676 3273 suae,
696 3215 724 3262 et
747 3208 865 3280 pignore

60 3287 148 3343 sancti
170 3286 298 3356 Spiritus,
321 3291 473 3347 certissime
488 3301 602 3349 matrem
619 3295 725 3349 Domini
745 3295 862 3351 loturam

59 3389 89 3429 se
104 3374 234 3439 credens,
259 3377 363 3447 aliquid
391 3388 492 3449 tamen,
522 3382 608 3437 idest
634 3383 753 3453 mysterii
781 3384 863 3454 liujus

58 3461 228 3532 adimplendi
240 3465 365 3533 modum,
379 3468 451 3523 scire
466 3469 551 3525 voluit
565 3470 671 3525 dicens.
689 3491 701 3519 s
719 3471 863 3540 Qtromndo

59 3548 106 3603 liet
116 3549 199 3617 istud,
219 3553 350 3624 quoniam
364 3554 452 3610 virum
464 3572 517 3612 non
526 3573 663 3631 cognosco
680 3561 694 3612 ⁶?
711 3580 722 3609 ι
740 3559 817 3627 (buc.
830 3561 863 3632 ι.)

58 3637 130 3693 liena
158 3636 214 3694 lide
242 3643 351 3696 tenebat
368 3660 375 3706 ;
392 3645 502 3699 modum
518 3646 590 3702 scire
599 3646 781 3703 desiderabat.
794 3649 860 3705 ltem

57 3726 278 3796 amplectebatur
291 3730 383 3785 anima
399 3731 499 3800 tidelis,
516 3736 689 3791 confortante
714 3752 775 3791 eam
801 3737 862 3808 ipsa

57 3814 147 3883 gratia
163 3822 292 3886 quaerat
306 3818 398 3887 plena,
414 3820 462 3875 sed
479 3821 594 3876 modum
609 3839 665 3894 quo
681 3823 708 3878 id
723 3823 796 3880 lieret
808 3825 861 3880 mi-

59 3903 176 3957 rabatur
189 3910 301 3974 stupens
318 3916 423 3962 natura.
441 3908 579 3965 Sentiebat
604 3911 738 3983 siquidem
763 3914 819 3982 jam
835 3914 862 3968 in

58 3992 151 4061 seipsa
181 3992 356 4058 singulariter
383 4005 544 4065 operantem
569 3999 699 4069 Spiritum
726 4010 860 4068 sanctum,

59 4080 108 4134 sed
125 4080 265 4136 mirabilia
281 4098 341 4151 quae
355 4084 486 4139 credebat
504 4086 643 4142 nesciebat
658 4104 719 4144 enm
740 4090 767 4145 in
779 4106 863 4146 carne

58 4182 111 4222 sua
134 4168 196 4223 sine
225 4171 329 4226 auxilio
348 4172 438 4227 carnis
456 4182 648 4244 operaturum.
668 4176 717 4232 Cui
732 4179 858 4251 angelus.

60 4255 224 4324 «Spiritus,
256 4258 354 4328 inquit,
388 4270 499 4317 sanctus
522 4265 697 4333 supern'ertiet
724 4265 752 4320 in
780 4275 814 4334 te,
835 4275 862 4323 et

58 4344 147 4399 rictus
179 4346 310 4400 Altissimi
337 4347 514 4406 obumbrabit
543 4352 592 4407 tibi
616 4353 751 4423 libido.»
778 4359 817 4411 lc
838 4355 862 4411 si

916 3111 1007 3182 ipsam
1023 3122 1153 3185 operatur
1168 3114 1276 3171 occulta
1290 3117 1393 3188 gratia.
1412 3114 1546 3171 Omnibus
1560 3114 1631 3170 onim
1645 3114 1716 3170 ints·

917 3200 1033 3256 rioribus
1045 3204 1144 3258 nostris
1158 3203 1272 3259 interior
1282 3205 1366 3271 Deus,
1375 3204 1401 3258 in
1414 3202 1593 3259 exterioribus
1603 3203 1714 3270 nostris,

917 3286 972 3344 hoc
987 3297 1028 3345 est
1041 3290 1068 3345 in
1083 3291 1209 3347 sensibus
1220 3293 1344 3361 corporis
1359 3291 1495 3347 exteriora
1511 3291 1589 3346 nobis
1599 3290 1713 3358 credidi,

917 3388 1227 3452 sacramenta,pcrquae
1241 3379 1371 3436 interiora
1392 3388 1486 3435 nostra
1505 3379 1539 3434 ad
1554 3393 1605 3433 sua
1626 3379 1714 3434 intro-

916 3466 1176 3534 duceretinteriora,
1194 3483 1244 3538 per
1271 3469 1453 3540 corporalium
1483 3474 1714 3523 sacramentorum

916 3555 1103 3624 operationem
1132 3555 1261 3626 paulatim
1285 3558 1421 3612 suscitans
1435 3557 1461 3611 in
1491 3556 1569 3612 nobis
1596 3555 1713 3629 gratiam

916 3643 1085 3713 spiritualem
1100 3662 1106 3699 :
1123 3644 1169 3714 qui
1195 3645 1280 3700 etiam
1303 3644 1338 3699 ad
1360 3647 1413 3702 troc
1443 3646 1620 3702 inclinaverat
1633 3659 1663 3699 ss
1677 3643 1713 3700 ad

915 3733 1084 3787 consortium
1100 3732 1273 3789 humanitatis
1299 3741 1409 3802 nostrae,
1438 3743 1468 3789 ut
1489 3734 1635 3807 participes
1661 3748 1714 3790 nos

915 3819 1034 3875 efficeret
1048 3820 1197 3877 divinitatis
1211 3838 1278 3877 suaa.

951 3908 1017 3963 ldeo
1028 3909 1141 3979 jubente
1153 3910 1247 3967 salutis
1262 3918 1361 3967 nostrae
1375 3917 1486 3967 auctore
1507 3910 1534 3965 ln
1549 3925 1619 3981 aqua
1647 3910 1715 3981 bap·

916 3996 990 4051 tismi
1008 4012 1074 4053 caro
1102 3999 1207 4054 latratur
1230 4000 1359 4064 exterius,
1388 3999 1500 4056 interius
1522 4015 1587 4055 vero
1615 3998 1717 4071 Spiritu

916 4091 1011 4141 sancto
1030 4094 1158 4157 operante
1183 4088 1272 4143 anima
1292 4086 1449 4158 puriticatur
1465 4105 1472 4149 ;
1488 4094 1516 4143 et
1542 4087 1582 4143 sic
1609 4087 1637 4142 in
1663 4086 1717 4143 lida

917 4172 963 4227 filii
974 4174 1094 4230 hominis
1108 4183 1135 4231 ct
1149 4175 1208 4231 Filii
1225 4176 1276 4231 Dei
1299 4176 1441 4246 justilicati
1465 4176 1590 4232 homines
1615 4190 1716 4246 pecca·

917 4270 989 4317 tores
1008 4262 1161 4320 efficiuntur
1187 4263 1234 4319 lilii
1251 4264 1313 4321 Dei.
1345 4265 1523 4335 corporalem
1554 4263 1645 4328 etiam,
1668 4263 1716 4319 sed

918 4349 1153 4421 incorruptibilem
1168 4354 1258 4408 cibum
1272 4352 1399 4425 corporis
1414 4360 1440 4409 et
1453 4351 1593 4423 sanguinis
1607 4350 1717 4406 Domini

57 4432 166 4487 diceret
185 4447 192 4486 :
207 4433 316 4505 Digitus
330 4436 382 4491 Dei
393 4446 434 4493 est
449 4438 502 4494 bic.
518 4440 563 4495 Sic
581 4440 615 4495 de
629 4441 764 4513 spirituali
780 4460 862 4515 rege·
878 4434 904 4494 D
919 4441 1065 4496 nrauducat
1080 4442 1162 4497 bomo
1172 4441 1260 4497 tidelis
1268 4442 1458 4513 corporaliter,
1473 4440 1522 4495 sed
1548 4437 1717 4508 incorrupti·

58 4518 208 4575 notatione
224 4521 358 4592 baptismi,
386 4525 498 4580 modum
514 4527 575 4596 ejus
600 4530 748 4584 sciscitanti
776 4532 862 4588 Nico·
920 4527 1011 4582 biliter
1027 4543 1034 4596 ;
1050 4529 1184 4584 intantum
1200 4530 1380 4600 corporaliter
1401 4528 1480 4585 nobis
1508 4532 1715 4600 congruentem,

56 4608 141 4663 demo
156 4608 288 4664 Dominus
297 4612 457 4682 respondit:
474 4638 485 4662 a
504 4616 621 4684 Spiritus
636 4618 681 4673 nbi
693 4620 750 4674 vult
765 4620 860 4691 spirat,
918 4624 1050 4685 quantum
1064 4616 1307 4686 incorruptibiliter
1333 4633 1384 4672 nos
1410 4617 1545 4672 leuantem
1559 4631 1567 4686 ;
1583 4615 1715 4670 intumum

56 4707 84 4751 et
99 4712 196 4753 rocem
213 4697 273 4767 ejus
284 4699 372 4767 andis,
383 4710 410 4756 et
424 4704 517 4758 nescis
535 4704 605 4759 unde
625 4706 725 4772 veniat,
749 4716 794 4762 aut
809 4724 863 4778 quo
919 4702 1111 4759 intellectualis
1125 4702 1238 4758 radonis
1260 4718 1372 4759 sensum
1400 4704 1459 4760 Deo
1485 4703 1714 4768 conlormantem,

56 4785 148 4841 ratlat.
162 4786 209 4841 Sic
220 4795 262 4841 est
277 4788 368 4843 omnis
384 4790 430 4862 qui
446 4801 527 4863 narras
538 4801 579 4847 est
605 4811 637 4848 ex
649 4795 745 4865 spiriru
767 4798 859 4865 (roan,
915 4789 1072 4863 inquantum
1100 4798 1184 4863 gustu
1212 4791 1313 4848 amoris
1329 4791 1473 4847 illuminati
1495 4791 1553 4847 Deo
1566 4791 1715 4847 unientem.

59 4884 112 4937 tut.
131 4905 144 4931 ι
162 4884 204 4938 De
232 4893 406 4943 sacramento
434 4904 543 4961 quoque
559 4890 684 4961 corporis
699 4900 725 4946 et
754 4894 863 4966 sangui·

57 4979 101 5033 uis
116 4979 159 5034 sui
170 4980 368 5051 scandalizatis,
382 5008 394 5031 ι
414 4985 533 5055 Spiritus
548 4995 600 5054 est,
631 4989 730 5061 inquit,
747 4990 792 5062 qui
816 4991 861 5045 vi-

56 5076 148 5131 viticat
164 5093 171 5130 :
188 5091 253 5133 caro
268 5086 359 5134 autem
378 5096 433 5137 uon
454 5083 564 5152 prodest
592 5085 738 5155 quidquam
768 5088 860 5156 (loon.

55 5173 106 5245 rr).
125 5194 136 5221 ι
154 5172 255 5229 Omnia
279 5177 352 5231 enirn
368 5178 425 5233 boec
439 5184 568 5249 operatur
582 5197 653 5237 unus
681 5191 761 5254 atque
787 5183 859 5239 idem

56 5269 190 5339 Spiritus,
205 5271 275 5326 sicut
297 5274 377 5337 vult;
403 5276 570 5331 constituens
584 5288 754 5334 sacramenta
783 5280 857 5349 lidei,

55 5366 110 5421 alia
125 5374 156 5421 ιιι
169 5367 223 5423 sint
237 5384 320 5426 sacrae
338 5371 375 5427 rei
390 5372 470 5445 signs
490 5376 644 5443 corporalia
672 5386 698 5432 et
726 5377 857 5450 risibilia,

54 5464 125 5519 sieut
139 5465 169 5519 in
185 5465 330 5536 baptismo,
355 5468 425 5524 sicut
439 5471 467 5524 in
482 5482 654 5529 sacramento
682 5475 805 5545 corporis
834 5484 860 5533 et

53 5560 199 5635 unguinis
212 5562 322 5621 Domini
338 5582 345 5629 ;
361 5565 415 5622 alia
427 5573 456 5622 ut
470 5569 526 5624 sint
537 5576 640 5626 tantum
656 5586 733 5629 sacra
758 5586 857 5631 recon-

915 4887 1122 4957 Temporalibus
1149 4887 1223 4943 enim
1251 4888 1363 4955 assueti,
1393 4888 1592 4960 temporalibus
1620 4904 1716 4945 sumus

915 4984 1069 5057 purgandi;
1086 5000 1137 5041 nec
1152 4987 1265 5059 purgati
1281 4987 1453 5042 merebimur
1466 4994 1629 5042 aetemnruna
1644 5000 1715 5042 con-

915 5083 1130 5154 templationem,
1146 5084 1199 5139 nisi
1214 5084 1349 5157 purgandi
1365 5084 1562 5157 temporalibus
1578 5083 1714 5141 adhibue-

914 5183 1001 5237 rimus
1029 5180 1124 5237 lidem.
1143 5181 1317 5254 temporalia
1341 5198 1409 5239 raro
1434 5184 1494 5240 baec
1508 5191 1535 5239 et
1558 5180 1715 5238 transitoria

915 5288 987 5347 sunt,
1008 5286 1035 5335 et
1047 5287 1138 5335 tamen
1153 5295 1202 5351 per
1214 5278 1347 5351 primitias
1363 5280 1480 5352 Spiritus
1494 5280 1640 5352 praeterunt
1655 5278 1716 5352 pri·

914 5378 1005 5434 mitiss
1024 5384 1189 5434 aeternorum
1206 5396 1213 5434 :
1230 5381 1258 5433 et
1272 5378 1385 5451 utrique
1409 5386 1572 5455 congruunt,
1597 5385 1624 5436 et
1646 5394 1714 5452 pro-

913 5475 1028 5532 mittenti
1041 5472 1115 5544 lidei,
1132 5484 1159 5533 et
1180 5475 1328 5547 implendo
1353 5477 1471 5548 raritati,
1500 5486 1526 5536 et
1553 5478 1714 5535 mortalitati

912 5575 1023 5644 nostre,
1039 5582 1066 5633 et
1079 5573 1422 5651 eternitatiloturre.9uod
1428 5575 1711 5657 potissimnminpcr·
