3728 6000
65 283 122 342 lib
764 277 909 339 AENIGHA
928 277 1038 339 siout.
1667 281 1719 342 lii

65 420 177 463 summa
211 404 368 481 equalitate
394 406 452 465 ulla
479 405 676 480 intelligeretur
709 403 865 468 diversitas.
882 404 910 466 Α
925 401 1090 481 proprietate
1105 403 1322 474 distinctas;non
1332 404 1441 460 nomina
1451 406 1658 474 tamtummodo,
1671 405 1720 463 sed

62 493 227 554 Certissima
246 494 346 568 quippe
363 502 391 551 et
410 495 444 551 de
467 495 616 568 scripturis
635 494 821 565 cognoscitur,
843 497 870 547 et
923 500 948 548 et
964 493 1105 548 nominum
1126 493 1319 565 proprietates,
1349 493 1436 549 idest
1456 509 1596 565 personas,
1612 494 1670 549 siva
1690 502 1720 548 ut

61 585 109 655 pie
126 582 296 645 credendum
312 589 363 655 est,
379 591 405 641 et
417 583 445 639 in
460 585 512 641 boc
530 584 611 639 etiam
631 590 757 655 aspectus
771 580 870 636 mentis
923 579 1013 637 Graeci
1039 579 1141 647 dicunt,
1168 582 1339 654 hypostases,
1365 583 1417 638 boc
1444 589 1485 637 εει
1511 581 1715 637 subsistentias.

60 670 267 747 perstringitur,
282 688 341 733 esse
356 680 383 738 et
400 688 463 735 eum
480 672 526 745 qui
541 673 624 733 Pater
638 679 689 739 est,
705 678 731 726 ει
745 687 806 725 eum
822 668 869 744 qui
921 669 980 725 Nec
991 669 1070 725 Pater
1080 670 1193 726 rituam
1202 670 1316 742 Spiritus
1326 670 1565 742 sanctialiquaudo
1575 685 1721 741 personam

59 759 147 827 ilibus
166 768 218 837 est,
243 768 270 816 ει
291 776 353 817 enm
382 761 428 835 qui
454 761 568 833 Spiritus
596 767 707 817 sanctus
732 767 787 822 est;
818 772 868 815 nee
922 758 1123 814 excludit:nec
1157 776 1252 820 rursus
1279 759 1362 814 Filius
1390 771 1436 814 aut
1460 759 1577 828 Spiritus
1609 766 1720 814 sanctus

60 847 191 903 eumdem
205 863 266 903 esse
289 848 406 914 Patrem,
429 848 475 923 qui
495 848 578 903 Filius
602 856 658 917 est,
669 863 759 921 neque
778 847 867 917 ipsum
921 846 1009 901 Patris
1020 862 1121 903 nomen
1133 863 1330 919 personamque
1338 847 1431 918 recipit
1442 865 1449 909 ;
1462 847 1510 902 sed
1520 847 1597 901 Pater
1606 861 1718 916 semper

60 951 125 992 esse
153 936 286 1012 Spiritum
310 944 443 1004 sanctum,
476 936 522 1011 qui
551 937 636 997 Filius
664 935 866 991 atrtPaterest.
922 935 1000 990 Pater
1025 944 1074 1007 est,
1099 937 1183 992 Filius
1207 951 1317 1006 semper
1344 937 1439 1004 Filius,
1471 934 1584 1004 Spiritus
1607 941 1717 990 sanctus

61 1023 132 1078 Cum
147 1032 308 1085 tamennon
323 1025 434 1080 auderet
449 1033 504 1080 tres
519 1024 766 1088 essentiasdioere,
789 1038 866 1094 qure-
920 1039 1028 1095 semper
1050 1025 1166 1099 Spiritus
1191 1033 1309 1081 sanctus.
1337 1023 1430 1095 ltaque
1457 1023 1606 1078 substantia
1635 1037 1719 1077 unum

63 1111 140 1188 sirit,
168 1111 236 1184 quiri
266 1112 325 1171 sinc
348 1111 513 1175 offendiculo
541 1113 653 1178 diceret,
678 1120 704 1167 ει
721 1111 792 1167 dixit
815 1121 868 1166 tres
921 1115 994 1181 sunt,
1010 1114 1134 1183 personis
1158 1129 1188 1167 ac
1204 1113 1357 1169 nominibus
1376 1113 1585 1184 distinguuntur.
1610 1112 1643 1165 Et
1660 1111 1720 1167 haec

59 1215 212 1276 ρεεεεεεε.
231 1198 340 1272 Quibus
354 1201 511 1256 nominibus
527 1217 581 1256 non
595 1201 782 1256 diversitatem
791 1199 869 1254 intei-
921 1208 963 1256 est
978 1216 1039 1256 mea
1054 1200 1138 1267 iides;
1152 1203 1215 1273 quia
1238 1203 1296 1257 baec
1310 1208 1351 1256 εει
1375 1201 1510 1256 catholica
1528 1199 1596 1255 tides
1611 1200 1645 1253 de
1660 1199 1720 1254 Ilo-

59 1288 110 1361 ligi
122 1289 218 1357 voluit,
236 1289 284 1343 sed
299 1289 516 1362 singularitatem
538 1289 633 1357 noluit,
658 1305 693 1345 ne
715 1289 793 1363 quasi
807 1288 866 1343 sin·
921 1287 994 1343 mino
1014 1289 1070 1344 Deo
1097 1298 1201 1354 nostro,
1230 1291 1317 1355 Patre,
1339 1288 1417 1354 Filio,
1438 1296 1464 1343 et
1479 1288 1580 1359 Spiritu
1604 1295 1712 1342 sancto:

59 1377 143 1450 gulos
156 1376 356 1451 intelligeretur
365 1378 564 1444 Deus,sdilicet
574 1386 666 1433 utnon
680 1378 767 1433 solum
782 1377 819 1432 ibi
829 1377 868 1431 in·
921 1377 997 1449 cujus
1017 1376 1164 1443 intellectu,
1186 1378 1274 1448 qrralis
1295 1378 1323 1432 in
1345 1376 1503 1447 hujusmodi
1525 1377 1607 1431 rebus
1635 1375 1719 1430 intel-

60 1464 202 1537 telligatur
217 1465 307 1520 uuitas
323 1482 356 1521 ex
372 1481 405 1522 εο
419 1467 493 1539 quod
509 1467 636 1522 dicuntur
650 1474 704 1522 tres
723 1480 865 1537 personae:
922 1465 1007 1520 iectus
1022 1481 1083 1521 esse
1099 1476 1196 1537 potest,
1213 1467 1248 1521 ad
1264 1466 1446 1537 cognitionem
1462 1465 1621 1529 divinitatis,
1631 1463 1719 1535 qualis

59 1552 137 1629 quod
149 1552 201 1608 etsi
213 1569 258 1608 res
284 1554 354 1613 sicut
368 1561 421 1621 est,
436 1569 491 1609 non
513 1554 657 1618 diceretur,
681 1568 737 1609 non
752 1555 867 1608 omnino
921 1559 947 1606 et
969 1553 1006 1610 ibi
1027 1555 1147 1628 cognitio
1168 1571 1230 1609 csse
1245 1562 1343 1626 potest,
1369 1554 1549 1629 pertenditur,
1578 1553 1666 1620 primo
1682 1551 1716 1606 de

60 1649 156 1696 tamen
179 1645 327 1708 taceretur,
351 1657 413 1697 oum
435 1646 613 1721 quaereretur,
642 1642 708 1714 quid
733 1642 792 1707 tria,
820 1641 867 1696 vel
921 1642 1067 1696 credendis
1080 1644 1153 1697 nulia
1178 1641 1335 1698 infidelitate
1363 1641 1526 1707 dubitando,
1552 1640 1650 1694 deinde
1679 1637 1713 1694 de

57 1728 125 1801 quid
142 1737 197 1787 tres
209 1747 216 1784 ε
229 1729 276 1784 sed
298 1732 438 1786 communi
462 1731 544 1793 etiam
563 1729 645 1786 modo
666 1730 787 1802 loquenti
813 1729 865 1785 ali·
879 1756 907 1820 B
920 1729 1106 1803 intelligendis
1131 1730 1204 1785 uuila
1219 1729 1376 1785 infidelitate
1393 1729 1552 1795 dubitando,
1568 1727 1668 1783 deinde
1682 1726 1718 1783 de

56 1816 124 1889 qnid
149 1817 368 1889 responderetur.
395 1819 556 1875 Nonsoium
578 1827 678 1884 autem,
703 1818 753 1873 sed
776 1826 803 1874 ει
817 1834 866 1889 per
920 1817 1104 1890 intelligendis
1128 1819 1202 1873 attila
1223 1819 1373 1874 temeritate
1402 1816 1567 1885 definiendo,
1592 1824 1717 1887 postmo-

57 1905 122 1961 hseo
144 1905 259 1961 nomina
276 1906 354 1960 trium
382 1922 561 1978 personarum
582 1906 653 1962 iacta
673 1913 715 1961 est
739 1906 866 1962 omnibus
920 1907 984 1961 dum
1000 1922 1066 1963 vero
1090 1907 1195 1962 veritati
1217 1923 1278 1967 cum
1301 1907 1465 1979 apparuerit,
1491 1904 1607 1962 tideliter
1629 1909 1656 1960 ει
1671 1919 1717 1959 ar·

57 1992 189 2048 lideiibus
211 1993 287 2048 iandi
303 1994 337 2049 de
352 1993 480 2051 ineffabili
496 1994 572 2067 copia
586 1995 732 2064 copiosior,
751 1999 778 2049 ει
792 2010 865 2050 com·
919 1992 1077 2048 dentissime
1090 1993 1259 2049 inhaerendo.

57 2080 231 2161 pendiosior,
257 2090 284 2136 ει
305 2082 339 2143 εει
364 2083 583 2154 respondendum
603 2083 705 2139 cautius
728 2082 863 2150 inimicis,
954 2081 1050 2135 Tribus
1080 2082 1150 2137 enim
1180 2082 1364 2155 intelligentie
1392 2082 1522 2155 gradibus
1551 2079 1716 2150 proficerent
1798 2152 1803 2164 Ι

58 2176 86 2224 ει
100 2169 138 2223 ad
152 2169 275 2224 subtilius
290 2169 479 2242 inquirendum
489 2171 523 2225 de
538 2172 606 2239 Deo,
623 2177 650 2225 et
664 2169 863 2226 conferendum
918 2167 980 2224 fidei
996 2169 1196 2224 ascendendum
1213 2179 1253 2224 εει
1268 2170 1300 2224 ati
1318 2171 1414 2237 Deum,
1438 2177 1464 2223 ει
1481 2168 1516 2224 ad
1530 2168 1716 2239 cognitionem

63 2271 127 2312 cum
144 2257 258 2314 enticis:
279 2267 306 2313 ει
320 2259 456 2314 consessio
474 2258 537 2313 iidei
556 2259 673 2314 formam
687 2258 767 2312 habet
780 2273 864 2313 sano-

64 2361 126 2399 rum
141 2346 287 2401 uerbomm
300 2362 307 2415 ;
319 2355 346 2401 et
364 2346 399 2401 ad
421 2346 592 2403 tractandum
611 2346 654 2402 vel
674 2345 863 2417 disputandum

66 2440 162 2504 aptum
177 2434 256 2489 verbi
272 2433 490 2489 instrumentum.

96 2519 238 2583 Iliiiinitur
254 2530 344 2579 eutem
366 2537 484 2595 persona
505 2537 522 2577 a
544 2521 743 2577 diffinientibus
756 2521 863 2577 duobus

919 2257 989 2327 ejus.
1017 2258 1122 2312 Primus
1146 2259 1249 2330 gradus
1273 2267 1322 2324 est,
1348 2259 1495 2330 diligenter
1525 2257 1715 2328 investigatum

917 2347 1027 2413 babere,
1044 2346 1108 2416 quiri
1123 2347 1174 2400 sibi
1185 2347 1219 2400 dc
1229 2347 1344 2401 Domino
1356 2348 1414 2401 Deo
1426 2363 1475 2400 suo
1486 2345 1519 2399 sit
1530 2344 1715 2411 credendum3

918 2425 1063 2498 secundus,
1080 2435 1217 2508 εεοιεοιιο
1230 2434 1263 2489 de
1278 2450 1311 2489 eo
1325 2433 1396 2506 quod
1412 2441 1484 2489 recte
1500 2433 1626 2500 creditur,
1641 2439 1716 2488 reete

917 2521 1092 2577 nihilominus
1107 2524 1131 2576 ei
1142 2522 1316 2596 cogitandum
1327 2523 1360 2577 sit
1375 2532 1400 2576 et
1410 2522 1573 2593 loquendum
1586 2540 1593 2586 ;
1607 2520 1714 2587 tertius,

917 2609 977 2680 ipsa
990 2611 1047 2679 ism
1063 2626 1154 2666 rerum
1170 2611 1336 2679 experientia
1351 2619 1391 2665 est
1406 2610 1432 2663 in
1451 2609 1592 2665 sentiendo
1607 2609 1641 2662 dc
1656 2608 1714 2663 Do-

916 2697 992 2752 mino
1022 2697 1049 2752 in
1079 2698 1209 2765 bonitate,
1234 2699 1303 2755 sicut
1328 2699 1446 2752 sentiunt
1470 2698 1514 2768 qui
1543 2696 1715 2766 simplicitate

62 2608 156 2664 modis
168 2609 252 2681 :sive
268 2610 410 2666 rationalis
426 2619 528 2666 naturae
540 2610 679 2665 individua
693 2609 860 2665 substantia:

63 2694 135 2760 sive,
152 2696 232 2766 cnjus
250 2711 299 2765 pro
319 2697 359 2750 sui
383 2696 467 2751 forma
487 2705 560 2752 certa
583 2697 617 2750 sit
636 2697 750 2768 agnitio.
773 2696 863 2750 Prima

61 2781 634 2857 diliinitinnomensubstantiaepraeterens,
652 2783 859 2856 quoseoiierat,
916 2785 1005 2842 cordis
1022 2797 1141 2856 quaerunt
1160 2788 1246 2840 illum.
1267 2786 1373 2842 Primus
1392 2794 1445 2839 tum
1459 2786 1543 2840 laciiis
1563 2794 1602 2838 cst
1616 2799 1714 2839 ascen-

60 2885 117 2925 non
133 2871 281 2944 ambiguus
297 2872 450 2929 intellectus
471 2872 666 2929 estu-idalium
691 2872 725 2927 ad
744 2887 861 2927 consor·
916 2874 999 2938 denti,
1019 2876 1225 2946 quamcredere
1247 2873 1325 2929 iaciie
1340 2882 1382 2930 est
1396 2874 1505 2940 volenti,
1522 2874 1569 2927 sed
1592 2872 1635 2927 oui
1663 2871 1714 2927 da-

59 2958 127 3013 tium
143 2961 286 3024 nominum
305 2976 403 3016 eorum
419 2977 479 3033 quae
501 2961 713 3016 substantialiter
726 2960 759 3014 ad
783 2976 812 3016 se
827 2960 861 3016 da
916 2969 973 3016 tum
991 2971 1042 3017 est.
1058 2963 1133 3018 Sicut
1147 2963 1218 3018 enim
1234 2962 1380 3037 Apostolus
1408 2963 1482 3026 dicit,
1500 2985 1510 3009 α
1529 2977 1581 3014 εοε
1592 2961 1713 3015 omnium

58 3046 117 3103 lieo
137 3047 289 3104 dicuntur:
316 3056 346 3103 ut
368 3048 438 3103 sicut
461 3048 564 3106 dicitur
590 3050 662 3104 Deus
678 3050 767 3113 l‘ater,
787 3049 862 3104 Deus
916 3057 956 3105 est
973 3049 1041 3107 fides
1056 3052 1091 3120 (li
1121 3052 1211 3108 liress.
1232 3051 1283 3120 ru).
1308 3072 1319 3098 n
1349 3050 1490 3106 Secundus
1509 3065 1542 3106 eo
1566 3048 1711 3114 diiiicilior,

59 3134 157 3205 Filius,
172 3136 247 3191 Deus
260 3135 374 3207 Spiritus
387 3143 551 3202 sanctustct
566 3145 655 3192 tamen
670 3152 726 3191 non
742 3144 798 3191 tres
810 3136 860 3203 dii,

59 3222 108 3278 sed
123 3239 199 3279 nnus
209 3232 249 3278 est
263 3225 333 3278 Deus
345 3241 352 3279 :
366 3224 405 3279 sio
415 3224 437 3279 si
450 3224 485 3279 de
499 3225 556 3280 Deo
568 3240 685 3295 persona
693 3225 859 3295 predicetur,

58 3311 169 3366 dicatur
182 3325 300 3383 persona
315 3313 404 3379 Pater,
419 3327 536 3382 persona
550 3312 643 3378 Filius,
662 3328 779 3384 persona
793 3313 860 3384 Spi-

56 3400 125 3454 ritus
140 3408 264 3466 sanctus‚
287 3399 314 3453 in
330 3416 440 3459 summa
455 3416 519 3455 vero
542 3415 596 3456 una
615 3416 743 3472 persona.
767 3401 799 3455 ut
813 3418 858 3456 sc-

58 3486 180 3546 cundum
197 3487 267 3542 hanc
281 3486 474 3547 diffinitionem
489 3504 544 3543 non
558 3488 692 3560 magisibi
708 3489 749 3543 las
759 3497 800 3543 εει
813 3489 859 3543 di-

57 3591 120 3635 eere
131 3583 189 3631 tres
203 3591 342 3655 personas,
358 3592 440 3648 quam
460 3584 514 3631 tres
528 3577 605 3632 deos.
619 3578 703 3631 Porro
722 3579 801 3645 juxta
814 3577 858 3631 ai·

57 3672 143 3720 teram
161 3661 348 3722 diffinitionem
359 3665 482 3739 requisiti
497 3664 561 3735 quid
576 3676 641 3730 tres,
662 3664 859 3735 respondemus

59 3761 115 3808 tres
128 3767 283 3823 personas:
296 3768 359 3807 cum
385 3752 501 3826 siuguiae
519 3767 613 3809 earum
634 3767 668 3806 ex
683 3752 772 3806 iorma
793 3767 858 3823 pro·

55 3839 238 3896 nuntiationis
257 3857 322 3907 sure,
337 3858 392 3914 qua
410 3841 518 3908 dicitur,
541 3841 598 3895 sive
622 3855 741 3911 persona
759 3840 856 3908 Patris,

56 3927 114 3992 sire
146 3943 266 4003 persona
289 3930 359 3998 Filii,
389 3930 447 3983 sivo
470 3943 588 4000 persona
614 3928 728 3999 Spiritus
760 3929 857 3999 sancti,

57 4023 163 4070 certam
179 4016 220 4070 sui
236 4015 412 4086 praeferentes
427 4017 599 4088 agnitionem
615 4016 669 4081 tad
685 4015 857 4087 responden·

58 4102 124 4159 dum
141 4103 212 4178 quid
223 4111 285 4170 tres,
299 4105 418 4177 aliquam
429 4105 544 4159 babeant
556 4105 719 4162 facultatem.
737 4106 857 4176 Respon-

56 4190 138 4247 detur
160 4191 276 4249 enimet
298 4193 405 4261 dieitur,
427 4200 480 4246 tres
500 4208 627 4263 persone
646 4194 783 4249 communi
805 4209 857 4251 no·

56 4278 143 4347 mine,
159 4278 230 4333 sicut
244 4287 300 4334 tres
322 4280 449 4339 bomines
464 4280 522 4336 sive
540 4288 594 4336 tres
619 4297 757 4352 personae,
778 4281 857 4351 quest

57 4366 111 4421 trn’a
124 4366 240 4437 propria
256 4366 378 4432 relativa,
395 4373 424 4423 ut
433 4367 615 4441 intelligantur
625 4383 743 4437 persona
757 4368 855 4436 Patris,

916 3154 970 3209 quo
983 3155 998 3193 a
1013 3146 1110 3195 natura
1131 3155 1221 3193 rerum
1237 3138 1374 3204 remotior,
1390 3153 1483 3193 eorum
1499 3145 1549 3200 εει,
1566 3137 1621 3208 qui,
1643 3137 1714 3192 sieut

914 3225 987 3281 idem
1002 3225 1066 3281 dicit
1080 3227 1225 3295 Apostolus
1241 3242 1291 3297 pro
1307 3225 1497 3282 consuetudine
1515 3247 1525 3272 a·
1548 3224 1713 3278 exercitatos

912 3313 1013 3368 babent
1027 3328 1126 3368 sensus
1143 3314 1177 3369 ad
1200 3314 1389 3370 discretionem
1409 3312 1472 3366 boni
1488 3319 1514 3366 et
1528 3309 1591 3367 maii
1612 3311 1708 3377 tilebr.

914 3401 952 3472 v),
975 3424 986 3450 ε
1004 3402 1128 3473 quamvis
1157 3411 1184 3457 ει
1212 3401 1355 3457 acuriosis
1380 3405 1572 3472 praesumatur.
1604 3397 1711 3452 Tertius

913 3490 1096 3559 perlectorum
1118 3498 1169 3556 est,
1196 3489 1242 3559 qui
1266 3489 1300 3543 de
1329 3495 1383 3542 toto
1411 3488 1495 3542 corde
1521 3502 1581 3552 sun,
1607 3486 1641 3541 de
1656 3493 1712 3540 tota

913 3579 1004 3632 anima
1017 3593 1076 3645 sua,
1093 3588 1121 3632 ct
1135 3594 1167 3631 cx
1183 3577 1255 3631 omni
1272 3585 1360 3632 mente
1374 3592 1432 3643 sua,
1457 3573 1582 3633 affectant
1598 3573 1712 3647 diligere

912 3665 1058 3723 Dominum
1084 3666 1170 3720 Deum
1194 3664 1443 3736 suumtprimitias
1474 3663 1533 3733 jam
1557 3671 1583 3717 et
1611 3663 1712 3736 pignus

913 3752 1030 3826 Spiritus
1045 3753 1186 3818 habentes,
1202 3752 1274 3824 quod
1293 3753 1343 3807 sint
1360 3753 1419 3807 Filii
1443 3752 1503 3807 Dei.
1526 3753 1594 3806 item
1609 3752 1711 3822 primus

912 3843 1016 3914 gradus
1028 3841 1054 3895 iu
1068 3840 1228 3898 auctoritate
1240 3839 1375 3902 tundalus,
1390 3838 1451 3895 iidei
1465 3847 1516 3903 est,
1533 3840 1634 3894 babens
1648 3837 1711 3894 ior-

915 3945 987 3985 mam
1003 3928 1076 3992 fidei,
1088 3929 1209 4000 probatae
1227 3927 1392 3985 auctoritatis
1417 3927 1607 3999 probabilibus
1630 3926 1710 3982 testi-

913 4018 1016 4077 moniis
1026 4017 1177 4076 fundatam.
1199 4017 1339 4073 Secundus
1354 4016 1466 4070 rationis
1486 4025 1538 4082 est,
1555 4015 1711 4091 non-retio-

912 4107 954 4160 nis
973 4108 1106 4171 humanae,
1125 4107 1171 4159 scd
1188 4106 1245 4172 εῐεε
1261 4121 1321 4175 quse
1335 4104 1444 4179 proprie
1456 4103 1517 4158 fidei
1535 4113 1577 4158 εει
1588 4119 1594 4174 ;
1607 4103 1711 4159 babens

911 4202 938 4250 ot
953 4195 1009 4266 ipse
1025 4192 1138 4248 sormam
1159 4208 1285 4248 sanorum
1315 4193 1342 4246 in
1357 4191 1410 4248 fide
1435 4193 1579 4248 verborum
1610 4192 1710 4249 diuinae

912 4280 1063 4337 auctoritati
1083 4281 1240 4352 peremnia
1260 4281 1433 4336 concordem.
1461 4282 1547 4352 liujus
1562 4288 1604 4336 cst
1626 4280 1708 4349 scire,

911 4386 964 4424 nrm
978 4371 1066 4424 solum
1089 4368 1209 4440 cogitare
1230 4377 1255 4423 et
1280 4369 1352 4439 loqui
1378 4369 1411 4423 de
1434 4372 1489 4425 Deo
1508 4369 1710 4425 rationabiliter

56 4468 178 4533 persona
194 4453 263 4521 titii,
279 4470 397 4525 persona
418 4455 531 4526 Spiritus
549 4456 645 4512 sancti.
663 4455 770 4510 Etcum
790 4471 856 4524 pro·
869 4448 898 4510 D
913 4457 1067 4513 secundum
1097 4457 1229 4512 rationem
1258 4455 1397 4522 fidei;sed
1425 4465 1452 4511 et
1476 4457 1613 4528 quomodo
1640 4455 1709 4511 fides

56 4543 150 4617 prium
165 4542 199 4596 sit
214 4541 301 4607 Patris
314 4542 389 4615 quod
403 4545 518 4613 geuuit;
541 4543 680 4615 proprium
697 4543 770 4612 Filii,
786 4543 859 4614 qrrod
913 4545 1011 4600 eadem
1022 4544 1072 4603 fiat
1091 4545 1136 4599 ubi
1151 4560 1205 4600 non
1229 4552 1278 4608 εει,
1306 4545 1437 4598 nutriatur
1459 4553 1483 4598 ει
1504 4545 1644 4612 adjuvetur
1663 4543 1708 4598 ubi

56 4628 170 4701 genitus
183 4637 224 4685 est
236 4648 243 4693 ;
254 4629 392 4705 proprium
407 4629 525 4703 Spiritus
540 4631 636 4697 sancti,
652 4631 723 4701 quod
737 4631 772 4685 ab
787 4640 859 4685 utro·
913 4640 964 4700 εει,
976 4641 1002 4689 ει
1016 4633 1131 4708 qualiter
1145 4641 1236 4688 contra
1257 4633 1379 4687 inimicos
1401 4632 1575 4697 defendetur.
1601 4632 1708 4687 Tertius

59 4734 114 4794 qne
131 4717 313 4789 procedit;in
337 4719 379 4773 his
397 4720 513 4797 propriis
532 4719 606 4775 nulla
627 4720 786 4793 intelligitur
804 4735 858 4775 na·
910 4722 968 4792 jam
983 4721 1079 4795 gratiae
1093 4719 1269 4774 illuminantis
1285 4726 1310 4773 et
1332 4719 1510 4775 beatificantis
1532 4723 1585 4785 est,
1610 4718 1708 4774 finiens

60 4812 127 4869 turae
142 4806 291 4880 separatio,
302 4806 350 4869 sed
365 4807 489 4883 quaedam
505 4808 658 4885 personalis
670 4808 783 4881 agnitio.
795 4809 859 4869 ilaee

58 4892 220 4948 denomino
240 4910 374 4964 personae,
397 4896 470 4967 quod
489 4896 515 4950 in
540 4912 622 4952 causa
637 4905 664 4952 ει
677 4896 781 4952 ratione
795 4896 858 4954 iidei

58 4995 75 5034 a
90 4983 196 5037 sanctis
213 4983 337 5037 Patribus
347 4986 498 5054 appositum
511 4993 559 5040 εει.
569 4985 631 5039 Νοε
644 4985 715 5039 enim
727 4984 857 5053 injustum

56 5082 147 5146 risum
164 5087 203 5135 est
218 5079 347 5136 Ecclesiae
365 5081 425 5150 Dei,
441 5080 468 5135 in
479 5082 630 5138 ordinando
652 5081 780 5153 dogmate
794 5081 857 5136 iidei

57 5185 170 5235 sanctos
184 5177 277 5233 Patres
287 5193 413 5250 magnam
428 5177 531 5234 habere
545 5179 644 5235 debere
659 5179 855 5247 auctoritatem,

57 5276 104 5348 qni
124 5288 257 5344 magnum
277 5289 330 5345 pro
350 5273 403 5330 fide
425 5275 591 5344 pertulerunt
609 5275 744 5345 laborem,
767 5291 856 5347 usque

56 5372 92 5427 ad
122 5370 284 5426 allusionem
312 5373 454 5443 sanguinis
481 5372 531 5439 sui,
566 5381 592 5428 ct
620 5373 855 5429 mortificationem

53 5483 199 5541 corporum
214 5482 340 5522 snorum.
359 5466 446 5523 Credo
458 5485 523 5541 ergo
535 5476 562 5525 et
577 5468 707 5526 confiteor
730 5485 811 5524 unum
827 5469 854 5525 in

55 5562 142 5619 tribua
156 5561 281 5634 personia
300 5560 397 5630 ileum,
420 5570 475 5620 tres
494 5580 625 5636 personas
647 5582 791 5637 expressas
804 5566 855 5623 εει)

912 4807 1002 4876 iidem,
1019 4825 1066 4864 seu
1080 4808 1169 4880 potius
1188 4805 1347 4861 beatificans
1368 4806 1394 4860 in
1410 4822 1543 4874 amorem,
1560 4824 1575 4863 u
1592 4805 1644 4861 fide
1675 4806 1708 4861 ad

913 4896 1031 4967 speciem
1052 4896 1244 4956 transmittens,
1269 4894 1422 4950 inchoando
1442 4896 1626 4967 coguitionem
1654 4910 1709 4951 nnn

912 4999 971 5039 eam
987 5001 1046 5054 quae
1061 4983 1123 5039 lidei
1147 4989 1200 5050 est,
1222 4991 1247 5038 et
1266 4999 1326 5038 cum
1350 4983 1402 5037 lide
1424 4984 1465 5038 bic
1492 4983 1584 5052 incipit
1604 5000 1666 5039 esse
1680 4983 1709 5039 in

912 5082 1020 5136 homine
1035 5081 1119 5147 iideii,
1135 5083 1181 5136 sed
1209 5082 1243 5136 de
1259 5096 1313 5152 qua
1337 5081 1482 5150 Apostolus
1503 5081 1585 5135 dicit:
1606 5104 1617 5131 u
1629 5083 1708 5138 Nune

911 5194 1047 5248 cognosco
1062 5193 1095 5232 ex
1110 5186 1204 5247 parte;
1219 5183 1281 5231 lunc
1294 5189 1380 5231 autem
1407 5193 1580 5250 cognoscam,
1597 5179 1665 5233 sicut
1680 5183 1709 5234 ei

910 5275 1038 5346 cognitus
1053 5291 1117 5328 sum
1129 5275 1154 5339 ti
1168 5276 1228 5329 Cor.
1240 5274 1329 5343 artri»
1344 5274 1391 5328 illu
1407 5275 1476 5328 enim
1491 5283 1543 5341 εει,
1560 5290 1640 5346 quam
1651 5292 1712 5347 per·

911 5372 983 5428 scota
998 5371 1115 5427 ebaritas
1136 5370 1242 5424 inchoat
1272 5370 1299 5422 in
1322 5370 1373 5423 hac
1388 5370 1440 5423 situ
1465 5370 1655 5440 perlicicndam
1680 5372 1709 5426 in

911 5469 1013 5525 lutura.
1028 5468 1093 5523 liaec
1112 5483 1179 5522 vero
1201 5469 1343 5538 praesentis
1364 5469 1495 5538 temporis
1513 5468 1575 5525 fidei
1600 5486 1642 5524 res
1656 5476 1707 5538 est,

909 5582 957 5624 seu
968 5565 1058 5638 potius
1073 5564 1130 5637 ipsa
1142 5563 1210 5621 tides
1221 5572 1273 5635 εει,
1289 5583 1339 5640 per
1346 5584 1427 5640 quam
1439 5568 1511 5623 Deus
1523 5567 1706 5638 cognoscitur,
