3704 6000
149 291 201 348 703

656 290 845 349 Gutttmttm
865 291 1015 348 huusms
1035 290 1068 347 S.
1090 289 1310 347 Theodotum
1749 288 1803 344 'ibi

152 416 274 488 spiritum
292 434 298 481 ;
315 433 393 475 uenae
407 417 514 476 arteriis
536 417 729 474 nutrimentum
749 415 882 484 naturale,
898 431 950 472 neo
963 416 991 477 Α
1005 422 1032 470 ει
1046 415 1198 487 operiatur.
1229 415 1402 488 Nomasque
1422 415 1455 471 ad
1472 415 1545 486 piam
1567 406 1684 471 matrem
1711 414 1805 487 aliquo

49 516 53 521 ’
151 521 272 578 unquam
301 507 416 579 sanquis
443 507 570 564 nutritius
598 507 679 563 deest
710 506 737 561 in
764 504 881 572 arteriis,
901 520 951 561 nee

152 595 266 668 spiritus
279 594 404 651 animalis
417 595 445 651 iu
465 597 551 654 venis.
570 596 625 652 Sed
647 595 682 651 ad
706 594 830 667 spiritum
851 594 951 650 redea-

152 699 224 740 mus.

189 773 316 829 Diximus
344 773 408 846 quia
436 775 572 832 transiens
606 774 716 848 spiritus
750 773 897 846 spiritualis
923 773 950 829 in

155 861 334 934 posteriorem
350 864 453 920 cerebri
468 866 594 936 puppim,
611 863 768 920 memoriam
791 865 818 918 in
834 879 867 919 eo
881 880 951 934 ope-

152 956 230 1007 ratur
252 959 279 1006 et
301 960 426 1008 motum:
456 954 616 1010 memoriam
647 969 754 1024 perse,
778 960 878 1008 motum
901 968 952 1022 per

153 1037 286 1095 officiales
312 1056 395 1111 suos;
426 1042 512 1111 nervi,
538 1044 608 1099 sicut
642 1042 670 1098 in
705 1042 834 1098 auteriori
870 1057 951 1114 prora

155 1128 329 1199 phantasiam
343 1145 394 1200 per
408 1146 448 1199 se,
464 1148 575 1187 sensum
589 1147 638 1202 per
656 1131 794 1188 officiales
815 1146 889 1197 suos,
905 1130 951 1202 qui

152 1226 215 1274 sunt
229 1218 352 1290 quinque
367 1235 473 1275 seusus.
490 1221 530 1277 De
554 1220 740 1292 spiritualibus
755 1229 842 1276 autem
868 1221 950 1292 spiri-

152 1313 195 1362 tus
208 1307 360 1363 actionibus
374 1308 513 1380 disputare
524 1308 632 1365 difficile
642 1319 681 1365 est
694 1329 701 1377 ;
717 1310 751 1365 de
762 1311 802 1365 eis
813 1325 876 1367 vero
891 1327 951 1380 quae

149 1410 200 1469 per
212 1394 343 1452 officiales
356 1398 383 1452 in
400 1413 520 1467 corpore
535 1407 581 1453 aut
599 1399 672 1454 circa
688 1415 786 1468 corpus
813 1398 885 1467 lucit,
902 1399 951 1454 ali-

150 1483 217 1556 quid
230 1483 257 1538 in
273 1492 400 1556 promptu
416 1486 510 1554 est,de
525 1487 715 1544 sensuscilicet
728 1497 752 1542 et
766 1488 892 1543 motu.Ut
902 1487 947 1560 igi·

149 1579 193 1628 tar
205 1572 240 1629 de
252 1580 327 1629 motu
346 1573 466 1646 primum
478 1589 591 1647 agamus
614 1576 750 1631 motabilis
774 1577 859 1632 uirtus
882 1576 950 1632 lacta

148 1660 177 1717 in
190 1662 303 1719 cerebro
327 1671 420 1719 movet
445 1680 546 1734 perse
571 1681 632 1738 quae
656 1665 743 1721 vicina
764 1674 835 1721 sunt.
851 1667 950 1720 Natura

1005 503 1157 561 casntaesis
1177 504 1304 560 omnibus
1332 503 1518 576 operimentis,
1547 504 1571 560 si
1596 503 1685 561 nucha
1713 513 1807 560 manet

1004 593 1099 660 illaesa,
1126 594 1232 649 nullum
1256 595 1309 649 erit
1332 593 1497 664 periculum.
1516 593 1612 650 Nucha
1627 593 1745 665 patiente
1762 594 1806 650 rel

1004 683 1099 747 incisa,
1117 699 1229 739 sensum
1246 690 1273 739 et
1291 690 1393 738 motum
1410 683 1525 754 perdunt
1546 683 1636 739 omnia
1664 682 1804 751 inferiora,

1004 773 1190 844 superioribus
1211 773 1239 828 in
1260 787 1309 828 suo
1332 780 1403 828 statu
1423 772 1653 844 permanentibus,
1670 771 1804 827 intantum

1003 871 1033 918 ut
1052 862 1074 916 ai
1089 861 1115 916 in
1136 862 1224 933 prima
1245 860 1366 932 spondili
1389 869 1451 932 post
1472 877 1602 918 craneum
1624 861 1802 933 praecidatur,

1004 950 1155 1021 adjacentia
1169 958 1193 1006 et
1208 950 1376 1020 subjacentia
1397 951 1488 1006 omnia
1509 966 1591 1005 seusu
1611 957 1638 1005 et
1652 957 1729 1005 motu
1743 951 1802 1020 pri-

1004 1049 1111 1097 ventur.
1130 1040 1170 1094 hb
1187 1040 1236 1095 hac
1250 1054 1316 1112 ergo
1331 1041 1417 1094 nucha
1432 1055 1481 1110 per
1496 1054 1597 1094 nervos
1613 1038 1677 1094 hinc
1691 1047 1718 1094 et
1739 1038 1802 1094 inde

1003 1129 1168 1200 prodeuntes
1183 1144 1278 1184 sensus
1307 1136 1333 1184 et
1348 1137 1437 1184 motus
1453 1127 1660 1183 administratur
1674 1127 1802 1184 omnibus

1003 1217 1132 1272 membris
1145 1217 1214 1272 intra
1229 1217 1272 1274 vel
1288 1216 1497 1287 circumpositis.
1524 1217 1580 1273 lloc
1600 1217 1692 1288 itaque
1720 1217 1802 1271 modo

1003 1314 1093 1362 motus
1108 1306 1274 1362 voluntarius
1290 1322 1305 1362 o
1320 1307 1434 1362 cerebro
1449 1306 1540 1378 prodit
1555 1306 1583 1360 in
1593 1313 1797 1375 totumcorpus.

1003 1398 1053 1452 Est
1067 1403 1155 1451 nutem
1171 1395 1270 1466 puppis
1285 1396 1356 1450 unde
1371 1403 1461 1451 motus
1476 1394 1609 1466 procedit,
1625 1395 1715 1449 minor
1722 1411 1802 1463 quam

1003 1500 1097 1556 prora,
1115 1485 1176 1555 quia
1191 1484 1300 1556 dignior
1310 1491 1337 1539 et
1348 1483 1488 1554 profusior
1503 1491 1544 1539 est
1558 1499 1645 1554 prorae
1665 1485 1801 1554 operatio,

1004 1582 1030 1630 et
1044 1574 1120 1644 plura
1136 1589 1218 1644 qnam
1236 1573 1333 1644 puppis
1356 1573 1475 1629 continet
1499 1573 1689 1643 operationum
1703 1572 1802 1626 instru-

1004 1671 1105 1717 mento.
1123 1663 1170 1715 list
1184 1661 1267 1715 etiam
1284 1660 1390 1717 mollior
1403 1677 1483 1732 prora
1503 1677 1585 1732 quam
1600 1662 1711 1732 puppis,
1739 1662 1802 1732 quia

148 1749 222 1806 enim
237 1750 349 1820 provida
363 1760 470 1822 septem
485 1752 563 1823 paria
585 1768 735 1808 nervorum
749 1754 776 1808 in
791 1756 851 1826 ipso
866 1771 947 1810 cere·
961 1770 987 1832 Β
1003 1751 1100 1824 puppis
1114 1753 1208 1806 durior
1223 1767 1284 1805 esso
1299 1750 1391 1805 debuit
1410 1759 1439 1805 ut
1462 1748 1567 1806 facilius
1587 1760 1692 1806 motum
1720 1760 1798 1819 pate-

149 1837 201 1894 bro
221 1837 353 1906 tundant,
382 1841 428 1914 qui
452 1857 500 1913 per
522 1856 659 1915 congruos
680 1852 787 1899 meatus
808 1852 948 1920 exeuntes,

149 1942 210 1998 quae
232 1927 306 1985 cirea
326 1933 354 1986 et
386 1928 455 1985 inira
478 1939 558 2002 caput
575 1939 602 1986 et
615 1932 713 1987 collum
728 1942 799 1999 sunt,
816 1938 949 2005 usquead

147 2013 334 2089 diaphragma,
361 2018 388 2074 id
418 2029 460 2075 est
484 2021 627 2092 usquead
656 2021 772 2077 medium
801 2024 947 2095 viscerum,

152 2112 207 2161 tum
220 2123 272 2178 per
285 2123 326 2176 se,
342 2116 397 2163 tum
413 2124 461 2179 per
475 2109 545 2163 alios
572 2125 671 2165 nervos
685 2127 719 2165 ex
734 2127 763 2167 se
778 2112 949 2183 prodeuntes

149 2200 176 2250 et
190 2193 339 2264 furcantes,
356 2205 467 2252 mouent
481 2214 542 2269 quee
561 2199 699 2254 movenda
727 2210 798 2267 suot,
815 2210 842 2257 et
869 2204 949 2260 mini·

151 2290 236 2338 strant
251 2300 312 2356 quae
327 2285 506 2341 ministranda
530 2295 602 2341 sunt.
623 2289 692 2342 Nam
717 2290 836 2361 quinque
851 2308 948 2348 seusus

149 2370 191 2426 aui
205 2377 296 2426 molus
314 2379 339 2428 et
354 2373 396 2428 aui
412 2390 510 2429 seusus
526 2376 582 2430 uim
598 2377 742 2449 unicuique
769 2379 923 2435 ministrant
940 2401 946 2437 :

149 2458 274 2515 similiter
287 2462 411 2528 cerebro,
427 2462 537 2535 linguae,
549 2465 660 2536 gurtturi,
678 2473 704 2520 et
718 2466 787 2532 aliis,
805 2476 832 2522 ut
846 2468 947 2524 dictum

149 2555 202 2618 est,
218 2565 305 2620 usque
318 2550 354 2606 ad
364 2550 552 2623 diaphragma.
575 2553 629 2609 Sed
644 2554 706 2625 quia
730 2556 818 2611 virtus
838 2556 897 2612 haec
920 2557 947 2613 in

148 2637 262 2693 cerebro
278 2638 399 2707 lundata,
415 2648 444 2695 ιιι
459 2640 562 2696 (ιιειιιιιι
578 2649 629 2707 εει,
657 2642 740 2698 idest
755 2642 795 2698 ris
810 2645 948 2702 motabilis

152 2732 209 2781 eta
229 2727 343 2784 cerebro
358 2727 517 2799 procedens,
542 2729 709 2785 lentissimuu
724 2738 753 2787 et
767 2731 947 2804 pigerrimum

147 2814 272 2870 redderet
285 2815 387 2871 animal
401 2816 436 2871 ad
451 2818 627 2885 movendum,
637 2819 660 2873 si
675 2835 724 2890 per
736 2835 884 2876 nervorum
895 2825 948 2878 rir-

148 2907 231 2959 lutem
246 2919 260 2957 a
276 2919 382 2960 summo
397 2906 510 2960 cerebro
533 2908 701 2973 exeuntium,
723 2907 829 2980 itusque
852 2925 947 2965 eorum

148 2997 175 3048 et
186 2991 289 3047 reditus
304 3008 352 3064 per
366 3009 466 3049 omnes
487 2994 612 3066 corporis
635 3004 735 3066 partes,
762 3005 788 3052 et
807 3015 890 3068 usque
912 3000 946 3055 ad

1002 1851 1094 1906 retur;
1119 1856 1199 1912 prora
1222 1854 1288 1895 vero
1310 1838 1428 1903 mollior,
1449 1847 1478 1894 ut
1496 1855 1605 1894 sensum
1620 1838 1675 1894 cito
1690 1839 1796 1909 recipe·

1001 1940 1062 1986 rent
1090 1930 1229 1984 sensuales
1252 1929 1327 1984 nervi
1351 1929 1386 1984 ab
1414 1945 1445 1983 en
1468 1928 1646 1999 prodeuntes,
1671 1928 1796 1998 quisunt

1002 2028 1105 2091 septem
1121 2033 1209 2088 pares,
1225 2034 1287 2073 curn
1299 2034 1315 2073 a
1329 2018 1413 2089 puppi
1428 2017 1507 2088 pauci
1531 2019 1666 2084 prodeant
1695 2025 1795 2072 motum

1003 2125 1168 2176 sensumque
1185 2107 1325 2162 iacientes.
1340 2107 1409 2161 Nam
1426 2106 1507 2162 etiarn
1531 2106 1572 2161 his
1588 2115 1613 2162 ει
1643 2107 1799 2161 omnibusa

1003 2197 1115 2253 cerebro
1144 2195 1341 2267 prodeuntibus
1358 2203 1453 2250 natura
1478 2205 1507 2250 et
1533 2203 1634 2251 nictum
1651 2196 1763 2250 contulit
1777 2203 1798 2249 ει

1002 2301 1125 2349 sensum,
1142 2294 1167 2340 et
1183 2292 1284 2339 motum
1300 2285 1452 2356 agiliorem,
1470 2293 1496 2338 ει
1519 2300 1629 2339 εειιειιιιι
1653 2284 1796 2339 acutiorem

1002 2384 1028 2432 et
1041 2374 1206 2446 digniorem.
1225 2374 1279 2431 Sed
1293 2375 1356 2444 quia
1373 2389 1407 2429 ex
1422 2374 1512 2428 neruis
1529 2373 1628 2445 puppis
1643 2380 1671 2429 et
1695 2373 1797 2427 media-

1002 2464 1067 2520 toris
1082 2463 1152 2533 ejus,
1170 2463 1215 2533 qui
1230 2463 1329 2518 dicitur
1348 2464 1447 2528 nucha,
1467 2462 1627 2517 universalis
1641 2461 1688 2518 ille
1703 2476 1798 2532 corpo-

1001 2553 1037 2608 ris
1055 2560 1144 2608 motus
1157 2552 1282 2622 procedit
1297 2560 1323 2606 et
1350 2568 1456 2613 sensus,
1487 2551 1569 2622 puppi
1593 2549 1752 2622 specialiter
1775 2557 1799 2606 ει

1001 2649 1091 2697 ιιιοιιιε
1105 2641 1259 2713 assignatus
1273 2649 1313 2696 est
1327 2649 1354 2695 ct
1367 2657 1477 2696 seusus.

1036 2731 1095 2784 lam
1110 2728 1145 2784 ad
1158 2729 1303 2784 animalem
1317 2728 1505 2797 virtutem,rel
1515 2728 1661 2784 animalem
1677 2729 1799 2800 spiritum

1001 2818 1194 2874 transeundum
1210 2818 1288 2872 nobis
1304 2826 1353 2873 est.
1370 2816 1436 2886 Quae
1456 2834 1516 2873 cum
1540 2818 1661 2874 maximo
1676 2818 1704 2871 in
1720 2818 1800 2890 quin·

1002 2924 1055 2979 que
1078 2908 1139 2961 illos
1159 2906 1315 2962 notissimos
1344 2907 1466 2976 corporis
1492 2922 1589 2962 sensus
1610 2922 1641 2963 se
1662 2907 1799 2976 exhibeat,

1002 3003 1029 3050 et
1056 2995 1083 3050 in
1113 2995 1354 3062 eorumactiones,
1381 2995 1415 3048 de
1443 2994 1513 3064 ipsis
1532 2994 1657 3050 sensibus
1672 2994 1799 3050 subtilius

146 3080 247 3153 pedum
263 3080 316 3136 ima
331 3081 540 3154 dispensaretur
555 3083 596 3139 vis
620 3085 764 3140 voluntarii
780 3096 868 3143 motus
880 3104 946 3144 coo-
1001 3083 1105 3153 aliquid
1126 3083 1345 3156 perspiciendum
1371 3083 1448 3139 nobis
1466 3084 1594 3139 videtur:
1625 3083 1800 3154 primumque

147 3184 244 3241 gruum
260 3169 373 3227 cerebro
393 3179 492 3226 natura
519 3172 637 3243 providit
660 3174 843 3243 auxiliarium,
873 3180 945 3248 quod
1005 3172 1039 3229 de
1063 3172 1133 3238 visu,
1151 3172 1229 3242 cujus
1247 3187 1335 3243 parva
1356 3173 1403 3227 sed
1421 3171 1553 3227 mirabilis
1570 3170 1679 3229 officina
1694 3170 1800 3239 oculus,

147 3263 178 3314 at
191 3274 276 3329 usque
293 3258 329 3315 ad
344 3258 474 3315 inferiora
488 3259 678 3330 descenderet,
705 3264 760 3319 cuit
783 3266 949 3335 operationis
1004 3261 1051 3317 vix
1068 3261 1103 3316 ab
1119 3260 1253 3330 aliquibus
1268 3259 1490 3332 philosophorum
1504 3260 1547 3316 rel
1563 3261 1740 3332 physicorum
1756 3260 1801 3316 in-

146 3347 285 3402 mutabilis
298 3355 324 3403 et
336 3346 544 3405 sensificationis
569 3350 624 3405 vim
650 3351 677 3406 in
698 3352 826 3409 inferiore
851 3355 950 3426 ubique
1004 3349 1093 3423 geniis
1107 3350 1263 3418 intresttgart
1277 3349 1322 3405 vel
1335 3350 1453 3421 perspici
1471 3349 1615 3422 aliquando
1628 3349 1728 3422 potuit,
1742 3349 1800 3404 dis-

147 3432 331 3492 delerendam
347 3441 492 3493 mutuaret.
512 3438 594 3493 Nerui
609 3439 711 3512 quippe
726 3442 883 3498 naturaliter
912 3444 950 3499 la-

147 3525 221 3582 ciunt
237 3532 351 3591 motum,
367 3526 481 3582 musculi
495 3542 558 3583 cum
579 3529 670 3584 nervis
691 3546 810 3598 sensum,
826 3533 949 3588 membra

148 3611 265 3669 delicata
280 3615 315 3669 ad
343 3614 475 3671 humores
501 3618 667 3690 peregrinos
697 3620 848 3688 trementia,
873 3621 949 3676 nihil-

148 3716 200 3771 que
224 3702 254 3758 in
274 3718 392 3774 corpora
415 3720 523 3760 sensum
544 3704 647 3760 doloris
671 3706 781 3777 patitur,
804 3709 877 3779 quod
907 3710 948 3765 his

147 3804 203 3845 non
217 3799 337 3864 regatur.
356 3792 523 3848 Dolorenim
547 3808 627 3863 quem
652 3794 679 3848 in
709 3794 820 3851 laesione
845 3798 947 3852 ossium

146 3877 191 3935 uel
205 3877 367 3954 ungularum
382 3881 425 3936 vel
439 3880 599 3951 hujusmodi
621 3882 760 3952 sentimus,
773 3900 827 3939 nou
843 3886 869 3940 in
885 3902 945 3941 osse

147 3975 289 4041 etungue,
306 3967 397 4025 sedin
412 3985 508 4026 eorum
532 3978 596 4025 sunt
617 3987 679 4026 cum
702 3987 784 4028 carne
804 3981 831 4028 et
855 3976 946 4032 neruis

146 4055 397 4128 conjunctionibus.
413 4056 482 4126 Quia
503 4074 571 4130 ergo
587 4059 643 4114 sia
666 4076 774 4117 summo
799 4079 882 4137 usque
911 4066 944 4120 ad

146 4141 241 4216 imum,
256 4152 285 4200 ut
298 4145 401 4203 dictum
426 4155 477 4215 est,
501 4147 579 4204 nervi
602 4148 785 4221 tenderentur,
811 4159 838 4207 et
865 4153 946 4210 facile

1004 3453 1135 3493 seramus.
1149 3436 1229 3494 Oculi
1244 3438 1325 3510 igitur
1339 3447 1445 3509 quautae
1464 3438 1517 3493 sint
1532 3454 1590 3509 prae
1608 3439 1715 3494 certeris
1735 3453 1801 3493 sen-

1004 3527 1077 3582 sihus
1099 3526 1250 3599 dignitatis,
1280 3526 1343 3598 ipsa
1370 3527 1487 3583 ostendit
1511 3535 1617 3593 natura,
1650 3543 1712 3583 cum
1739 3536 1802 3584 ante

1004 3616 1098 3670 sedem
1113 3615 1224 3671 rationis
1237 3615 1351 3670 vicinius
1367 3630 1414 3671 eos
1442 3615 1592 3682 collocavit,
1608 3615 1676 3672 sicut
1690 3632 1801 3673 sensum

1003 3712 1029 3760 et
1043 3704 1070 3759 iu
1086 3704 1213 3776 potentiae
1226 3704 1402 3759 similitudine
1413 3703 1502 3776 magis
1512 3703 1564 3759 sibi
1575 3706 1799 3773 convenientem,

1002 3801 1031 3849 et
1046 3795 1075 3847 in
1092 3793 1281 3849 discernendis
1297 3792 1336 3848 eis
1349 3792 1433 3848 rebus
1448 3809 1508 3863 quae
1527 3793 1579 3848 sub
1593 3809 1624 3849 se
1639 3801 1665 3849 et
1684 3794 1757 3850 circa
1770 3810 1800 3850 se

1003 3889 1077 3948 sunt,
1094 3881 1182 3954 magis
1193 3881 1386 3938 necessarium.
1413 3880 1561 3938 Oculorum
1576 3897 1677 3953 organa
1694 3883 1738 3938 vel
1753 3883 1800 3938 in-

1002 3979 1155 4026 strumenta
1170 3971 1287 4026 uisuma
1310 3972 1422 4027 cerebro
1448 3970 1607 4038 deferentia,
1624 3972 1730 4040 opticus
1758 3976 1799 4029 est

1000 4076 1109 4129 nervus,
1132 4061 1260 4116 humores
1284 4068 1310 4115 ει
1331 4061 1435 4125 tunicae,
1466 4059 1619 4132 dequibus
1642 4068 1739 4132 postea
1761 4060 1799 4116 di·

998 4156 1085 4206 cetur.
1098 4148 1210 4220 Opticus
1222 4166 1319 4205 nervus
1338 4150 1387 4203 sub
1402 4149 1445 4220 piu
1460 4157 1545 4205 matre
1558 4149 1593 4206 de
1609 4150 1669 4220 ipso
1684 4149 1798 4207 cerebro

145 4247 195 4306 pro
218 4232 279 4304 ipsa
303 4233 472 4306 toogtmdtne
497 4240 610 4307 possent
627 4237 727 4309 rumpi,
747 4246 775 4293 et
797 4255 894 4297 sensus
920 4252 946 4297 ct

144 4329 235 4377 motus
250 4321 420 4389 hebesceret,
436 4324 562 4394 provisus
589 4333 631 4381 est
656 4343 757 4382 nervus
779 4328 825 4401 qui
849 4329 944 4403 lingua

145 4409 256 4493 arabica
271 4413 358 4467 nucha
377 4422 501 4481 vocatur,
526 4413 696 4470 descendens
710 4430 726 4469 a
741 4417 864 4484 cerebro,
878 4427 905 4474 et
927 4436 942 4474 a
998 4416 1086 4489 ipsius
1101 4417 1153 4488 piae
1167 4418 1262 4471 matris
1278 4414 1404 4488 pellicula
1419 4415 1555 4471 involutus
1564 4415 1725 4488 producitur
1739 4432 1748 4488 ;
1773 4424 1799 4473 et

999 4238 1160 4309 procedens,
1178 4238 1269 4310 ibique
1292 4247 1377 4293 natus
1393 4239 1512 4306 etiotus,
1537 4253 1572 4294 ne
1595 4253 1645 4310 pro
1672 4240 1800 4295 teneritu-

1000 4327 1063 4382 dine
1091 4343 1140 4381 sua
1162 4327 1190 4382 in
1216 4343 1327 4399 egressu
1354 4328 1389 4382 ab
1404 4327 1512 4383 ossibus
1535 4327 1627 4383 cranei
1641 4327 1797 4395 lederetur,

144 4497 198 4556 flue
213 4500 323 4571 puppis,
340 4517 389 4572 per
403 4500 541 4572 spondilia
554 4502 637 4572 dorsi,
661 4503 744 4559 idest
766 4520 831 4560 ossa
857 4508 943 4578 spinae
957 4474 983 4534 D
999 4522 1086 4576 usque
1114 4505 1149 4561 ad
1173 4506 1267 4561 oculos
1290 4505 1453 4575 procedens,
1483 4504 1595 4576 vimque
1609 4504 1744 4561 visibilem
1760 4507 1798 4562 eis

143 4603 232 4661 usque
247 4589 281 4644 ad
297 4588 439 4647 inferiora.
456 4589 534 4647 Unde
558 4591 638 4648 etiam
653 4591 727 4648 dorsi
741 4593 783 4648 vel
799 4595 885 4666 spinae
900 4612 945 4652 ce·
998 4594 1200 4659 administrans,
1225 4594 1254 4648 iu
1278 4594 1399 4649 mediam
1431 4594 1622 4664 crystalleidon
1652 4595 1795 4651 solidatur.

141 4676 253 4733 rebrum
268 4677 433 4734 nominatur.
451 4679 563 4752 Propter
579 4679 748 4752 quodetiam
766 4682 801 4739 ad
817 4684 944 4740 similitu·
997 4683 1103 4738 Deinde
1118 4684 1257 4751 humores,
1276 4688 1303 4737 ct
1318 4683 1414 4738 tunicae
1426 4683 1513 4738 visum
1529 4682 1658 4740 iacientes
1669 4685 1713 4740 rel
1724 4684 1799 4755 adju·

142 4764 235 4822 dinem
256 4766 363 4823 cerebri
384 4767 550 4841 quibusdam
574 4769 705 4825 lomentis
728 4779 753 4826 et
769 4773 943 4829 nutrimentis
997 4780 1101 4836 rantes,
1118 4772 1232 4826 bisunt.
1249 4774 1315 4827 Tres
1329 4781 1395 4826 sunt
1414 4773 1554 4837 humores,
1570 4780 1672 4845 septem
1689 4773 1795 4831 tunice.

141 4854 253 4911 vestitur
281 4863 308 4912 et
336 4855 444 4927 tegitur.
474 4856 625 4914 Cerebrum
653 4859 724 4915 enim
753 4877 814 4916 cum
844 4878 943 4920 craneo
997 4861 1101 4917 llumor
1128 4870 1170 4917 est
1200 4861 1316 4927 medius,
1343 4861 1390 4932 qui
1416 4861 1603 4932 crystalleidos
1632 4861 1741 4929 dicitur,
1768 4863 1796 4919 in

142 4943 292 5012 claudatur,
306 4944 376 5001 inter
390 4946 478 5017 ipsum
499 4954 524 5001 et
539 4948 630 5002 uranei
655 4948 781 5004 duritiam
803 4951 873 5007 duos
888 4952 942 5006 ha-

142 5032 189 5088 bel
202 5032 364 5104 panniculos
379 5034 578 5107 interpositos;
600 5052 684 5090 unum
709 5038 900 5094 mollissimum
917 5048 943 5096 el

141 5117 241 5190 leuem,
258 5137 312 5194 quo
327 5122 461 5187 foveatur,
478 5123 587 5179 undeet
604 5141 618 5178 a
633 5125 755 5197 physicis
778 5128 824 5196 pia
852 5139 941 5184 mater

140 5219 272 5274 uocatum
287 5210 401 5267 altemm
416 5212 587 5283 validiorem,
604 5229 658 5284 quo
681 5230 696 5267 a
720 5215 815 5270 cranei
844 5215 941 5271 duritia

141 5295 313 5365 defendatur,
340 5299 411 5355 unde
435 5308 462 5355 et
488 5300 555 5356 dura
581 5309 668 5358 nister
694 5309 816 5358 vocatur.
847 5305 892 5361 Sic
915 5315 941 5361 ct

143 5393 217 5450 dorsi
241 5396 383 5451 cerebrum
406 5398 496 5453 nucha
513 5399 626 5470 atpium
653 5408 767 5455 matrem
796 5410 823 5457 et
843 5403 940 5459 durum

143 5488 225 5547 hahet
237 5503 350 5549 matrem
368 5509 375 5564 ;
404 5495 517 5567 insuper
532 5506 558 5550 ct
569 5497 636 5552 alios
647 5497 716 5554 duos
731 5498 814 5554 habet
838 5500 940 5572 pauni-

131 5589 213 5644 culos
230 5605 266 5645 er
283 5591 443 5663 lr‘famentis
466 5593 643 5666 compositos,
660 5603 689 5650 ut
710 5595 752 5652 his
780 5595 941 5654 defendatur

997 4966 1062 5022 quo,
1077 4957 1106 5005 ut
1121 4951 1281 5012 dictumest,
1299 4950 1372 5005 risus
1386 4949 1526 5007 tundatur.
1543 4951 1589 5005 Est
1602 4959 1693 5007 autem
1708 4951 1797 5008 forma

996 5039 1056 5109 ejus
1070 5040 1194 5104 rotunda,
1212 5046 1240 5093 ut
1256 5055 1309 5094 non
1324 5038 1421 5094 leuiter
1440 5039 1565 5109 patiatur,
1595 5039 1677 5111 plana
1706 5048 1795 5097 tamen

996 5129 1024 5183 in
1039 5143 1092 5183 una
1103 5135 1189 5199 parte,
1207 5139 1234 5182 ut
1249 5127 1336 5183 solide
1351 5143 1384 5183 ao
1399 5127 1535 5183 stabiliter
1550 5128 1626 5184 visus
1649 5129 1793 5202 dirigatur.

996 5217 1053 5274 Sub
1067 5218 1119 5273 isto
1135 5216 1176 5273 rel
1193 5225 1252 5288 post
1267 5216 1358 5283 istum,
1375 5216 1402 5271 id
1425 5225 1464 5272 εει
1480 5231 1563 5286 retro,
1580 5218 1682 5289 positus
1696 5227 1738 5274 est
1752 5219 1794 5276 ui-

996 5309 1069 5361 treus
1081 5308 1179 5360 humor
1202 5307 1252 5360 hoc
1268 5305 1374 5360 ordine.
1392 5305 1509 5360 Primum
1529 5306 1555 5361 ei
1578 5307 1794 5378 supponiturtu·

995 5404 1057 5458 nica
1085 5402 1179 5471 retina,
1197 5404 1239 5459 rel
1265 5403 1485 5474 circumponitur,
1514 5403 1577 5460 ideo
1603 5404 1641 5461 sic
1659 5403 1795 5476 apoellala

995 5501 1056 5570 quia
1072 5516 1106 5555 ει·
1120 5500 1197 5557 renis
1211 5508 1236 5556 et
1260 5501 1366 5555 arteriis
1389 5501 1415 5554 iu
1441 5502 1550 5557 modum
1579 5501 1643 5558 retis
1661 5510 1704 5558 eat
1718 5518 1781 5561 com

994 5599 1093 5673 posita.
1112 5598 1197 5668 llujua
1213 5597 1330 5655 officium
1349 5608 1390 5656 est
1412 5599 1575 5673 sanquinem
1597 5600 1790 5660 adrementem
