3728 6000
100 208 154 266 stt

606 216 793 275 umectabat
813 216 1004 276 abbatiss.
1024 217 1240 278 rsnonontct
1694 213 1748 269 tta

133 337 219 395 Vm·
236 340 264 396 l.
280 372 316 384 —
333 344 479 402 «Deusest
494 362 586 415 verax,
600 349 689 404 omnis
703 357 793 405 autem
809 350 891 405 humo
905 335 934 401 Α
947 347 1096 404 secundum
1111 349 1249 406 bominem
1264 351 1317 405 hnc
1328 347 1404 404 dieu.
1424 370 1435 397 ι
1453 349 1522 405 Vere
1536 343 1684 403 secundum
1699 343 1749 400 hu·

99 427 214 483 mendax
232 447 239 484 ε
258 453 269 479 ι
287 431 378 504 inquo
392 435 475 490 etiam
486 437 621 493 bomoille
636 438 763 502 mendax,
778 439 895 510 quicun-
949 435 1048 491 minem
1064 437 1113 493 sed
1127 454 1178 494 nec
1189 455 1251 510 quae
1265 442 1327 492 sunt
1350 435 1467 494 hominis
1490 434 1555 490 setis
1578 433 1742 506 sapientem.

100 530 153 586 qus
180 516 224 572 vel
246 533 301 575 non
328 522 424 588 credit,
450 525 494 580 vel
510 540 562 581 non
574 526 638 582 dicit
653 527 712 583 sine
736 527 896 599 penitentia
949 522 1027 593 erud
1056 526 1127 581 enim
1147 526 1247 595 justitia
1263 527 1311 581 Dei
1327 541 1360 582 ex
1388 523 1638 596 nostrainiquitate
1667 536 1748 578 com-

100 617 162 660 esse
182 604 255 662 duna
280 616 307 663 et
336 611 495 668 vocationes
510 614 570 670 Dei.
589 638 601 664 ι
618 613 780 684 Quidenim,
797 615 894 688 inquit,

98 690 122 745 si
136 692 245 763 quidam
271 696 378 753 illorum
405 715 462 755 non
476 703 647 758 crediderunt
660 705 675 760 i
689 704 828 776 Nunquid,
850 703 895 758 in-

101 779 168 850 (ιῑιῑῑ,
183 780 328 840 infidelitas
336 787 520 846 eorumfidem
536 792 587 847 Dei
603 793 774 848 evacuabit?
788 815 799 840 ·
815 792 896 848 Fides

99 867 316 942 hicncmpiends
330 884 381 942 est,
404 877 449 933 rel
476 895 557 950 quam
586 881 668 937 habet
691 881 764 937 Deus
788 881 823 936 nd
848 896 896 937 eos

99 956 205 1029 quibua
219 961 305 1018 credit
327 964 435 1036 eloquia
462 982 510 1022 sua
527 987 533 1030 ;
550 969 593 1024 vel
621 984 701 1040 quam
730 969 832 1025 babent
858 969 895 1025 atl

98 1045 196 1113 Deum,
216 1049 263 1122 qui
278 1062 442 1121 meruerunt,
458 1063 486 1111 ut
500 1057 645 1113 credantur
659 1058 698 1113 eia
710 1058 819 1128 eloquia
833 1057 893 1114 Dei.

102 1135 228 1192 «ausiti
261 1160 272 1186 ι
301 1141 387 1210 Absit,
409 1143 504 1216 inquit,
527 1151 556 1200 ut
584 1146 685 1201 bonum
713 1146 895 1202 universitatis

101 1222 222 1280 destruat
231 1227 330 1283 malum
341 1240 556 1305 quantaecunque
571 1234 769 1307 singularitatis
786 1235 792 1289 l
814 1234 894 1302 absit,

100 1315 130 1366 nt
143 1313 245 1370 veritas
272 1319 451 1387 promittentis
467 1321 516 1377 Dei
530 1322 558 1377 in
573 1323 677 1378 irritum
692 1331 737 1379 eat
764 1339 812 1395 pro
826 1338 895 1393 pec-

949 613 1100 681 mendatur,
1129 615 1365 688 nequaqunmboc
1380 612 1409 669 lit
1432 620 1602 684 peccatorum
1631 618 1743 666 nestro·

948 716 1009 756 rum
1039 701 1179 771 beneficio,
1206 704 1253 760 sed
1284 704 1341 774 ipsa
1370 703 1483 758 rationis
1496 700 1701 772 consequentia,
1718 705 1749 754 ut

947 791 1080 846 contraria
1095 808 1126 847 ex
1139 793 1289 848 contrariis
1301 792 1498 863 approbentur.
1513 790 1580 846 Cum
1590 788 1665 845 omni
1675 787 1747 844 enim

948 880 1147 951 consequentia
1157 880 1240 953 digne
1256 881 1407 951 meritoque
1422 878 1584 934 inimicaret
1597 884 1624 933 et
1646 877 1747 932 adrer-

948 967 1036 1022 satrix
1051 968 1157 1037 justitia
1171 968 1322 1040 injustitie,
1338 969 1409 1023 sicut
1436 967 1482 1022 lux
1501 966 1632 1035 tenebris,
1648 973 1676 1021 et
1692 964 1749 1021 vita

948 1056 1027 1111 morti
1043 1064 1070 1112 et
1080 1057 1185 1126 justum
1200 1065 1240 1113 est
1255 1059 1352 1125 Deum,
1369 1057 1396 1113 in
1411 1071 1465 1130 quo
1479 1063 1520 1111 est
1533 1070 1641 1111 summa
1663 1054 1748 1126 justi·

947 1145 994 1210 tia,
1012 1144 1115 1202 inferre
1129 1145 1198 1202 iram
1213 1146 1377 1215 bominibus,
1394 1145 1421 1200 in
1436 1145 1534 1217 quibus
1543 1152 1583 1200 eet
1599 1142 1744 1212 injustitia.

948 1234 980 1288 Ei
995 1233 1099 1291 idcirco
1110 1234 1221 1291 sortasse
1232 1234 1384 1306 Apostolus,
1410 1248 1464 1290 non
1480 1232 1603 1288 homines
1627 1231 1746 1303 injustos

947 1322 1184 1379 aitcommendare
1196 1323 1329 1394 justitiam
1348 1322 1405 1387 Dei,
1436 1321 1486 1378 sed
1502 1320 1662 1391 injustitiam
1691 1335 1745 1376 no·

99 1406 161 1456 catu
176 1401 293 1460 bominis
305 1406 458 1463 incredulil
475 1411 561 1481 quia·
577 1413 754 1468 omnishomo
768 1411 894 1477 mendax,
948 1418 1042 1477 stram,
1057 1419 1086 1466 ut
1098 1413 1254 1467 ostenderet
1268 1427 1321 1467 non
1337 1412 1425 1467 Deum
1450 1409 1614 1474 bominibus,
1644 1408 1745 1480 sedju-

100 1485 175 1544 Deus
195 1499 284 1547 autem
312 1510 406 1566 verax,
426 1498 495 1554 sicut
522 1501 652 1570 scriptum
667 1508 710 1557 est
726 1517 732 1554 :
749 1501 784 1557 Ut
794 1499 894 1570 iustili-
948 1499 1048 1554 stitiem
1070 1499 1211 1571 iniustitiae
1221 1517 1283 1556 esse
1299 1499 1464 1556 contrariam
1475 1498 1603 1568 (amad).
1616 1519 1628 1546 ι
1640 1496 1750 1571 Alioqui

100 1575 169 1631 caris
196 1579 224 1634 iu
246 1584 419 1640 sermonibus
447 1587 645 1645 tuisetrincas
673 1605 737 1645 curn
762 1588 896 1659 judicaris
952 1585 1747 1660 quomode·inquit,«Jndicabitlleusbunemundum‘la

100 1663 188 1733 (Pm-
204 1667 244 1731 nl.
262 1691 274 1717 1
292 1670 387 1728 Omnis
415 1675 499 1732 homo
514 1678 631 1732 mendax
649 1692 656 1747 ;
673 1677 720 1734 sed
736 1685 895 1734 nontamen
909 1679 936 1740 Β
951 1676 1004 1745 Qui
1019 1677 1090 1733 enim
1102 1678 1232 1733 mundum
1244 1677 1316 1747 juste
1324 1676 1496 1749 judicaturus
1504 1681 1554 1742 est,
1566 1674 1750 1743 injustusesse

100 1754 245 1812 mendaces
262 1758 301 1813 illi
325 1760 358 1814 nd
374 1778 442 1832 quos
469 1779 560 1821 sermo
572 1766 621 1820 Dei
637 1766 724 1822 lactus
746 1774 798 1831 est,
827 1782 895 1839 quos
950 1780 1002 1820 nun
1025 1772 1125 1836 polest.
1142 1766 1222 1822 aliud
1238 1768 1289 1822 hoc
1304 1773 1345 1821 ast
1356 1765 1471 1835 justitia¹
1482 1763 1530 1819 Dei
1546 1769 1752 1835 argumentum.

100 1855 154 1898 non
169 1845 304 1916 homiues,
319 1849 367 1905 sed
382 1850 522 1909 deosesse
546 1854 686 1926 Scriptum
714 1857 895 1927 pronuntiat;
950 1855 1055 1911 Deinde
1084 1855 1248 1912 calumniam
1276 1861 1436 1928 exaggeret,
1465 1861 1494 1908 ut
1517 1851 1642 1924 repellet.
1675 1851 1751 1909 Dicit

100 1937 128 1986 at
140 1932 273 1991 Dominus
300 1937 328 1991 in
357 1942 501 2013 evangelio
523 1942 678 2000 confirmat.
705 1945 779 1999 Deus
806 1952 896 2000 autem
951 1943 1045 1999 enim:

101 2034 194 2089 verax,
224 2025 272 2094 qui
290 2026 450 2095 justificatur
464 2030 491 2084 iu
507 2032 678 2089 sermonibus
700 2037 767 2088 suls.
792 2034 896 2089 llorum
988 2032 1072 2089 Vsus.
1101 2033 1128 2088 7.
1162 2052 1174 2084 r
1201 2032 1238 2098 Si,
1274 2031 1408 2102 inquiunt,
1433 2030 1531 2088 ueritas
1557 2029 1607 2086 Dei
1630 2028 1658 2085 in
1683 2044 1746 2086 man

100 2114 192 2165 antem
206 2112 352 2169 verborum
366 2133 462 2174 sensus
477 2119 512 2174 de
522 2121 637 2189 psalmo,
666 2136 684 2176 a
711 2121 897 2192 superioribus
950 2121 1291 2176 mendacioabundaritiu
1308 2119 1425 2194 gloriam
1449 2120 1546 2191 ipsius,
1571 2118 1637 2190 quid
1660 2117 1751 2174 adbuc

102 2200 269 2269 expetendus
284 2211 333 2257 est.
347 2205 439 2275 eTibi,
450 2206 548 2280 inquit,
559 2209 727 2279 sulipeccari
741 2210 826 2279 (Prnl.
837 2210 894 2276 ι),ι
951 2212 979 2265 ιι
1006 2224 1059 2281 ego
1087 2217 1213 2280 tunquam
1241 2218 1370 2281 peccator
1381 2207 1521 2280 judicor?
1538 2230 1549 2256 a
1567 2206 1620 2263 Sed
1635 2207 1698 2273 boc,
1717 2206 1755 2263 ait

101 2286 164 2357 quia
178 2303 226 2343 rex
235 2305 306 2367 sum,
320 2296 349 2348 el
368 2294 467 2351 nullius
495 2297 613 2352 hominis
635 2297 759 2353 subditus
784 2297 896 2367 judicio.
952 2298 1109 2367 Apostolus,
1139 2314 1189 2354 nos
1204 2313 1257 2354 non
1272 2298 1397 2356 dicimus.
1422 2297 1476 2354 Sed
1498 2311 1588 2368 neque
1602 2294 1752 2370 illudquod

101 2371 162 2428 'l'ibi
188 2377 241 2431 auli
256 2381 365 2448 peccavi
380 2383 543 2455 quiscerem
559 2393 586 2442 te
601 2402 715 2458 peccare
742 2399 796 2442 nun
810 2385 898 2450 timui,
952 2385 1015 2441 inde
1025 2387 1154 2460 consequi
1169 2387 1344 2443 arbitrantur.

103 2461 150 2535 qui
177 2464 279 2538 ubique
302 2483 422 2539 presens
450 2487 490 2528 es.
513 2473 645 2530 lliserers
668 2475 721 2530 mei
749 2476 898 2531 secundum
989 2474 1075 2531 Vnae.
1103 2476 1130 2532 8.
1152 2506 1186 2517 -
1210 2499 1223 2524 ι.
1247 2477 1280 2531 Et
1313 2477 1389 2532 siunt
1412 2491 1463 2532 nos
1481 2475 1571 2532 dicere
1587 2473 1753 2543 ;Faciamua

102 2564 230 2624 magnam
257 2556 475 2616 misericordiam
503 2568 588 2629 tuam,
617 2561 644 2617 in
674 2563 843 2620 hucscilicet
871 2568 900 2618 ut
954 2565 1034 2629 mals,
1050 2573 1079 2621 ut
1091 2564 1203 2621 veniant
1218 2565 1300 2630 boun,
1318 2581 1399 2620 »cum
1407 2563 1683 2637 potiuspraedicemns
1692 2560 1754 2619 deri

101 2637 270 2711 justificeris,
297 2644 325 2700 id
354 2655 392 2702 est
417 2648 508 2719 justus
537 2665 672 2722 appareas
685 2652 712 2706 in
727 2653 899 2708 sermonibus
953 2654 1036 2722 bona,
1052 2670 1086 2710 ne
1097 2655 1205 2709 veniant
1217 2654 1298 2709 mala.
1329 2655 1386 2710 llnc
1413 2661 1501 2709 autem
1521 2654 1614 2710 dicunt
1637 2651 1756 2709 scienter

104 2727 166 2795 nala,
177 2729 277 2802 quibus
291 2735 439 2801 promisisti
453 2737 564 2794 domum
580 2740 644 2794 mihi
656 2739 856 2810 aedificandam,
873 2748 900 2796 et
954 2752 1097 2814 peccantes
1111 2742 1212 2798 enideo
1227 2742 1365 2798 damuatio
1376 2758 1469 2797 corum
1483 2744 1556 2812 justa
1571 2748 1622 2797 est.

101 2830 195 2873 “men
208 2835 298 2876 meum
313 2831 374 2894 P⁰⁵l
388 2840 432 2880 ¹⁰0
453 2825 583 2895 futurum,
596 2830 674 2899 cujus
702 2845 816 2901 regnum
844 2837 900 2884 sta·
990 2832 1078 2887 Vens.
1097 2830 1177 2886 u-tt.
1194 2861 1228 2872 -
1246 2853 1257 2878 u
1274 2830 1345 2901 Quid
1361 2846 1427 2903 ergo
1444 2829 1655 2887 ‘iPraecellimus
1676 2829 1755 2886 ens?

102 2904 299 2964 biliendumsit
312 2911 491 2971 insternum.
510 2917 539 2971 lu
556 2917 754 2988 quibusjustus
769 2925 795 2973 et
818 2933 900 2974 verax
953 2920 1174 2992 Nequaquam.»
1193 2919 1311 2990 ltepulsa
1327 2919 1463 2975 calumnia
1488 2918 1524 2974 ad
1548 2919 1649 2975 seriem
1664 2933 1755 2975 causas

102 2996 247 3066 apparebis
266 3013 329 3054 cum
355 3015 404 3056 eos
432 3002 497 3058 mibi
518 3003 689 3075 adimplebis,
717 3007 1106 3093 iudicansmecrevertitur.
1131 3007 1212 3078 Quid,
1241 3007 1337 3080 inquit,
1367 3015 1489 3063 oenamus
1517 3005 1753 3079 amplius‘lcum

103 3084 252 3140 secundum
266 3087 409 3144 veritatem
432 3090 637 3159 misericordiae,
667 3110 748 3165 quam
767 3095 899 3163 dilexisti,
954 3105 1094 3169 utramque
1107 3106 1212 3168 partem
1227 3097 1278 3152 sub
1293 3103 1405 3169 peceato
1420 3112 1480 3152 esse
1493 3102 1598 3152 constet
1612 3103 1754 3170 antegra-

104 3177 130 3225 et
143 3171 262 3229 reddens
274 3175 339 3231 mihi
349 3177 472 3249 spiritum
490 3181 653 3252 prophetiae,
679 3182 707 3238 in
723 3198 777 3256 quo
795 3184 902 3240 incerta
953 3185 1032 3253 tiam,
1047 3186 1138 3258 gratis
1151 3192 1240 3241 autem
1253 3185 1373 3254 veniens,
1404 3193 1536 3258 qnantum
1560 3184 1589 3239 in
1612 3187 1672 3256 lpaa
1699 3190 1754 3248 est,

103 3265 131 3315 ct
144 3261 250 3318 occulta
264 3265 404 3336 sapientie
415 3275 469 3324 tuse
489 3269 671 3326 manifestasti
687 3272 763 3337 mihi,
788 3273 901 3328 uincens
954 3283 1102 3345 utrumque
1116 3279 1249 3347 coaequet,
1257 3275 1314 3344 jam
1330 3274 1403 3329 nulla
1417 3273 1444 3329 in
1454 3273 1613 3330 alterutmm
1637 3279 1755 3329 conten-

99 3346 202 3416 J‘udlcia
216 3351 353 3408 bominum
370 3363 473 3412 temere
488 3364 514 3413 et
535 3359 685 3415 secundum
699 3359 797 3416 faciem
823 3358 902 3432 judi·
954 3362 1036 3417 tionis
1050 3360 1095 3416 rel
1110 3361 1331 3419 elationiscausa
1345 3361 1517 3434 relinquitur.
1536 3383 1547 3408 ι
1564 3358 1755 3416 Causatienim

102 3438 231 3508 cautium,
254 3448 282 3496 et
305 3450 330 3499 te
343 3442 535 3517 indulgentem
561 3451 588 3502 et
603 3464 646 3503 me
661 3451 847 3519 poenitentem,
875 3458 901 3506 et
954 3467 1047 3506 sumus
1059 3449 1167 3506 Judaens
1181 3451 1325 3507 etGraecus
1352 3451 1404 3506 sub
1428 3459 1539 3522 peccato
1558 3465 1628 3506 esse.
1647 3473 1658 3499 ι
1674 3447 1755 3519 Quod

102 3525 311 3597 promissionum
322 3540 429 3588 tuarum
444 3534 516 3590 bona
530 3536 595 3590 mihi
624 3536 850 3606 adjudicantium.
866 3538 902 3595 lit
953 3541 1034 3596 etiem
1048 3555 1186 3595 moresne
1203 3537 1515 3610 Scriptnrisconlirmst,
1541 3546 1572 3594 ut
1598 3545 1624 3594 et
1646 3536 1674 3593 in
1701 3538 1756 3594 boc

102 3617 266 3672 totasenaus
293 3620 374 3689 hujus
400 3622 556 3693 prolixitate
583 3625 733 3697 Apostolus
757 3643 899 3697 usurpans,
952 3629 998 3685 det
1012 3628 1169 3700 exemplum
1184 3628 1316 3684 Ecclesiae
1332 3627 1502 3687 Ductoribus,
1531 3633 1561 3682 ut
1575 3626 1610 3682 de
1624 3625 1754 3696 Scriptu-

101 3702 176 3774 quod
196 3714 300 3776 spectat
327 3708 362 3762 ad
390 3712 626 3782 comprobandam
656 3715 706 3770 Dei
732 3715 900 3785 veritatem
954 3734 1043 3774 rarum
1062 3717 1222 3776 testimoniis
1236 3724 1359 3773 astruant
1373 3715 1549 3789 quedicunt,
1566 3722 1593 3770 et
1620 3713 1753 3770 muniant.

104 3810 117 3837 ‘¹
133 3790 342 3864 ull⁰⁸⁸ffi⁰0fi⁸s
358 3796 455 3870 11111111,
467 3799 495 3854 ῑῦ
511 3802 684 3857 wlnonibus
713 3803 775 3870 11118,
796 3811 824 3858 et
836 3803 899 3859 rin·
955 3830 966 3854 a
982 3807 1044 3863 Non
1055 3818 1094 3864 est
1105 3808 1196 3878 justus
1206 3806 1360 3880 quisquam,
1377 3821 1432 3862 uon
1456 3812 1496 3861 est
1519 3803 1685 3876 intelligens,
1697 3817 1752 3859 non

102 3892 149 3935 Μ
170 3894 232 3937 ⁰⁰¹⁰
250 3881 393 3952 judicaris.
425 3909 437 3935 a
463 3889 493 3942 ln
525 3904 580 3960 quo
610 3890 727 3945 notanda
755 3891 900 3948 introducti
953 3904 995 3952 est
1010 3897 1151 3968 requirens
1161 3896 1258 3951 Deum.
1274 3915 1286 3946 s
1302 3896 1364 3951 Non
1375 3902 1415 3951 est
1432 3894 1531 3966 justus,
1554 3891 1618 3965 quia
1631 3906 1686 3948 non
1710 3899 1755 3948 est

102 3969 221 4040 exempli
236 3969 393 4042 similitudo,
407 3975 473 4047 quia
486 3975 559 4032 sicut
573 3977 661 4033 David
672 3986 729 4049 post
745 3986 899 4049 paccatum,
953 3984 1109 4056 intelligens
1125 4003 1131 4048 t
1147 3993 1253 4040 nonest
1267 3983 1434 4056 intelligens,
1452 3982 1518 4055 quia
1535 3997 1589 4037 non
1602 3989 1642 4037 est
1655 3979 1751 4053 requi-

102 4053 395 4118 sicomniludaeorum
410 4064 484 4133 genti
513 4072 576 4136 post
603 4066 757 4136 passionem
788 4067 898 4123 Domini
954 4088 1017 4128 rens
1031 4073 1128 4127 Deum.
1142 4071 1253 4127 sienim
1266 4073 1427 4144 requireret,
1443 4070 1617 4142 intelligeret,
1628 4069 1651 4125 si
1667 4068 1753 4126 intel·

101 4158 212 4201 emnem
228 4146 402 4223 indulgentie
414 4160 441 4207 et
454 4153 664 4223 promissionum
679 4155 797 4228 gratiam
816 4156 898 4226 abjn·
952 4160 1059 4233 ligaret,
1075 4159 1280 4231 amandoquem
1290 4158 1468 4231 intelligeret,
1477 4158 1751 4231 utiqnejustusesset.

101 4231 228 4290 dicabant
243 4240 388 4294 temeraria
399 4241 502 4311 judicia
527 4243 677 4299 bominum.
706 4242 774 4313 Quae
801 4245 898 4314 injuste
990 4249 1075 4304 llsns.
1093 4248 1136 4305 ιι.
1152 4278 1186 4289 -
1202 4271 1214 4295 «
1232 4247 1334 4305 omnes
1345 4247 1560 4303 declinaremus,
1573 4271 1583 4294 .
1594 4245 1753 4313 Mariamme

98 4321 219 4392 iudicata
244 4326 430 4385 misericordis
441 4331 516 4401 vicit,
532 4331 596 4387 dirm
620 4332 656 4389 de
681 4334 782 4404 injusta
810 4343 897 4390 morte
910 4336 1064 4447 unidam
1093 4336 1212 4408 sapiens,
1239 4352 1306 4392 aves
1333 4337 1491 4409 capiuntur.
1525 4334 1633 4404 Quibus
1654 4335 1753 4392 eoelnm

100 4412 199 4470 suain
228 4430 330 4489 magna
356 4417 546 4476 misericordia
569 4422 648 4475 etiam
680 4421 898 4480 interlectoribus
952 4426 1114 4497 permissum
1141 4433 1191 4491 est,
1200 4424 1265 4495 quid
1279 4433 1404 4497 quaerunt
1414 4425 1558 4492 interram,
1574 4423 1608 4479 sd
1618 4422 1756 4494 laqueos?

101 4500 159 4557 auis
169 4501 299 4573 justitiam
313 4504 348 4560 sd
361 4506 447 4562 sitam
461 4508 554 4564 allicit.
568 4508 672 4565 Audita
692 4525 761 4584 ergo
776 4513 853 4584 quasi
867 4513 896 4569 in
955 4514 1013 4570 Nos
1037 4528 1154 4586 quoque,
1182 4514 1252 4570 curlo
1278 4513 1384 4579 relicto,
1402 4512 1438 4569 nd
1466 4528 1536 4586 quos
1551 4519 1648 4568 natura
1672 4510 1756 4567 etism

102 4591 190 4648 Deum
204 4591 683 4669 faletrusblasphemiaspouotus,
711 4607 739 4655 et
755 4600 784 4655 in
810 4617 899 4674 genus
951 4601 1101 4660 secundum
1112 4603 1197 4674 ipsam
1208 4603 1331 4676 eorporis
1350 4609 1481 4658 staturam
1510 4602 1606 4668 erexit,
1640 4598 1756 4656 terrenis

99 4696 178 4736 auum
202 4682 337 4739 calumnia
363 4685 503 4758 generalis
526 4686 694 4757 perditionis,
706 4688 786 4760 quasi
809 4690 898 4761 imps-
951 4707 1048 4749 omnes
1086 4691 1257 4758 incubamus,
1299 4691 1419 4757 inutiles,
1455 4691 1520 4747 mali
1561 4687 1755 4763 provocatione

100 4767 370 4829 tienterexclamaus.
382 4773 493 4843 «rosit,
505 4794 517 4825 s
527 4774 616 4848 iuquit
635 4783 699 4832 aest
709 4784 800 4833 autem
808 4779 899 4835 omnis
953 4780 1071 4853 exempli
1086 4781 1155 4836 alter
1168 4781 1284 4837 alterum
1299 4787 1519 4852 corrumpentes.
1537 4801 1549 4828 ι
1565 4780 1627 4836 Νοιι
1652 4777 1753 4850 estqui

100 4867 185 4927 bomo
205 4868 334 4937 mendax,
349 4871 523 4928 Deusanrem
538 4886 624 4929 verax
640 4871 647 4928 ι
665 4895 677 4921 s
693 4873 726 4930 Et
753 4890 788 4931 ex
815 4890 899 4932 0002-
954 4868 1034 4925 iaciat
1059 4869 1176 4925 bunum.
1211 4892 1223 4918 ι
1249 4868 1328 4924 Aliud
1347 4873 1387 4924 est
1417 4874 1519 4926 bunum
1550 4868 1650 4935 lacere,
1679 4862 1756 4921 alind

100 4964 177 5023 sinna
198 4967 279 5039 buius
302 4967 485 5039 blasphemie,
516 4970 595 5040 quasi
621 4969 742 5028 collecto
756 4971 850 5043 spiritu
871 4973 899 5029 in
954 4966 1137 5024 benefacere.
1152 4967 1383 5024 llenelacereest
1398 4964 1658 5039 parerentum‚rel
1678 4962 1759 5036 quasi

101 5061 286 5135 stephanos,
302 5062 351 5129 sie,
366 5063 463 5136 inquit,
492 5080 527 5120 ex
553 5065 605 5121 bac
625 5065 686 5138 ipsa
707 5069 840 5124 mutantia
854 5067 900 5124 di·
953 5067 981 5122 in
993 5066 1124 5135 nussim,
1140 5064 1241 5122 bonum
1258 5064 1346 5121 iacere
1361 5072 1402 5121 est
1418 5065 1512 5121 studio
1528 5072 1555 5121 et
1578 5062 1675 5121 aiieotu
1689 5080 1697 5118 ι
1713 5063 1756 5117 ιι-

102 5167 189 5216 cunt:
954 5172 1001 5221 cut
1011 5163 1168 5222 econtrario
1183 5163 1218 5218 de
1233 5161 1316 5229 melu,
1331 5170 1360 5218 ut
1374 5171 1437 5234 puta
1453 5163 1488 5218 de
1511 5161 1649 5234 snperbia,
1678 5157 1757 5216 alind

137 5257 222 5315 luas.
239 5262 266 5314 5.
281 5288 316 5301 -
332 5257 484 5316 «Siautem
499 5257 627 5330 iniquitas
641 5266 738 5316 nostra
763 5260 900 5332 justitiam
954 5261 1107 5336 superbire,
1136 5261 1209 5318 aliud
1236 5261 1328 5317 iacere
1355 5260 1521 5331 superbiam.
1541 5259 1660 5329 Quidam
1683 5259 1760 5316 enim

102 5350 153 5408 Dei
179 5354 366 5422 commendat,
386 5355 451 5425 quid
474 5355 599 5413 dicemur
613 5357 627 5411 i
641 5356 771 5429 Nunquid
791 5357 902 5430 iniquus
955 5360 983 5416 in
1004 5359 1102 5431 seipsis
1122 5358 1272 5432 patiuntur,
1298 5357 1407 5430 quidam
1436 5357 1538 5414 iaciunt
1566 5366 1593 5414 ct
1620 5354 1759 5414 aedificant

100 5450 173 5507 Deus
199 5450 248 5523 qni
259 5451 340 5510 infert
367 5453 435 5510 iram
454 5455 469 5508 ‘l
483 5454 561 5524 Quod
575 5462 605 5511 nt
618 5456 672 5511 snb
687 5470 754 5512 uoce
769 5456 902 5528 blaspbs·
955 5456 1120 5530 superbiam.
1135 5456 1176 5514 Dc
1190 5456 1289 5528 quibua
1317 5456 1452 5528 Propheta
1465 5454 1529 5512 dicit
1545 5471 1553 5509 z
1568 5475 1580 5502 ι
1597 5454 1660 5511 Non
1676 5453 1758 5510 babi-

99 5545 233 5607 rnantiurn
261 5564 292 5607 aa
316 5549 412 5611 ‹liesra
437 5549 657 5621 demonstran·
685 5551 766 5623 abab,
790 5552 877 5626 inquit
956 5554 1076 5613 ubilin
1097 5552 1188 5613 medio
1216 5553 1314 5613 doinus
1332 5568 1411 5625 mea,
1438 5551 1485 5627 qui
1513 5550 1578 5611 lacit
1603 5550 1760 5626 superbiam
