3728 6000
90 238 146 309 tat

810 239 956 309 AENIGHA
970 241 1076 305 titiiii.

90 364 184 437 ceptio
196 360 288 434 eliqua
300 360 433 433 veritatis,
448 361 507 421 siue
521 376 601 436 voce,
619 361 679 421 sine
692 361 814 438 syllabis,
828 362 886 422 sine
899 365 927 433 Α
941 366 994 423 hoo
1007 365 1165 427 crederetur
1178 353 1328 425 incarnatio
1349 365 1497 429 Trinitatis.
1522 367 1576 425 Sed
1600 375 1696 429 natura
1713 354 1745 427 in

90 451 182 509 forme
196 450 298 523 eliquit.

127 567 206 624 Sient
217 572 306 623 autem
321 567 437 624 uerbum
453 567 571 623 hominis
587 572 617 624 ui
629 568 817 625 manifestetur
831 583 894 624 sen-

90 656 169 712 sibus
184 657 334 724 hominum,
355 672 408 713 vox
431 658 548 731 quodam
563 659 646 715 modo
669 658 706 726 iit,
730 657 895 715 assumendo

90 756 155 802 eam
171 762 178 809 ;
195 747 233 801 sic
248 746 365 802 Verbum
379 761 444 802 caro
461 747 562 803 laetum
577 757 626 816 est,
651 749 814 805 assumendo
833 761 895 804 earn

88 834 120 889 in
135 850 188 906 qua
203 835 425 892 manifestaretur
439 836 607 892 hominihus.
634 837 669 893 Et
688 836 759 894 siout
779 839 895 896 verbnm

90 920 213 979 hominis
226 923 256 978 iit
269 940 334 991 vox,
350 939 401 981 nec
415 929 538 980 mutatur
554 926 582 981 in
596 941 692 982 voc-em
708 942 716 992 3
734 924 769 981 ita
784 934 811 982 et
825 926 894 983 Ver-

88 1008 157 1067 bum
173 1012 225 1069 Dei
239 1013 343 1068 iactum
359 1019 402 1068 esi
416 1028 482 1070 earo
500 1032 506 1067 :
523 1013 572 1069 sed
587 1013 657 1070 absit
670 1030 685 1069 a
698 1013 752 1069 lide
775 1012 894 1071 lidellum

89 1101 225 1168 omnium,
235 1106 265 1155 ut
279 1100 545 1158 credaturmutatum
559 1102 586 1158 in
597 1104 894 1177 earnemFaetumque

86 1202 154 1246 earo
170 1190 290 1246 Verbum
320 1190 371 1246 Dei
394 1191 494 1247 iactum
517 1200 559 1247 est
573 1191 652 1247 nobis
667 1199 694 1248 et
709 1194 826 1248 verbum
847 1193 894 1249 du-

87 1279 194 1347 otrinoe,
206 1292 261 1335 non
272 1281 408 1345 humanae,
421 1280 468 1336 sed
481 1279 593 1348 divinae,
603 1281 704 1337 docens
715 1298 765 1337 uos
774 1281 808 1338 de
819 1297 895 1338 eom-

86 1368 193 1438 pendio
208 1367 322 1440 implere
337 1384 444 1424 ornnem
456 1371 547 1441 legem
565 1370 675 1425 diosus:
692 1394 703 1419 r
722 1369 824 1443 Diliges
835 1372 893 1427 Dn-

87 1456 194 1511 minum
221 1456 308 1512 Deum
335 1462 411 1513 tuum
430 1459 458 1512 in
483 1467 539 1514 toto
561 1458 717 1527 cordetuo,
744 1468 770 1514 et
790 1459 816 1514 in
839 1468 894 1516 tota

89 1545 184 1601 anima
200 1552 254 1615 lue,
270 1554 296 1601 et
306 1562 341 1601 ex
356 1554 414 1602 tota
427 1556 518 1604 mente
532 1556 577 1603 iun
588 1568 594 1602 ι
605 1554 631 1603 et
644 1548 799 1619 proximum
814 1557 893 1604 tuurn

83 1633 161 1691 sient
175 1633 294 1705 teipsum
306 1634 405 1705 (liciat.
420 1638 469 1706 vr).
484 1659 495 1683 r
510 1634 631 1692 Deinde:
648 1634 704 1690 «tn
714 1637 756 1692 his
770 1661 780 1686 a
796 1637 892 1708 inquii,

949 453 1059 511 Christo
1071 462 1113 511 est
1126 471 1189 521 uua,
1206 470 1287 527 quarn
1306 454 1442 511 invenitur
1454 455 1611 529 unigenitus
1626 457 1677 513 Dei
1698 457 1744 513 in-

948 543 1128 612 separabilem
1142 544 1252 616 quidem
1273 544 1377 600 hahere
1403 561 1467 601 eum
1492 545 1570 600 Patro
1592 549 1623 601 et
1644 545 1745 616 Spiritu

948 637 1065 701 saneto;
1091 633 1228 704 propriam
1247 649 1311 690 vero
1330 633 1413 688 habet
1435 633 1630 689 humanitatem
1657 649 1744 704 suam,

947 736 1009 776 outn
1036 737 1089 794 qua
1117 723 1246 779 divinitas
1274 723 1333 792 ojus
1361 738 1416 777 non
1441 739 1524 778 unam
1543 731 1676 794 naturam,
1696 722 1746 779 se'd

949 826 1032 867 unam
1045 810 1180 869 iuvenitur
1194 812 1294 868 hebere
1315 827 1473 882 personam.
1490 812 1546 867 Sed
1565 827 1654 884 neque
1675 821 1745 868 tenr-

948 900 1049 971 pornlis
1076 901 1216 957 credenda
1242 908 1283 956 est
1310 901 1407 956 missio
1423 900 1506 956 Verbi
1522 918 1530 968 3
1549 917 1612 956 eum
1637 901 1746 972 inipso

948 990 1052 1058 Verbo,
1063 989 1090 1045 in
1106 990 1165 1059 ipsa
1179 990 1313 1060 sapientia
1328 990 1378 1045 Dei
1388 989 1536 1045 abteierno
1553 991 1611 1045 sine
1623 998 1746 1061 tempore
1822 1050 1825 1055 ,

949 1080 1029 1134 luerit
1045 1087 1159 1151 tempus,
1176 1092 1230 1149 quo
1249 1079 1323 1134 illam
1339 1080 1366 1133 in
1380 1094 1460 1134 earne
1472 1094 1608 1149 apparere
1632 1087 1746 1150 oporte-

948 1174 998 1223 ret.
1015 1166 1082 1237 Quae
1100 1168 1241 1240 plenitudo
1257 1169 1389 1238 temporis
1404 1184 1465 1224 oum
1479 1168 1610 1234 venisset,
1635 1169 1688 1224 ban
1703 1183 1747 1225 rit·

948 1266 1021 1320 tione
1033 1262 1131 1320 dieitur
1140 1267 1227 1320 Deum
1239 1265 1345 1320 misisse
1357 1266 1454 1321 Filium
1466 1280 1558 1332 suurn,
1569 1274 1597 1320 ut
1605 1280 1665 1320 cum
1676 1272 1748 1322 esset

947 1350 1021 1408 Deus
1033 1362 1060 1409 et
1078 1356 1168 1421 horno,
1187 1354 1257 1409 sient
1271 1355 1297 1408 in
1314 1363 1429 1426 utroque
1445 1363 1613 1422 nasceretur,
1630 1355 1672 1410 sic
1692 1368 1749 1410 non

948 1452 1059 1499 coactus
1079 1443 1127 1498 sed
1155 1451 1252 1513 sponte
1281 1452 1435 1498 moreretur
1462 1444 1489 1498 iu
1515 1452 1643 1514 utroque.
1664 1444 1749 1500 Passa

949 1533 1022 1588 enirn
1035 1542 1078 1588 est
1092 1532 1220 1588 divinitas
1234 1542 1330 1590 cuncta
1341 1549 1401 1605 quta
1415 1533 1505 1588 earnis
1515 1541 1592 1587 erant
1606 1532 1633 1586 in
1649 1546 1746 1603 earne;
1825 1548 1828 1553 ·
1853 1566 1855 1573 =

948 1622 1011 1694 quia
1024 1621 1185 1692 passibilem
1213 1634 1324 1677 carnem
1355 1632 1417 1678 oum
1449 1621 1576 1676 humanis
1606 1619 1748 1677 affectibus

86 1740 100 1774 a
119 1722 228 1777 duobus
256 1722 391 1779 mandatis
417 1731 474 1780 tota
497 1721 541 1780 lex
568 1725 677 1796 pendet,
706 1734 731 1780 et
751 1727 893 1798 prophetes
907 1724 934 1790 B
949 1713 1024 1766 ¹3⁰¹ss
1037 1711 1157 1780 similist
1168 1723 1240 1778 3¹1⁰ss
1255 1719 1344 1765 ‘⁸¹1¹ssss
1358 1723 1500 1781 ⁰0¹¹¹Pl¹⁸⁸¹l
1515 1720 1555 1765 ⁰⁸¹
1569 1725 1634 1765 eum
1647 1715 1745 1777 carita;

84 1809 206 1882 (linita.
227 1813 307 1882 xxti).
325 1834 336 1860 n
352 1806 456 1869 Deinde
472 1816 528 1869 tota
542 1810 597 1868 vita
611 1814 674 1884 ejus
694 1814 721 1868 in
744 1815 821 1869 terris
842 1831 892 1886 per

85 1900 228 1956 hominem
242 1912 322 1972 quem
338 1901 475 1973 suscipere
500 1898 628 1975 dignatus
650 1910 701 1971 est,
718 1903 843 1958 doctrina
866 1912 894 1959 et

90 1988 237 2060 disciplina
251 1998 356 2045 morum
372 1988 430 2045 luit.
447 1987 572 2055 Divitias,
584 1990 710 2058 honores,
726 1992 889 2063 voluptates,

86 2082 115 2134 et
124 2075 218 2133 omnia
231 2092 292 2148 qum
307 2076 405 2134 hahere
420 2077 560 2150 cupientes
570 2094 624 2135 nnn
637 2087 709 2136 reete
722 2079 889 2149 vivebamus,

88 2167 209 2221 carendo
224 2170 251 2222 et
264 2163 390 2223 docendo
405 2164 457 2222 vile
483 2168 565 2233 iecit;
582 2177 777 2240 paupertatem,
799 2177 892 2225 enniu-

82 2254 196 2322 mellas,
219 2253 343 2324 iniurias,
366 2252 485 2323 dolores,
512 2265 681 2328 mortemque
705 2260 840 2330 eorporis,
864 2268 892 2315 et

64 2343 180 2398 ‚omnia
194 2356 254 2414 quae
270 2343 354 2399 vitare
378 2344 514 2416 cupiendo
535 2360 551 2400 a
575 2345 665 2402 studio
688 2344 759 2403 bene
781 2344 891 2404 vivendi

81 2432 173 2488 solent
189 2426 312 2489 hemines
326 2431 446 2501 domare,
462 2434 640 2506 perpetiendo
661 2434 772 2506 dejecit.
792 2436 891 2494 Docuit

83 2520 168 2576 etiarn
185 2522 308 2577 carnales
323 2520 448 2578 homines
462 2523 590 2578 sensibus
604 2525 693 2580 carnis
707 2524 822 2593 deditos,
839 2540 890 2584 nec

82 2606 211 2667 valentes
232 2618 321 2666 mente
342 2608 441 2667 intueri
461 2612 614 2675 veritatem,
639 2628 719 2684 quam
749 2614 889 2670 excelsum

82 2696 177 2754 locum
188 2699 259 2754 inter
273 2705 410 2755 creaturas
425 2701 538 2756 haberet
552 2702 673 2756 humana
692 2708 797 2769 natura,
813 2703 841 2758 in
855 2718 889 2758 eo

84 2785 163 2859 quoti
178 2786 318 2844 hominem
334 2788 507 2855 assumendo,
525 2787 642 2845 Verbum
657 2790 707 2846 Dei
730 2806 763 2846 en
785 2788 891 2847 duabus

86 2876 194 2932 naturis
210 2875 311 2932 iactum
327 2884 432 2932 estona
443 2890 571 2949 persona.
584 2872 738 2934 ilincenim
753 2888 802 2948 est,
818 2882 890 2951 quod

85 2965 153 3020 dicit
169 2964 329 3036 l'mpheta:
358 2986 369 3013 u
391 2965 463 3021 hiisit
484 2966 599 3021 verbum
621 2978 709 3036 suurn,
735 2976 763 3024 et
784 2966 892 3025 sanarit

950 1800 1012 1872 qula
1040 1798 1217 1870 impassibilis
1246 1814 1355 1870 semper
1381 1800 1408 1853 in
1431 1813 1479 1854 sua
1503 1807 1602 1854 natura
1621 1797 1750 1855 divinitas

947 1887 1106 1958 permansit.
1125 1888 1200 1942 idern
1215 1888 1289 1942 enirn
1306 1890 1365 1943 erat
1378 1888 1464 1951 Deus,
1480 1887 1552 1942 idem
1568 1887 1748 1943 bomn.Nan1

948 1985 977 2033 et
992 1980 1044 2033 hoe
1063 1975 1211 2031 certissima
1235 1976 1288 2032 lide
1312 1975 1523 2031 discernendum
1545 1991 1578 2033 ao
1602 1976 1748 2031 tenendum

948 2076 990 2122 est
1005 2080 1013 2135 a
1029 2066 1103 2137 quia,
1120 2065 1190 2121 sicut
1200 2065 1227 2120 iu
1242 2065 1373 2120 Trinitate
1385 2081 1445 2136 quae
1460 2066 1534 2122 Deus
1548 2073 1599 2130 eat,
1611 2073 1666 2120 tres
1682 2078 1746 2121 oon-

947 2155 1054 2211 fiiamur
1075 2168 1216 2226 personas,
1241 2170 1324 2210 unam
1344 2162 1468 2210 naturam
1489 2171 1496 2219 3
1521 2154 1561 2210 sic
1584 2154 1612 2209 iu
1627 2154 1745 2210 Domino

947 2246 1012 2301 Jesu
1032 2244 1140 2300 Christo
1153 2245 1221 2299 duas
1234 2244 1368 2300 debemus
1380 2252 1492 2300 naturas
1519 2243 1688 2315 intelligere,
1719 2251 1748 2301 ei

948 2348 1028 2389 unam
1045 2348 1200 2403 personam.

985 2442 1020 2496 Et
1038 2441 1107 2496 sieut
1121 2441 1319 2512 inseparabiles
1331 2441 1359 2495 in
1373 2445 1471 2495 natura
1490 2440 1617 2495 divinatis
1631 2450 1745 2498 necatae

948 2536 988 2588 est
1013 2529 1087 2586 eradi
1115 2533 1169 2584 ires
1197 2543 1358 2600 personas;
1386 2531 1429 2584 sio
1447 2530 1474 2583 in
1501 2542 1620 2600 persona
1648 2528 1748 2585 Christi
1841 2538 1844 2545 ·

946 2621 1015 2676 duas
1029 2626 1152 2674 naturas.
1174 2618 1314 2673 Credimus
1327 2633 1393 2690 ergo
1401 2618 1451 2673 Dei
1469 2616 1566 2672 Filium
1581 2618 1640 2672 sine
1653 2617 1747 2689 aliquo

944 2707 1092 2764 nativitatis
1110 2722 1167 2762 snae
1182 2707 1258 2762 initio
1272 2707 1307 2762 de
1331 2708 1418 2761 Patris
1441 2705 1590 2762 substantia
1612 2706 1746 2779 genitum,

945 2799 1035 2853 Deum
1050 2797 1084 2851 de
1099 2793 1157 2852 Deo
1175 2813 1182 2859 ;
1199 2810 1253 2851 nnn
1272 2812 1306 2850 eu
1321 2795 1416 2863 nihilo,
1433 2795 1498 2867 quia
1517 2794 1552 2850 de
1567 2795 1667 2865 Patre3
1690 2808 1747 2852 uon

943 2887 1170 2957 nuncupativum,
1201 2884 1249 2939 sed
1277 2899 1376 2940 nomen
1404 2883 1549 2939 habentem
1576 2899 1610 2939 ex
1633 2882 1748 2939 veritate

944 2983 1056 3030 nature.
1082 2972 1154 3042 Quid
1182 2973 1255 3028 enim
1283 2972 1398 3043 prodest
1424 2971 1503 3040 Filio,
1519 2978 1548 3027 ut
1574 2977 1746 3043 nuncupetur

87 3068 155 3122 eos;
171 3058 199 3109 et
212 3052 312 3124 eripuit
330 3066 378 3110 eos
401 3053 435 3110 de
456 3052 656 3111 interitionibus
678 3070 771 3112 eorum
796 3057 891 3128 (Paul.
906 3064 931 3128 C
946 3061 1081 3136 unigeniti
1096 3061 1208 3116 nomine
1224 3060 1261 3125 ;si
1274 3061 1396 3131 privatur
1408 3060 1526 3116 nominis
1536 3060 1673 3116 veritate?
1684 3060 1748 3116 Fru-

89 3142 182 3213 em).-
199 3140 231 3197 in
244 3154 296 3212 qua
309 3150 399 3199 tamen
411 3142 541 3200 missione
556 3140 610 3200 dun
624 3153 696 3213 sunt,
719 3156 780 3217 quaa
801 3145 891 3202 subti-

84 3229 141 3286 lius
155 3230 299 3303 pensanda
312 3234 384 3299 suni,
400 3231 504 3288 seilicet
526 3248 561 3287 ne
584 3232 678 3289 missio
702 3227 761 3289 Filii
776 3248 792 3290 a
808 3237 891 3292 Patre

86 3319 168 3393 qitasi
184 3318 346 3391 separabilis
367 3320 540 3392 intelligatur,
564 3331 610 3376 aut
632 3323 796 3392 temporalis.
823 3322 892 3380 Nam

85 3422 150 3464 euru
166 3409 219 3465 boo
234 3422 250 3463 e
267 3408 344 3464 Patre
360 3415 386 3464 el
408 3408 474 3465 Filio
498 3410 584 3478 lieret,
603 3418 632 3465 ut
656 3410 740 3466 Filius
764 3413 790 3466 in
812 3428 892 3469 earne

86 3503 247 3569 appareret,
265 3506 451 3569 congruenter
467 3495 553 3553 dictus
568 3507 609 3553 est
624 3500 721 3554 missus
737 3501 791 3566 ille,
802 3502 845 3573 qni
861 3502 891 3557 in

90 3600 173 3642 earne
188 3586 337 3657 apparult;
360 3587 464 3641 misisse
480 3597 572 3642 autem
595 3587 651 3653 ille,
668 3589 713 3659 iqui
734 3590 761 3642 in
787 3608 818 3645 ea
838 3606 891 3645 nnn

88 3676 230 3747 apparuit,
253 3676 382 3746 quoniam
407 3693 440 3731 en
462 3692 523 3746 quse
546 3692 636 3731 coram
661 3679 783 3747 eorporis
805 3680 892 3735 oeulis

87 3772 225 3838 geruntur
241 3764 317 3829 loris,
335 3765 370 3820 ab
384 3763 513 3820 interiore
528 3773 661 3836 apparatu
678 3776 781 3821 naturae
809 3767 891 3839 spiri-

84 3851 171 3909 tualis
199 3853 340 3918 existunt;
370 3860 396 3909 et
423 3860 565 3924 propterea
594 3856 787 3909 corvrenienter
809 3858 891 3911 missa

85 3940 234 4005 dicuntur3
252 3949 335 4013 por-ro
347 3940 434 3997 iorrua
448 3942 493 3997 illa
508 3944 624 4013 suseepti
641 3944 759 3998 hominis
769 3944 828 3999 Vilii
838 3950 889 4013 esi,

86 4046 142 4087 nnn
157 4030 241 4085 etiarn
256 4030 353 4085 Patris.

122 4143 303 4215 Quapropter
317 4143 405 4200 Pater
414 4144 559 4200 invisibilis
573 4160 627 4202 una
637 4162 699 4202 oum
713 4144 781 4202 Filio
797 4162 889 4202 secum

86 4230 219 4289 invisibili
235 4229 361 4288 eumdem
376 4232 473 4289 Filium
489 4230 625 4289 visibilem
640 4235 775 4303 faciendo,
783 4236 889 4291 misisse

87 4337 150 4378 curn
167 4318 277 4376 dieitur.
294 4319 345 4390 Qui
361 4321 385 4376 si
400 4321 530 4378 eomodo
545 4322 660 4378 visibilis
675 4321 761 4389 lieret,
778 4330 806 4378 ut
828 4340 889 4379 eum

946 3160 1003 3208 atra
1017 3166 1134 3221 namquo
1149 3149 1304 3221 unigenitus
1317 3149 1428 3215 dieitur,
1445 3150 1468 3204 si
1492 3149 1521 3203 in
1543 3149 1605 3220 ejus
1627 3160 1746 3222 genera-

947 3243 1083 3297 tinueuon
1098 3239 1229 3293 naturalis
1244 3237 1278 3293 de
1294 3239 1350 3292 Deo
1363 3241 1510 3309 generante
1525 3236 1637 3307 veritas,
1648 3238 1701 3294 'sed
1712 3252 1749 3294 ex

946 3331 1068 3385 donante
1083 3327 1194 3399 largitas
1208 3327 1382 3397 praedicatur.
1399 3327 1432 3380 Et
1446 3326 1505 3380 aliis
1520 3326 1601 3392 enim,
1615 3335 1749 3398 quotquot

946 3425 1111 3487 receperunt
1125 3431 1198 3481 euru,
1215 3415 1301 3470 eredit
1318 3418 1482 3485 potestatem
1505 3414 1574 3468 ivlius
1601 3414 1649 3469 Dei
1679 3413 1747 3470 lieri.

946 3508 1000 3563 Seri
1013 3508 1039 3561 in
1055 3505 1102 3561 illo
1121 3505 1292 3574 sempiternae
1308 3502 1452 3558 nativitatis
1473 3518 1572 3558 arnano
1597 3503 1746 3574 sempiter-

944 3613 996 3651 nus
1020 3604 1102 3665 atqua
1125 3592 1304 3646 immutabilis
1325 3593 1402 3645 Pater
1426 3594 1540 3645 alterum
1560 3592 1664 3663 gennit,
1690 3606 1744 3647 nou
1832 3598 1848 3619 '

945 3685 1098 3739 diversum:
1115 3690 1279 3753 etquautum
1295 3681 1586 3753 generamlnprotulit,
1603 3678 1744 3752 laniusip-

943 3788 974 3826 se
989 3772 1150 3844 permansit.
1168 3769 1349 3824 Persoualiter
1363 3770 1486 3823 distinxit
1501 3784 1516 3822 a
1531 3784 1571 3835 se,
1588 3784 1669 3839 quern
1692 3784 1744 3823 na-

944 3861 1065 3915 turaliter
1086 3866 1173 3915 totum
1195 3859 1276 3913 hahet
1298 3858 1389 3913 inse.
1419 3857 1467 3913 lile
1486 3856 1570 3930 igitur
1598 3854 1744 3913 inetlahills

943 3951 978 4005 de
994 3951 1075 4004 Patre
1089 3949 1147 4003 sine
1161 3947 1238 4002 initio
1251 3952 1341 4013 natus,
1359 3952 1505 4018 postquam
1526 3946 1602 4002 venit
1621 3946 1742 4016 plenitu-

944 4038 979 4093 do
989 4037 1119 4109 temporis
1133 4037 1242 4109 (Galat.
1261 4036 1310 4105 nv),
1328 4042 1356 4089 ut
1370 4035 1469 4089 missus
1483 4051 1499 4090 a
1515 4036 1592 4090 Patre
1607 4032 1682 4091 lieret
1708 4049 1744 4090 ex

943 4127 1068 4192 muliere,
1085 4133 1156 4181 totus
1171 4138 1290 4196 regnans
1306 4123 1333 4177 in
1347 4123 1415 4178 sinu
1435 4124 1521 4178 Patris
1536 4131 1621 4179 toturn
1634 4124 1741 4178 aetnei-

943 4218 1033 4287 ipsum
1048 4216 1170 4270 formans
1184 4213 1211 4267 in
1227 4212 1288 4267 sinu
1300 4212 1407 4281 matris,
1423 4218 1494 4267 totus
1505 4211 1582 4269 veuit
1595 4212 1623 4266 in
1635 4218 1742 4268 uterum

944 4304 1067 4375 virginis.
1090 4305 1187 4376 Neque
1211 4301 1284 4357 enim
1304 4314 1369 4372 pars
1384 4301 1442 4370 elus
1462 4301 1591 4356 remansit
1611 4300 1640 4355 in
1656 4302 1741 4369 Patre,

86 4412 168 4465 Patre
192 4408 337 4465 invisibilis
362 4425 423 4465 esse
445 4408 592 4475 desineret,
617 4411 643 4464 id
666 4418 717 4478 esi,
738 4410 928 4473 substantiaD
944 4392 1118 4464 illim]us
1134 4391 1211 4445 ‘'⁰¹¹st
1230 4392 1257 4444 in
1273 4390 1425 4463 Vifssinemv
1442 4402 1503 4445 Μ
1532 4396 1603 4444 ¹⁰²¹¹⁸
1630 4388 1658 4443 5¹¹
1687 4388 1741 4443 Pi·

87 4497 240 4554 invisibilis
259 4497 339 4552 Verbi
363 4497 392 4552 in
416 4508 565 4553 ereaturam
595 4499 732 4553 visibilem
759 4500 891 4554 transiens

85 4595 256 4652 mutaretur·,
278 4586 315 4641 ita
338 4587 435 4641 missus
450 4603 466 4642 a
482 4589 558 4642 Patre
574 4587 656 4642 Filius
679 4588 886 4660 intelligeretur,

86 4684 116 4731 ui
130 4684 238 4730 tantum
254 4675 352 4729 missus
366 4685 392 4730 et
415 4692 470 4730 non
496 4684 604 4730 initiens
627 4676 804 4731 inveniretur.
821 4677 888 4730 Cum

85 4780 156 4821 vero
171 4766 207 4818 ita
221 4773 334 4834 accepia
350 4773 392 4818 est
406 4764 497 4818 fornia
511 4765 593 4828 servi,
605 4772 634 4818 ut
645 4774 769 4819 maneret
780 4766 889 4821 innom-

86 4852 228 4908 mutabilis
243 4852 330 4908 lorma
345 4853 394 4907 Dei
411 4872 418 4920 3
435 4853 609 4907 manifestum
625 4862 675 4923 est,
693 4855 766 4924 quorl
781 4871 796 4907 a
812 4856 890 4910 Patre

86 4941 221 4997 invisibili
237 4950 263 4996 et
278 4943 313 4996 ab
329 4941 458 4996 invisibili
475 4942 553 5009 lilio,
565 4950 591 4995 et
604 4942 639 4996 ab
647 4942 776 4997 invisibili
789 4942 891 5013 Spiritu

87 5038 185 5086 saneto
201 5031 303 5085 iactum
319 5030 364 5096 sit,
381 5030 453 5099 quod
472 5039 615 5100 appareret
638 5030 665 5084 in
689 5030 766 5096 Filio,
792 5031 819 5084 id
838 5040 890 5100 est,

88 5119 163 5191 quod
188 5119 222 5174 ab
245 5118 298 5172 illis
320 5117 502 5172 invisibilibus
517 5118 634 5172 visibilis
656 5119 714 5188 ipse
729 5119 891 5175 mitteretur.

88 5207 227 5265 Servilem
249 5206 320 5262 enim
343 5206 560 5277 iormam‚quam
584 5207 739 5278 unigenitus
755 5209 826 5263 Dens
845 5224 893 5263 as-

89 5296 216 5368 sumpsit,
234 5303 290 5351 tota
304 5295 419 5349 Trinitas
435 5294 498 5350 iecit
514 5314 520 5356 ;
537 5294 585 5349 sed
603 5296 666 5350 lieet
680 5295 715 5349 sit
729 5297 757 5350 in
771 5312 802 5351 ca
814 5297 895 5352 totius

90 5386 216 5457 operatio
230 5383 376 5449 Trinitatis,
392 5383 514 5454 acceptio
534 5391 627 5437 tamen
653 5385 710 5451 eius
732 5385 814 5439 solius
837 5382 897 5438 Filii

90 5472 317 5543 aequanimius
341 5471 487 5527 Trinitatis.
515 5470 594 5540 Quod
617 5473 639 5525 si
667 5472 694 5526 in
716 5473 821 5530 Christo
843 5488 897 5527 una

91 5563 191 5620 inisset
211 5560 283 5618 heta
301 5568 400 5617 natura
419 5560 567 5618 divinitatis
591 5567 619 5617 et
640 5561 742 5631 earnis,
764 5561 846 5618 tonus
865 5577 896 5617 ex

944 4489 984 4536 tra
1000 4487 1135 4545 muneret,
1155 4477 1228 4548 quod
1251 4482 1310 4533 erat
1330 4494 1338 4546 ;
1358 4484 1386 4532 et
1407 4484 1480 4532 totus
1501 4477 1528 4530 in
1553 4476 1665 4549 Virgine
1688 4474 1740 4532 tie-

942 4578 983 4625 ret
1004 4569 1078 4639 qnod
1099 4584 1152 4622 non
1177 4575 1244 4622 erat.
1266 4567 1309 4621 Sic
1332 4581 1398 4637 ergo
1423 4582 1502 4620 verus
1524 4566 1596 4619 Deus
1615 4581 1647 4619 nc
1665 4582 1742 4621 sum·

943 4666 1103 4713 musinium
1120 4656 1257 4710 hominem
1275 4655 1303 4708 in
1319 4671 1348 4708 se
1369 4656 1495 4724 accepit:
1520 4662 1546 4707 et
1566 4654 1603 4708 sic
1623 4653 1742 4723 plenitu-

943 4748 977 4802 do
992 4745 1139 4802 diviuitaiis
1153 4745 1265 4799 veritate
1288 4742 1386 4797 divinae
1411 4743 1590 4812 humanaeque
1612 4744 1742 4797 substan·

945 4837 987 4890 tiae
1003 4832 1231 4890 inconfusibiliter
1257 4838 1433 4903 permanente
1459 4833 1632 4902 semetipsam
1662 4831 1742 4902 pleno

945 4923 1085 4992 conjunxit
1099 4922 1202 4976 homini
1219 4929 1246 4975 nt
1261 4920 1362 4976 unitate
1381 4920 1509 4990 deinceps
1532 4928 1659 4975 manente
1682 4937 1744 4991 per·

945 5022 1032 5077 sonae,
1048 5026 1099 5066 nea
1114 5011 1196 5065 horno
1210 5010 1334 5063 Christus
1349 5025 1365 5063 a
1378 5024 1427 5063 sua
1442 5008 1594 5076 divinitate,
1611 5026 1662 5065 nec
1672 5009 1744 5066 idem

947 5103 1020 5156 Deus·
1030 5099 1150 5154 Christus
1166 5115 1181 5153 a
1195 5113 1244 5152 suu
1253 5097 1339 5169 possit
1350 5098 1518 5152 humanitate
1532 5098 1663 5170 disjungi.
1676 5099 1744 5154 Haeo

947 5189 1020 5246 enim
1036 5204 1159 5261 personae
1181 5186 1370 5257 inseparabilis
1390 5187 1490 5254 unitas,
1506 5188 1533 5240 in
1555 5203 1607 5258 qua
1631 5187 1704 5242 Deus
1719 5196 1746 5244 et

948 5282 1030 5334 homo
1045 5286 1125 5332 natus
1141 5285 1181 5332 est
1197 5276 1327 5343 Christus,
1346 5275 1421 5343 iecit,
1436 5283 1466 5329 ut
1480 5281 1509 5330 et
1527 5276 1609 5329 homo
1625 5275 1748 5332 Christus

951 5384 999 5440 per
1015 5367 1129 5439 gratiam
1145 5372 1303 5420 nasceretur
1316 5381 1348 5418 ex
1364 5365 1431 5431 Deo,
1441 5364 1516 5418 salva
1526 5364 1637 5419 veritate
1653 5380 1685 5421 ao
1694 5365 1752 5436 ple-

951 5464 1077 5520 nitudine
1106 5464 1229 5518 humanae
1257 5466 1412 5529 naturae,et
1439 5461 1511 5517 idem
1539 5459 1612 5517 Deus
1630 5460 1740 5518 Chrisiu

953 5562 1109 5619 voluntarie
1123 5567 1264 5634 pateretur
1278 5560 1306 5617 in
1321 5576 1403 5617 earne
1419 5561 1493 5618 salva
1508 5559 1671 5634 impassibili
1694 5560 1756 5632 ple·
1852 5578 1855 5585 ⁴
