3728 6000
154 230 226 289 tout
848 225 994 287 nonnuli
1012 227 1051 285 111
1070 224 1174 284 PAPAE
1789 228 1855 286 tues

137 369 290 414 consensu
304 353 351 411 vel
364 353 491 411 fratrum
501 367 575 426 pars
589 350 704 410 consilii
720 352 848 410 senioris
859 369 968 411 secuu-
985 357 1009 413 Δ
1023 350 1852 427 ramarabilemdeBonolioquseaddominicatumipsius

137 443 212 502 dum
227 444 277 501 [tel
292 442 432 500 timerem
451 448 479 499 et
490 442 567 500 beati
580 441 727 500 Benedicti
740 443 885 515 Regulam
900 459 968 517 pro-
1023 444 1150 517 perlinet
1164 460 1171 510 ;
1184 442 1347 514 terragium
1358 441 1570 516 quoquequod
1581 441 1695 499 ibidem
1708 442 1848 510 habebat,

137 532 459 605 viderinteligeudnm.
475 531 666 590 Decernimus
681 547 753 603 ergo
771 538 803 589 ut
818 532 889 590 nulli
904 549 969 591 om·
1023 549 1059 591 eo
1075 540 1187 603 tenore,
1202 533 1285 607 quod
1298 533 1323 589 si
1336 532 1515 589 rusticieum
1523 530 1620 590 colere
1630 531 1807 598 destiterint,
1816 533 1850 590 ad

137 623 211 681 nino
228 622 386 681 hominum
407 622 494 680 liceat
511 622 593 679 lrnnc
612 622 713 679 locum
727 627 839 680 temere
852 627 969 698 pertur-
1023 622 1235 697 proprietatem
1243 626 1373 680 vestram
1381 621 1473 679 libere
1480 621 1849 694 redeat3pascuaetiamet

136 711 221 780 bare,
237 718 288 769 ant
300 712 365 785 ejus
378 711 582 786 possessiones
593 711 721 779 auferre,
733 711 780 769 rel
795 711 913 770 ablatas
925 729 969 770 re-
1023 718 1133 770 tsrram
1157 712 1312 777 incultam,
1341 719 1370 768 et
1381 726 1505 769 cursum
1520 710 1662 783 aquaead
1678 709 1847 770 faciendum

138 801 241 870 tinere,
258 801 403 871 minuere,
417 818 470 859 sen
484 800 670 875 quibuslibet
680 801 889 859 vexationibus
904 801 969 860 feti·
1023 801 1242 868 molendinum,
1255 799 1845 859 mansiselcensibussuassuccessioniin

138 907 221 964 gere,
236 891 290 949 sed
306 891 409 948 omnia
424 892 539 964 integra
553 895 768 948 conserventur
782 907 897 959 eorum,
913 908 968 965 pro
1023 890 1571 962 earetentis5ecclesiamdeBeriniaeo
1582 905 1712 964 qureper
1724 905 1843 948 manuni

138 995 270 1055 qnorum
290 979 507 1053 gubernatione
532 995 568 1036 ac
593 979 808 1038 sustentatione
826 997 969 1040 concessa
1023 983 1159 1040 llanasse
1175 980 1330 1040 lleldeusis
1345 980 1488 1055 episcopi,
1508 980 1573 1055 ipso
1594 978 1706 1036 comite
1725 994 1843 1039 consen·

138 1069 700 1142 sunt,usibusomnimodisprofutura;
711 1069 886 1127 salsasedis
897 1086 968 1144 epo·
1022 1070 1111 1129 tiente
1121 1087 1156 1128 ac
1166 1069 1349 1145 postulante,
1365 1068 1617 1128 robistraditaest
1631 1085 1639 1135 ;
1651 1068 1843 1128 decimamds

138 1158 252 1216 stolicee
264 1157 440 1215 auctoritate
455 1162 484 1215 et
496 1156 657 1215 dioecesani
671 1159 805 1233 episcopi
821 1160 968 1218 canonica
1023 1160 1144 1219 Sinesiis
1153 1160 1326 1234 (seigneur)
1339 1176 1407 1234 quae
1416 1159 1530 1231 abipso
1540 1159 1662 1223 comite,
1676 1174 1696 1215 a
1707 1157 1841 1216 militibus

134 1247 250 1320 justitia
261 1252 290 1305 el
303 1248 478 1305 reverentia.
500 1248 528 1306 si
543 1263 606 1320 qua
619 1247 709 1318 igitur
728 1250 758 1304 in
774 1249 907 1306 futurum
922 1264 968 1306 ec-
1021 1250 1131 1325 quaein
1145 1248 1235 1307 fendo
1253 1265 1321 1308 eam
1335 1249 1490 1307 habebant
1504 1249 1663 1322 redempta
1681 1252 1738 1316 est,
1756 1252 1787 1305 et
1798 1265 1840 1322 per

138 1337 302 1395 clesiastica
310 1336 497 1394 secularisve
506 1353 645 1410 persona,
653 1336 850 1395 hancnostrre
860 1340 966 1397 consti·
1021 1357 1146 1399 manum
1166 1341 1243 1396 Petri
1262 1340 1492 1397 silvanectensis
1504 1338 1637 1413 episcopi
1663 1338 1752 1395 robis
1779 1355 1840 1396 con-

138 1426 260 1486 tutionis
270 1426 414 1501 paginam
426 1428 536 1495 sciens,
549 1433 731 1485 contraeam
743 1434 854 1485 temere
864 1430 964 1486 venire
1021 1446 1106 1489 cessa
1119 1434 1164 1487 est
1179 1445 1186 1497 ;
1202 1429 1352 1486 decimam
1362 1429 1400 1485 de
1416 1427 1636 1495 burfantencio,
1653 1428 1773 1485 tertiam
1784 1443 1839 1503 per

137 1512 308 1583 tentaverit3
331 1515 465 1574 secundo
480 1518 603 1574 tertiove
627 1518 824 1587 commonita,
853 1517 878 1575 si
904 1534 965 1576 nou
1021 1525 1082 1579 mm
1102 1519 1228 1577 decimas
1242 1518 1279 1576 de
1294 1518 1474 1586 vamoseio;
1495 1533 1600 1575 nemus
1615 1517 1654 1575 de
1666 1519 1777 1576 Senem
1795 1518 1839 1574 lle

137 1610 254 1665 reatum
270 1622 361 1664 suum
374 1622 508 1678 congrua
518 1606 720 1664 satisfactione
732 1608 902 1674 correxerit,
915 1624 967 1681 po·
1021 1609 1115 1668 dardo
1125 1609 1269 1683 quodsub
1279 1624 1371 1665 censu
1382 1613 1496 1682 septem
1503 1607 1680 1676 solidorum,
1698 1607 1840 1666 etdimidii

137 1695 443 1768 testatishonorisqne
456 1695 652 1768 suidignitate
660 1702 770 1765 careat,
778 1712 921 1772 reamque
934 1713 966 1756 se
983 1725 1004 1783 Β
1021 1700 1203 1759 monasterio
1218 1701 1247 1757 S.
1264 1698 1394 1758 fledardi
1407 1696 1607 1772 persolvendo
1623 1697 1710 1754 vobis
1729 1714 1841 1757 conces·

137 1784 238 1842 divine
249 1784 364 1857 judicio
377 1785 503 1842 existere
517 1784 554 1842 de
565 1790 736 1859 perpetrata
749 1786 905 1860 iniquitate
918 1804 968 1846 co·
1021 1806 1089 1847 sum
1099 1795 1143 1847 est
1156 1808 1163 1860 ;
1175 1789 1290 1846 curiam
1303 1787 1338 1845 de
1347 1790 1443 1846 itonte
1457 1786 1578 1845 Bosonis
1591 1786 1771 1860 (Morcoart)
1783 1803 1839 1845 cun

137 1878 272 1946 gnoscat,
287 1881 315 1932 st
344 1889 362 1932 a
386 1873 591 1932 sacratissimo
614 1890 741 1948 corpore
764 1880 794 1933 et
818 1877 966 1948 sanguine
1022 1879 1087 1936 suis
1101 1879 1297 1954 appendiciis.
1313 1879 1390 1937 Sane
1415 1877 1552 1935 taborum
1579 1883 1752 1936 vestrorum
1775 1893 1840 1952 quos

138 1962 190 2019 Dei
204 1968 231 2020 et
245 1963 363 2020 Domini
377 1964 468 2020 nostri
484 1963 679 2030 JesuChristi,
692 1964 790 2022 aliena
803 1965 864 2033 fiat,
876 1971 967 2040 atque
1021 1969 1150 2044 propriis
1172 1969 1312 2027 manibus
1334 1973 1386 2027 aut
1404 1967 1575 2041 sumptibus
1606 1966 1713 2035 colitis,
1732 1967 1797 2025 sire
1811 1967 1840 2024 de

136 2051 968 2128 inextremoexaminedistricttaultionisubjaceat.Cun·
1021 2060 1211 2117 nutrimentis
1226 2057 1400 2116 animalium
1412 2062 1592 2124 vestrorum,
1604 2055 1708 2114 nullus
1725 2057 1840 2116 omnino

137 2142 192 2199 ctis
207 2147 307 2200 eutem
322 2142 420 2199 eidem
434 2142 501 2201 loco
516 2159 572 2200 sua
580 2144 895 2215 juraservantibussit
908 2161 968 2219 pax
1021 2151 1146 2208 clericus
1157 2149 1203 2208 rel
1215 2149 1336 2206 laiensa
1354 2147 1442 2206 robis
1455 2148 1589 2206 decimas
1604 2148 1725 2222 exigere
1736 2163 1841 2219 prresn·

137 2231 255 2289 llomini
270 2233 362 2289 nostri
376 2235 444 2288 lesu
455 2232 561 2289 Christi
577 2239 727 2306 quatenus
742 2233 828 2290 ethic
838 2234 967 2292 fructum
1023 2244 1094 2297 mat.
1124 2239 1314 2297 Decernimus
1334 2253 1405 2308 ergo
1419 2242 1451 2294 ut
1468 2236 1540 2295 nulli
1550 2237 1677 2295 omnino
1691 2238 1840 2295 hominum

134 2321 828 2395 bonaeactionispercipiant,etapuddistrictum
833 2324 966 2395 jndicem
1022 2328 1109 2386 liceat
1118 2328 1274 2401 praelatum
1284 2327 1385 2385 locum
1398 2332 1509 2384 temere
1519 2326 1703 2399 perturbare,
1719 2327 1840 2398 aerleius

135 2411 261 2483 premia
276 2416 394 2468 telerna
409 2411 493 2485 pacis
512 2411 796 2470 inveniantltmen.
1021 2419 1228 2492 possessiones
1255 2416 1381 2483 auferre,
1411 2415 1457 2473 vet
1482 2415 1598 2473 ablatas
1623 2416 1764 2484 retinere,
1793 2416 1840 2473 nsi·

171 2501 232 2572 Ego
248 2500 397 2571 fingenius
417 2499 575 2558 Catholicae
588 2501 724 2559 Ecclesiae
744 2503 904 2577 episcopus
924 2521 963 2560 ss.
1021 2522 1124 2575 nuere,
1140 2523 1194 2563 seu
1211 2505 1396 2580 quibuslibet
1411 2503 1757 2577 vexationibusfetigare
1774 2524 1782 2573 ς
1798 2503 1841 2563 sed

171 2590 233 2660 Ego
252 2588 442 2646 [lumbaldus
473 2592 575 2663 presb.
605 2591 686 2649 card.
712 2593 761 2650 SS.
788 2593 911 2650 loannis
938 2600 966 2653 et
1021 2597 1125 2656 omnia
1147 2596 1262 2667 integra
1285 2599 1500 2654 conserventur
1513 2609 1629 2659 eorum,
1646 2609 1704 2666 pro
1716 2608 1840 2668 quorun

135 2678 278 2746 feniles,
299 2686 354 2736 etc.
1021 2687 1236 2758 gubernatione
1257 2691 1285 2743 et
1300 2686 1517 2743 sustentatione
1533 2699 1678 2741 concessa
1693 2688 1775 2753 sunt,
1791 2683 1842 2741 usi·

171 2769 278 2825 ilatum
304 2767 440 2826 Vetrallee
453 2783 507 2842 per
521 2784 645 2826 manum
677 2771 792 2830 seberti
820 2771 964 2848 [Roberti]
1020 2776 1413 2850 busomnibnsprofntura,
1429 2772 1839 2848 salrasedisapostolirean·

135 2861 246 2915 sanctre
260 2860 402 2915 Romane
417 2857 554 2915 Ecclesia
574 2860 741 2934 presbyteri
756 2863 918 2920 cardinalis
938 2868 967 2921 et
1020 2867 1164 2934 ctoritate,
1178 2872 1206 2922 et
1220 2865 1382 2922 dioeresani
1399 2864 1531 2938 episcopi
1541 2862 1843 2935 canonicejustitieet

134 2945 436 3013 cancellarii,rnldus
447 2947 596 3014 Decemb..
607 2948 706 3007 indict.
721 2967 761 3018 rr,
777 2967 858 3010 anno
869 2951 965 3010 lucar·
1019 2957 1198 3014 reverentia.
1217 2954 1248 3011 Si
1262 2971 1324 3028 qua
1344 2954 1432 3026 igitur
1455 2953 1485 3010 iu
1499 2953 1632 3010 futurum
1645 2952 1843 3010 ecclesiastice

134 3040 198 3093 nat.
214 3036 377 3094 Dominicre
394 3037 464 3096 1145
480 3055 487 3106 ;
502 3038 694 3111 pontificatue
705 3056 776 3099 vero
790 3041 895 3100 domni
908 3045 962 3100 nu·
978 3093 1000 3152 c
1020 3045 1208 3104 secularisve
1224 3060 1364 3119 persona,
1390 3043 1481 3114 hrrjns
1501 3048 1612 3100 nostrae
1625 3042 1844 3101 constitutionis

135 3124 215 3197 genii
231 3141 319 3199 papa
334 3126 369 3183 lli
389 3142 470 3186 auno
484 3127 595 3201 primo.
1019 3135 1161 3209 paginam
1177 3134 1283 3199 sciens,
1300 3138 1405 3190 contra
1425 3147 1493 3190 eam
1510 3135 1619 3189 temere
1632 3131 1736 3189 venire
1753 3135 1843 3190 mnte-

548 3221 579 3276 b.
1018 3223 1102 3291 verit,
1115 3223 1250 3281 secunrlo
1265 3223 1386 3279 tertiove
1397 3220 1594 3286 commonita,
1613 3219 1638 3276 si
1651 3235 1715 3277 non
1728 3225 1842 3279 reatum

170 3305 361 3379 Pricilepium
373 3322 427 3379 pru
439 3307 619 3366 monasterie
633 3308 670 3367 de
683 3310 759 3368 hoco
770 3319 947 3371 restaurato.
1018 3329 1106 3371 sunm
1122 3328 1257 3384 congrua
1270 3310 1473 3369 satisfactione
1495 3309 1665 3375 correxerit,
1690 3310 1843 3383 potestatis

367 3396 465 3469 (Anno
482 3399 561 3465 1115,
572 3399 641 3458 Dec.
662 3399 719 3471 11.)
1017 3403 1199 3476 honorisque
1214 3402 1257 3458 sui
1267 3402 1411 3473 dignitate
1421 3406 1530 3469 careat,
1539 3414 1685 3473 reamque
1701 3415 1733 3456 se
1745 3399 1844 3456 dirim

269 3484 369 3560 [iluna
386 3486 498 3545 Ausul.
515 3487 632 3554 Pram„
648 3489 681 3557 tl,
697 3489 754 3556 Pr„
767 3490 827 3564 tl.]
1015 3492 1130 3565 Judicio
1145 3492 1269 3549 existere
1282 3491 1320 3548 de
1329 3488 1661 3564 perpetratainiquitate
1672 3495 1843 3560 cognoscat,

168 3575 758 3649 Euneruusepiscopusservusserrorum
767 3579 962 3649 veturnosi
1017 3586 1045 3639 el
1059 3598 1077 3638 a
1093 3580 1296 3639 sacratissimo
1318 3595 1443 3651 corpore
1454 3584 1482 3636 et
1497 3577 1645 3649 sanguine
1667 3577 1720 3634 liei
1738 3593 1777 3636 ac
1789 3578 1844 3634 bo-

133 3663 233 3721 abbati
249 3665 285 3721 de
302 3666 379 3722 Loco
394 3672 571 3735 restaurato,
582 3667 708 3740 eJusque
735 3669 874 3726 fratribus
902 3677 960 3728 tam
1018 3672 1090 3729 mini
1114 3669 1320 3743 uenemprous
1335 3668 1430 3725 nostri
1445 3667 1515 3725 lesu
1535 3665 1640 3724 Christi
1666 3666 1842 3733 alienafiat,

132 3751 432 3826 praesentibusquam
443 3753 736 3827 futuris,regularem
747 3759 961 3832 ritamprofes·
1017 3766 1107 3834 atque
1122 3759 1151 3816 in
1168 3766 1301 3816 extremo
1317 3758 1453 3815 examine
1469 3757 1609 3814 districtae
1627 3755 1733 3814 ultioni
1743 3756 1842 3828 subja·

131 3837 183 3904 εἰει
195 3838 227 3895 in
239 3847 428 3913 perpetuum·
1017 3855 1091 3907 ceat.
1109 3849 1227 3906 Cunctis
1243 3850 1344 3904 autem
1355 3846 1451 3903 eidem
1461 3845 1528 3902 loco
1543 3861 1598 3902 sue
1614 3844 1686 3917 iura
1705 3843 1843 3903 servanti·

135 3934 138 3941 '
169 3928 313 3995 Quoniam
322 3929 386 3985 sine
395 3945 470 3986 vere
479 3928 632 4001 religionis
642 3933 733 4000 cultu,
744 3949 799 3991 nec
808 3935 961 3994 charitatis
1017 3939 1085 4005 bus,
1097 3939 1136 3995 sit
1155 3955 1213 4010 pax
1232 3936 1349 3994 Domini
1365 3936 1460 3993 nostri
1475 3935 1546 3992 lesu
1558 3934 1678 4002 Christi,
1695 3940 1843 4010 quatenns

132 4017 234 4074 unitas
249 4022 346 4090 potest
361 4018 535 4089 subsistere,
551 4036 606 4077 nec
623 4023 683 4078 ileo
695 4028 814 4093 gratum
829 4026 962 4083 exhiberi
1017 4034 1045 4087 et
1058 4029 1107 4086 hic
1122 4028 1251 4085 fructum
1266 4028 1355 4084 honre
1382 4026 1509 4082 actionis
1524 4025 1702 4100 percipiant,
1719 4031 1751 4083 et
1764 4023 1841 4098 apud

132 4105 298 4176 servitium,
313 4108 433 4181 expedit
444 4109 616 4181 apostolica
628 4112 796 4170 auctoritati
808 4114 962 4186 religiosas
1017 4118 1183 4176 districtum
1191 4117 1324 4190 judicem
1334 4116 1456 4189 praemia
1465 4114 1840 4188 alaraspaetsinvsntmt.

131 4195 957 4273 personasdiligere,etearumquieti,auxilianlet)omino,
1017 4211 1121 4265 Amen.

131 4283 299 4358 providere.
310 4288 480 4360 liapropter,
497 4287 596 4345 dilecti
610 4289 640 4346 in
652 4291 779 4349 Domino
788 4291 849 4365 filii,
861 4295 962 4352 vestus
1052 4300 1113 4368 Ego
1128 4295 1278 4367 Eugenius
1292 4294 1450 4354 Catholicae
1469 4292 1606 4352 Ecclesia
1617 4292 1792 4369 episeopus.

128 4371 219 4445 justis
231 4373 485 4447 postulationibus
501 4377 662 4435 clementer
674 4382 836 4438 annuimus
848 4388 875 4440 et
889 4400 962 4457 prae·
1052 4389 1113 4458 Ego
1130 4385 1225 4442 Guido
1242 4385 1377 4458 presbyt.
1391 4385 1473 4442 card.
1491 4385 1519 4443 S.
1537 4383 1739 4457 Chrysogoni.

130 4459 959 4548 fatumlocum,inquodivinomaucipatiestisobseqnio,
977 4464 999 4521 D
1050 4478 1112 4547 ligo
1125 4475 1279 4532 Albericus
1299 4472 1442 4531 Ostiensis
1457 4475 1628 4548 episcopus.

131 4550 189 4609 sub
200 4553 280 4610 beati
295 4554 371 4611 Petri
386 4561 523 4614 etnostra
534 4559 717 4631 protectione
728 4561 921 4636 suscipimus,
933 4569 961 4621 et
1051 4565 1114 4636 Ego
1131 4564 1282 4622 ilainerius
1297 4564 1400 4637 presb.
1410 4564 1492 4622 card.
1506 4563 1549 4621 tit.
1562 4564 1679 4620 Sanctre
1691 4562 1808 4620 Prisces.

130 4642 960 4721 prasenttsscripttprivilegtoeommunlmus‚statuentes
1049 4657 1110 4727 Ego
1124 4655 1239 4711 imarus
1254 4653 1441 4711 Tusculanus
1456 4654 1626 4726 episcopus.

129 4735 164 4788 ut
176 4747 375 4806 quascunque
390 4736 607 4807 possessiones,
628 4754 818 4814 quacunque
830 4741 913 4800 bona
928 4742 959 4801 in
1049 4746 1110 4815 Ego
1123 4746 1253 4801 loannes
1267 4744 1412 4801 diaconus
1423 4741 1582 4801 cardinalis
1594 4740 1697 4798 Sancti
1710 4737 1836 4797 Adriani.

128 4823 358 4893 presentiarum
368 4823 448 4894 juste
468 4831 498 4882 et
511 4827 655 4884 canonice
671 4830 842 4901 possidetis,
863 4837 916 4890 aut
928 4833 959 4891 in
1048 4835 1109 4904 Ego
1135 4832 1229 4891 Guido
1251 4835 1408 4908 presbyter
1422 4831 1505 4890 card.
1521 4832 1562 4889 tit.
1580 4831 1631 4888 SS.
1648 4829 1800 4889 Laurentii
1814 4832 1838 4884 et

129 4909 263 4968 futurum
286 4914 480 4973 concessione
509 4917 699 4990 pontificum,
721 4918 900 4980 liberalitate
915 4939 959 4981 re·
1013 4922 1145 4983 Damasi.

129 5000 377 5072 gumini-gittone
386 5005 567 5078 principum,
576 5007 738 5077 oblatione,
748 5008 894 5078 fidelium,
906 5028 958 5069 seu
1048 5015 1155 5069 ilatum
1183 5012 1307 5068 Verullas
1327 5011 1451 5083 (toiper
1475 5024 1602 5066 manum
1622 5007 1747 5066 liuberti
1758 5008 1837 5065 diste

129 5089 289 5163 aliisjnstis
305 5092 413 5160 modis,
428 5101 588 5166 praestante
599 5098 735 5164 Domino,
749 5101 882 5171 poteritis
894 5102 960 5158 adi·
1012 5104 1155 5159 lfomana
1165 5099 1472 5174 Ecclesiaepresbyteri
1484 5096 1649 5155 cardinalis
1661 5094 1837 5160 cancellariis

128 5179 213 5252 pisci,
222 5181 305 5238 firma
314 5182 400 5239 vobis
411 5185 958 5258 vestrisquesuccessoribnsetillibata
1012 5190 1115 5249 idibus
1125 5189 1477 5260 Decembris‚indictione
1489 5203 1550 5254 vrn,
1563 5185 1837 5246 incarnationislio

127 5275 335 5340 permaneant,
346 5271 568 5344 inquibushas
579 5274 959 5354 propriisdusimusexpri·
1013 5283 1219 5340 minicaeanno
1234 5281 1313 5348 1115,
1326 5280 1517 5354 pontificatus
1524 5276 1708 5335 verodomni
1718 5271 1835 5350 fingenii

128 5358 240 5415 manua
254 5360 409 5418 vocabulis
423 5377 430 5417 ε
446 5361 486 5418 Ex
500 5363 581 5420 dono
597 5363 745 5439 Radulphi
758 5368 886 5439 comitis,
902 5375 957 5428 ter-
1006 5374 1047 5429 111
1063 5388 1151 5446 papae
1170 5387 1249 5429 anno
1264 5371 1374 5445 primo.

162 5532 221 5608 (11))
241 5537 413 5611 tegendum
432 5540 584 5601 Vetrolle.
607 5542 703 5602 lessi.
