3728 6000
623 238 807 298 EPISTOLAE
824 236 869 296 ΒΤ
885 237 1103 298 Putvtuttout.
1641 244 1712 303 ¹582

82 373 173 436 intur,
184 369 223 425 ad
232 366 451 425 viamrerltalis
462 367 602 424 attentius
611 381 759 423 revocare.
773 367 827 422 Ve·
843 368 868 421 rt
882 364 1027 421 Caeterum
1041 363 1099 420 nisi
1114 363 1316 423 tuanobilitas
1328 364 1360 422 in
1374 364 1606 439 seipsajuslitioe
1618 369 1711 426 semi·

82 458 105 512 is
115 456 265 530 siquidem
274 456 311 512 ad
318 461 446 513 nostram
453 455 642 528 presentiam
650 450 827 512 venerabilis
882 459 943 511 tam
964 468 1084 511 serrare
1104 453 1238 522 voluerit,
1255 453 1313 512 nisi
1331 454 1450 514 duxerit
1463 462 1524 516 eta
1541 473 1643 516 rerum
1656 460 1709 517 lte·

84 563 97 600 s
113 546 209 602 nostri
223 543 396 602 Godescalci
407 544 607 602 Atrebatensis
620 543 752 617 episcopi
761 557 828 599 nar·
880 541 1708 625 eleslreinquietationeetinlusteoccupetlonedesistere,

82 633 535 708 neaceepimus,quoddebitam
547 631 828 690 reverentiamsiout
883 631 962 688 unde
981 631 1010 688 in
1029 630 1162 690 districte
1182 633 1320 690 examine
1339 633 1499 707 praemium
1514 650 1710 711 comparasse

88 729 117 781 et
132 725 278 797 episcopo
290 729 388 781 restro
398 723 454 798 ipsi
464 722 602 780 exhibere
610 738 670 779 non
688 721 785 789 vultis,
799 725 828 779 el
880 719 1037 786 debuerat,
1051 720 1120 777 inde
1137 720 1193 779 sibi
1207 721 1390 796 supplicium
1402 723 1507 798 procul
1519 723 1613 783 dubio
1629 725 1711 783 inre·

85 813 222 886 aliquam
242 812 366 886 culpam
385 811 624 877 commitittis,ab
639 809 827 868 eovocatiad
880 810 1499 885 nietproeparatum.Eiquoniamelusdem
1512 813 1710 872 iratrisnostri

82 920 99 958 n
121 902 219 959 venire
244 918 320 959 ausu
341 901 498 958 temerario
519 899 753 966 recusatis;imo
774 915 827 957 cu·
880 898 1710 979 oppressionssatqusgravaminasalvaconsctsnttspsti

82 1008 120 1049 tm
135 997 240 1048 vestrae
255 990 447 1049 institutionis
464 990 633 1056 occasione,
645 1005 715 1046 eum
728 993 827 1046 vestro
881 1003 941 1045 non
952 1003 1128 1062 possumus,
1144 990 1173 1046 et
1190 988 1267 1046 tede
1291 994 1400 1048 caetero
1415 997 1521 1049 contre
1534 992 1635 1064 ipsam
1647 991 1710 1066 (de-

83 1080 267 1153 eratiseapiti
278 1078 827 1152 unanimiteradhasrere‚ipsumcaput
881 1076 1009 1149 tensare)
1024 1076 1177 1144 nolumus,
1193 1092 1248 1151 per
1261 1079 1426 1152 apostolica
1438 1079 1492 1137 tibi
1502 1081 1614 1153 scripta
1623 1095 1710 1139 mau-

82 1169 176 1244 1uitis‚
199 1174 227 1227 et
246 1168 285 1226 ab
306 1185 342 1225 eo
364 1169 498 1241 separari
519 1168 660 1235 nitimini,
680 1168 743 1224 sine
765 1183 826 1240 quo
880 1165 991 1223 damus
1004 1167 1709 1243 etmendatoinjungimusquatenussrepedicto

83 1273 197 1332 aquam
216 1256 314 1314 risere
330 1256 462 1330 potestis.
483 1258 551 1315 Sine
578 1258 676 1330 capite
695 1271 827 1329 namque
881 1253 965 1313 tratri
978 1262 1081 1312 nostro
1096 1254 1233 1313 subsides
1248 1272 1319 1314 suos
1330 1256 1470 1315 restituas
1484 1263 1513 1314 et
1525 1258 1642 1315 nullam
1652 1257 1710 1332 ipsi

81 1348 136 1405 bra
157 1347 286 1421 vegetari
312 1362 374 1405 non
398 1352 540 1420 possunt,
567 1346 682 1404 etiamsi
697 1345 826 1418 alicujus
881 1341 918 1400 de
939 1350 1046 1401 cetero
1060 1359 1151 1417 super
1167 1345 1416 1408 noejmotesttsm
1431 1346 1555 1404 inlares.
1582 1346 1710 1415 Quodsi

81 1438 105 1493 is
119 1436 254 1494 membra
265 1452 332 1493 esse
349 1434 425 1494 torte
439 1436 478 1493 ab
491 1434 643 1509 aliquibus
658 1434 825 1492 rideantur.
882 1431 1060 1489 lacerelorte
1074 1433 1214 1500 nolueris,
1226 1434 1300 1491 scire
1315 1438 1343 1491 te
1353 1433 1494 1492 volumus
1505 1435 1650 1508 quoniam
1659 1451 1710 1494 ve·

82 1526 239 1601 braitaque
255 1540 310 1582 suo
328 1524 440 1583 debent
454 1524 543 1598 capiti
562 1525 726 1593 adhaerere,
740 1540 827 1597 aquo
881 1520 1016 1578 nerabilli
1030 1521 1113 1580 iratrl
1125 1527 1228 1580 nostro
1244 1523 1380 1581 samsoni
1395 1524 1533 1582 ilemensl
1546 1523 1710 1598 archiepis-

82 1621 137 1674 lam
152 1615 309 1689 recipiunt,
330 1619 360 1672 et
374 1616 437 1671 sine
452 1630 514 1688 quo
533 1615 633 1673 virere
656 1613 827 1671 nullatenus
881 1609 1710 1688 copodedlmusinmandatisuttamlnpersonamquam

82 1709 136 1762 rut.
153 1706 300 1762 litantem
321 1720 374 1761 ros
389 1703 557 1761 doctrinam
574 1705 714 1761 salutisa
731 1703 827 1777 capite
845 1700 912 1774 pin
926 1704 1127 1758 terramtusm
1142 1699 1302 1759 districtius
1315 1705 1430 1760 tantam
1441 1702 1710 1778 praesumptionem

82 1793 259 1865 operciperc
269 1791 402 1859 valeatis,
413 1792 540 1850 utetiam
553 1797 685 1848 vestrum
694 1790 827 1866 esputde
882 1788 999 1846 studeat
1011 1788 1176 1847 vindicare.

81 1897 136 1938 usa
151 1881 237 1938 robis
251 1880 493 1955 doctrinapossit
508 1881 664 1954 praemium
681 1880 828 1953 optinere,
918 1880 1025 1936 ilatum
1041 1881 1152 1947 llomoe,
1166 1880 1250 1955 apud
1262 1882 1404 1938 Sanctum
1415 1879 1645 1949 Petrumtlonis
1655 1883 1709 1942 Fe·

82 1969 826 2044 rrsitatirestreeperpraesentiascriptamandamus,
882 1967 1004 2026 bruerii.

84 2057 828 2133 ndandoinjungimusquatenussupradictolratri
1239 2068 1350 2125 nutv,

82 2147 309 2221 osicutpatriet
326 2149 497 2206 animarum
504 2153 670 2206 vestrarum
685 2148 827 2223 episcopo
881 2163 931 2221 Aa
947 2163 1096 2236 Sibyllam
1115 2163 1544 2223 planarmmcommmm-
1553 2165 1590 2225 m
1605 2168 1710 2240 conju.

82 2254 129 2295 em
145 2238 343 2295 reverentiam
358 2244 387 2295 et
408 2237 613 2295 obedientiam
626 2236 766 2295 deieratis
778 2253 786 2306 ;
798 2243 827 2296 et
915 2250 981 2308 aem
994 2235 1127 2293 comitem
1143 2235 1182 2293 ab
1195 2235 1319 2306 injuriis
1340 2236 1372 2293 ia
1399 2237 1609 2297 Godesoctcum
1636 2240 1710 2312 epis·

82 2341 241 2393 eumcum
261 2342 316 2399 pro
330 2326 514 2399 corrigendis
529 2326 703 2383 excessibus
714 2325 827 2384 lueritis
916 2322 1022 2378 mltum
1041 2307 1263 2365 mmmm
1281 2306 1466 2366 dehorlsslur·

82 2415 123 2482 iti,
134 2413 273 2473 accedere
283 2414 454 2472 nullatenus
463 2415 662 2472 contemnatis
679 2415 826 2483 ;scientes
1112 2406 1212 2476 (Anno
1234 2410 1312 2471 ¹¹5³,
1332 2407 1417 2463 Febr·
1437 2408 1478 2480 ll.)

84 2503 109 2561 sl
120 2503 229 2579 aliquis
255 2511 387 2562 restrum
404 2505 461 2578 ipsi
477 2510 639 2562 contumax
662 2510 691 2562 et
709 2505 826 2562 rebellis
1243 2503 1346 2579 [ibid-1

82 2593 153 2662 erit,
174 2598 203 2651 et
220 2593 260 2650 ab
275 2609 311 2651 eo
325 2599 451 2651 vocatus
466 2593 531 2666 ejus
546 2595 736 2667 praesentiam
743 2595 826 2653 adire
916 2600 1054 2657 Eudemus
1062 2598 1232 2674 episcopus,
1242 2616 1345 2658 servus
1354 2617 1512 2660 serrorum
1525 2602 1586 2671 Dei,
1594 2602 1710 2663 dilecte

82 2683 222 2756 empserit,
232 2683 421 2750 sententiam,
434 2683 614 2758 quamidem
627 2684 827 2742 iraternoster
881 2689 1238 2765 incuristoflttaesnysss
1248 2690 1445 2749 Flandrorum
1455 2692 1710 2765 comitissaesalu·

82 2777 122 2829 ter
135 2772 194 2829 hoc
209 2772 362 2830 dictaverit
385 2773 415 2829 in
442 2789 522 2846 eum,
543 2789 599 2831 nos
623 2776 747 2830 auctore
767 2776 826 2831 ileo
881 2786 941 2838 tem
956 2784 984 2836 et
998 2779 1194 2852 apostolicam
1206 2778 1458 2838 benedictionem.

82 2878 96 2918 n
111 2867 140 2918 et
153 2860 274 2919 firmam
293 2861 486 2919 habebimus.
916 2869 1075 2936 Quoniam,
1091 2867 1200 2927 dilecta
1223 2869 1253 2926 in
1277 2870 1405 2928 Domino
1421 2869 1495 2939 filia,
1515 2870 1708 2930 devotionem

82 2956 143 3008 turn
163 2953 274 3018 Romae,
284 2950 367 3025 apud
379 2950 518 3008 Sanctum
536 2954 663 3018 Petrum,
677 2952 766 3010 Nonis
778 2956 827 3011 Fe·
880 2962 964 3014 tuam
978 2956 1008 3013 in
1023 2955 1071 3014 his
1085 2971 1154 3031 quae
1164 2957 1203 3014 ad
1219 2957 1380 3015 Dominum
1391 2959 1540 3032 pertinent
1555 2959 1708 3019 credimus

82 3040 121 3098 rii.
845 3062 947 3138 cesse
961 3044 1127 3112 sollicitam,
1148 3045 1258 3103 idcirco
1277 3047 1450 3120 apostolicis
1469 3051 1497 3104 te
1510 3046 1613 3107 litteris
1624 3049 1710 3107 duxi·

356 3130 470 3189 utxltl.
880 3152 949 3193 mus
962 3135 1111 3192 bonorare
1125 3141 1154 3191 et
1174 3135 1213 3191 ad
1232 3135 1409 3193 venerabilis
1428 3135 1528 3193 iratris
1542 3138 1638 3195 nostrl
1651 3140 1709 3197 Go-

82 3227 221 3285 ,αοήςηῃι
241 3230 374 3286 comitem
390 3228 606 3287 flandrensem
627 3229 770 3288 tortam,-
792 3235 825 3287 ur
880 3223 1007 3281 descalci
1023 3223 1225 3279 Atrebatensis
1236 3223 1371 3297 eplscopi
1388 3222 1533 3282 auxilium
1544 3224 1576 3282 in
1598 3227 1708 3285 animai

83 3299 227 3366 decontra,
243 3301 375 3370 epicopo
391 3299 591 3366 mercimonii,
605 3300 826 3358 tominesuittae
880 3317 938 3369 211ae
961 3328 996 3369 aa
1012 3311 1064 3367 virt
1093 3311 1134 3367 tui
1160 3311 1288 3369 salntem
1315 3313 1495 3387 propensius
1520 3314 1654 3373 incitare.
1680 3314 1710 3374 sl

82 3370 167 3429 'mli'
185 3371 335 3429 '‘imum-
880 3401 961 3458 enlm
978 3399 1057 3457 idem
1069 3399 1160 3456 irater
1173 3405 1302 3458 nostera
1315 3399 1372 3457 riri
1383 3400 1424 3458 tul
1439 3403 1636 3476 oppressione
1657 3409 1708 3462 tua

230 3470 327 3541 (Ᾱῦῃο
349 3473 426 3537 1153,
448 3469 531 3526 Fflbi·
552 3473 587 3537 5.)
879 3489 968 3547 luerit
981 3489 1131 3546 industria
1156 3489 1311 3556 liberatus,
1328 3505 1364 3547 ex
1384 3490 1442 3547 hoc
1461 3491 1529 3564 ipso
1548 3494 1708 3567 praemium

134 3567 260 3642 [Bulla
277 3567 400 3635 Miscet,
416 3567 464 3624 θᾶ·
481 3569 561 3636 Luc„
578 3568 612 3635 Π,
627 3568 700 3641 tlt]
880 3578 1063 3654 duplicatum
1078 3579 1203 3652 recipies
1217 3593 1225 3648 ;
1241 3579 1387 3652 quoniam
1412 3584 1441 3638 et
1455 3586 1540 3638 tuam
1561 3581 1706 3650 animam,

82 3681 174 3723 semus
193 3666 364 3738 episcopus,
391 3680 494 3722 servus
521 3682 675 3722 servorum
698 3666 757 3733 llei,
779 3666 827 3723 di·
879 3684 948 3742 quas
967 3667 1069 3741 utique
1083 3667 1190 3725 eodem
1206 3675 1328 3743 peccato
1344 3671 1471 3738 tenetur,
1487 3686 1558 3727 cum
1569 3671 1667 3744 possis
1679 3676 1708 3729 et

90 3753 216 3811 flliosuo
236 3755 329 3811 nobili
343 3754 406 3812 viro
424 3756 605 3813 Tusooonteo
625 3755 725 3812 comiti
741 3756 825 3813 Flan-
880 3756 1155 3829 negligasobviare,
1169 3755 1544 3831 elaqueodiabolieripere
1555 3760 1707 3819 studuisti.

82 3843 100 3899 si
115 3842 240 3901 salutem
261 3850 289 3901 et
303 3843 501 3917 apostolicam
516 3844 766 3901 benedictionem.
880 3846 1029 3920 Scriptum
1045 3860 1176 3919 namque
1191 3850 1251 3903 est:
1272 3845 1398 3905 Muttier
1407 3845 1535 3918 diliqens
1548 3853 1710 3907 coronoest

82 3937 117 3988 rut
130 3934 180 4007 qui
195 3948 340 3990 concessa
351 3933 408 3990 sibi
421 3949 439 3990 a
452 3933 579 3990 Domino
586 3937 731 4006 potestate
738 3935 825 3992 ratio·
879 3936 938 3993 oiri
950 3936 1006 3993 sui.
1024 3935 1167 4003 Proiecto,
1183 3935 1258 3993 sicut
1269 3952 1305 3993 ex
1321 3936 1483 4011 supradicti
1494 3935 1594 3995 fratris
1615 3939 1710 3997 nostri

84 4022 247 4091 iteratitur,
262 4021 492 4095 prrsmiumsine
507 4022 600 4078 dubio
615 4030 822 4097 consequetur,
879 4025 1095 4099 conquestione
1125 4025 1307 4098 accepimus,
1331 4025 1362 4082 in
1376 4041 1439 4085 una
1464 4042 1520 4085 sua
1547 4027 1620 4084 villa
1644 4028 1709 4089 sols

82 4111 440 4185 tconrersoquiacceptas
453 4111 825 4184 potestatisoscasionera·
880 4112 1132 4188 quamhabet,rir
1143 4118 1213 4170 tuus
1225 4114 1324 4187 ipsum
1339 4114 1540 4188 multipliciter
1550 4115 1707 4191 inquietat,

88 4199 271 4257 contrarium
284 4204 435 4272 operatur,
456 4215 579 4272 poenam
599 4215 660 4257 non
674 4201 825 4260 modicam
879 4208 909 4259 et
921 4203 1060 4260 homines
1073 4202 1210 4259 subsides
1221 4203 1357 4261 videlicet
1367 4204 1508 4276 ipsiusde
1518 4204 1588 4263 villa
1602 4206 1709 4264 eadem

82 4287 826 4361 nebitllenientissiquidemadapostolorumlimina
879 4292 935 4365 ipsi
949 4296 1052 4348 contra
1063 4291 1209 4364 iustitiam
1225 4298 1253 4350 et
1272 4307 1325 4365 per
1338 4292 1511 4350 violentiam
1530 4291 1637 4353 auiert.
1651 4296 1710 4351 Nos

82 4382 174 4435 stram
194 4377 420 4450 praesentiarum
433 4377 609 4435 venerabilis
622 4377 718 4435 iratris
729 4380 825 4437 nostri
879 4396 962 4452 ergo,
990 4381 1137 4454 quoniam
1160 4381 1198 4438 de
1220 4385 1274 4438 tua
1301 4380 1471 4449 devotione,
1495 4382 1657 4455 prodentia
1681 4387 1711 4440 et

82 4465 175 4524 ncelci
193 4465 397 4524 Atrebatensis
422 4467 555 4540 episcopi
578 4470 824 4541 conquestionem
879 4471 1056 4529 discretione
1069 4469 1260 4536 confidimus,
1278 4469 1477 4543 praesentibus
1487 4469 1592 4528 litteris
1605 4470 1709 4530 nobili-

82 4555 825 4631 pimusquodinrillasuaquasvocaturllareolum
880 4560 931 4619 tati
954 4564 1012 4617 tute
1035 4559 1227 4625 mandamus,
1246 4562 1394 4632 quatenus
1417 4558 1517 4616 virum
1548 4558 1711 4633 prudenter

85 4661 135 4704 rua
150 4645 208 4718 ipsi
223 4647 401 4717 gravamina
413 4645 523 4702 inieras
536 4651 564 4703 et
578 4645 674 4718 ipsius
686 4647 762 4706 villar
773 4650 826 4708 ho·
880 4646 1444 4720 commoneas,utasuppradistliratris
1454 4648 1551 4705 nostri
1562 4649 1711 4722 inquieta-

82 4753 101 4793 rs
122 4741 228 4794 contra
239 4735 385 4808 justitiam
409 4738 439 4792 et
452 4734 588 4808 ejusdem
608 4735 707 4794 iratris
734 4738 826 4796 nostri
881 4738 962 4794 tione
984 4737 1111 4794 desistat
1135 4740 1164 4793 et
1179 4736 1316 4793 homines
1340 4752 1411 4793 suos
1434 4751 1496 4810 quo
1519 4738 1624 4795 retinet
1652 4737 1710 4813 lpsl

82 4830 187 4882 itatem
200 4826 230 4882 in
244 4824 367 4897 propria
380 4829 457 4881 terra
468 4825 605 4882 retineas.
621 4825 699 4883 Sane
711 4832 744 4885 tu
756 4842 826 4886 cum
880 4826 1027 4884 restituat.
1040 4828 1104 4883 Non
1117 4825 1197 4882 enim
1207 4824 1339 4881 hominis
1351 4828 1430 4891 sunt,
1446 4823 1501 4882 sed
1515 4825 1566 4884 Dei
1580 4825 1710 4884 etliccle·

84 4929 150 4970 mas
165 4913 247 4970 villas
261 4928 296 4970 ac
311 4912 424 4970 villicos
440 4913 565 4979 habeas,
582 4929 631 4971 res
650 4914 774 4984 alienas,
798 4921 828 4973 et
882 4916 933 4972 sias
944 4913 1039 4989 ipsius
1050 4913 1326 4987 suntillaqureipse
1340 4912 1421 4971 lratri
1436 4920 1537 4972 nostro
1549 4915 1711 4974 abstulisse

82 5002 191 5075 piscopi
204 5002 413 5068 maximenon
422 5002 681 5071 deberesaulerre,
690 5010 720 5062 et
727 5006 826 5078 ipsum
881 5003 1079 5076 dignoscitur.
1090 5003 1170 5071 ldeo,
1183 5002 1240 5060 nisi
1255 5019 1291 5061 ea
1305 5001 1461 5060 restituere
1483 5001 1559 5061 torte
1574 5004 1710 5073 voluerit,

82 5091 355 5163 gravitaretinjuste
366 5091 829 5165 offendensquemdeberessicut
882 5110 938 5152 nos
952 5092 1116 5151 venerabili
1131 5092 1210 5151 fratri
1227 5096 1330 5150 nostro
1350 5090 1490 5150 samsoni
1510 5093 1648 5151 ilemensi
1662 5109 1710 5152 ar·

82 5196 119 5236 tm
133 5178 216 5236 liliali
231 5179 387 5237 devotione
406 5180 529 5250 diligere
547 5181 623 5238 etab
641 5181 770 5239 aliorum
785 5184 828 5240 in·
883 5181 1075 5256 chieplscopo
1097 5182 1236 5240 dedimus
1255 5181 1285 5238 ln
1301 5179 1452 5238 mandatis
1476 5186 1509 5237 ut
1524 5185 1585 5239 tam
1598 5182 1628 5238 in
1642 5198 1711 5256 per·

82 5268 426 5342 ationibuspropensius
440 5268 829 5346 defensarelldbocsiqui-
884 5288 990 5329 sonam
1010 5287 1104 5345 quam
1126 5271 1157 5329 in
1184 5278 1296 5329 terrem
1311 5270 1406 5343 ipsius
1425 5274 1543 5328 tentam
1564 5270 1712 5330 malitiam
1816 5300 1824 5313 =

84 5363 129 5416 est
140 5356 351 5417 suominottbt
360 5357 532 5431 temporalis
542 5357 828 5432 collatapotestesut
884 5360 1045 5419 districtius
1058 5361 1177 5419 studeat
1191 5360 1353 5418 vindicare.

81 5463 131 5505 rra
145 5452 204 5504 ture
218 5447 382 5521 provisioni
396 5448 555 5505 commissa
566 5447 578 5521 1
583 5448 714 5508 ustitiam
728 5466 827 5509 serves
921 5453 1030 5508 Datum
1045 5452 1157 5517 Rome,
1173 5449 1256 5524 apud
1269 5450 1413 5509 Sanctum
1422 5447 1551 5516 Petrum,
1562 5449 1713 5509 tionisFe·

82 5538 204 5597 tolentes
225 5535 402 5611 iniustitiam
416 5536 502 5597 lreuo
519 5552 658 5597 coerceas
669 5539 826 5615 equitatis.
885 5537 1011 5599 bruerii.
