3728 6000
93 220 145 274 tor
596 227 783 284 annulatur
802 222 945 280 annius
964 223 993 280 s,
1013 221 1231 279 nusonnntcr
1518 188 1523 201 ’
1687 226 1742 281 toa

94 343 216 413 liberari,
231 349 362 420 aquibus
385 366 465 409 nemo
479 351 586 419 liberat,
601 349 653 404 nisi
675 347 763 421 gratia
777 346 828 402 Dei
842 361 891 418 per
905 343 933 405 A
947 346 1061 417 pecunia
1076 359 1246 416 comparare,
1262 359 1314 402 nec
1326 344 1392 402 dare
1405 362 1501 403 manus
1514 347 1629 420 AEgypto
1649 355 1677 405 et
1692 350 1744 403 lte·

97 434 243 490 Dominum
259 436 892 505 nostrumlesnmChristum,cbaritatemsuam
947 436 1034 507 syriis,
1059 445 1088 491 ut
1115 442 1270 490 saturemur
1293 450 1363 505 pano
1391 437 1503 505 (Thrac.
1525 442 1551 506 v)
1568 451 1575 505 ;
1592 436 1643 493 sed
1657 437 1744 510 gratis

96 519 274 580 diffundendo
283 525 311 579 in
319 527 448 583 cordibus
458 526 615 597 nostrisper
624 522 891 592 Spiritumsanctum,
946 524 1038 582 omnia
1058 523 1216 595 accipimus.
1246 522 1346 580 amun
1372 524 1409 580 ibi
1434 532 1476 581 est
1500 525 1626 584 omnibus
1648 525 1744 580 divina

97 626 181 682 quem
196 612 242 667 dat
262 614 342 670 nobis
365 616 454 686 (hom.
471 617 539 685 ιιιι).
556 615 617 684 lpaa
644 627 761 682 namque
782 611 892 676 estlex,
946 613 1108 678 auctoritas,
1141 612 1184 668 cui
1216 611 1404 668 contradicere
1436 613 1515 670 nelas
1547 619 1599 682 ast,
1628 612 1743 670 dicens:

96 699 204 771 spiritus
220 701 290 769 vitre,
306 702 439 773 liberans,
460 705 530 760 sicut
547 701 613 757 dicit
638 699 711 755 idom
737 698 892 772 Apostolus,
950 700 1063 758 acreda
1078 707 1190 767 tantum,
1206 706 1234 756 et
1247 699 1343 755 salvus
1357 702 1413 757 eris
1428 721 1435 768 ;
1451 710 1478 758 et
1492 701 1583 758 omnia
1602 700 1745 774 possibilia

97 803 113 842 a
140 788 202 859 lege
225 790 332 861 peccati
356 800 382 847 et
407 792 503 848 mortis
520 787 764 860 :concupiscentiis
788 787 895 847 scilicet
948 787 1069 846 credenti
1091 788 1187 859 (llere.
1204 787 1242 858 v).
1262 788 1435 845 »sustentes
1462 805 1529 862 ergo
1556 789 1605 859 ibi,
1626 790 1745 845 Domine

100 877 282 948 carnisque
307 879 378 934 sicut
401 880 498 935 sordes
524 877 662 934 interioris
675 875 746 932 oculi
767 874 893 939 hominis,
947 876 1020 933 Dens
1048 881 1149 943 noster,
1165 874 1303 932 dicentem
1330 876 1470 932 variatam
1487 893 1520 932 :a
1537 879 1587 946 lte,
1611 877 1745 948 baptizate

98 963 278 1035 impedientes
293 982 353 1023 eum
368 983 384 1021 a
400 965 516 1024 videndo
531 982 577 1032 eo,
589 964 662 1036 quod
678 962 783 1020 nonnisi
793 961 894 1043 mundo
948 979 1044 1021 omnes
1058 972 1154 1037 gentes
1164 964 1190 1019 in
1206 966 1317 1020 nomine
1337 965 1433 1032 Patris,
1450 973 1477 1021 et
1492 966 1561 1034 Filii,
1577 972 1605 1022 et
1628 965 1745 1037 Spiritus

98 1052 320 1109 corderidetur:
337 1061 364 1110 et
378 1071 394 1110 a
408 1055 462 1110 sita
489 1063 601 1122 aeterna,
617 1053 651 1108 de
682 1068 736 1123 qna
764 1051 894 1106 Dominus
948 1052 1035 1109 sancti
1058 1051 1167 1123 (llollb.
1197 1053 1313 1122 axvurl:
1335 1074 1347 1102 ι
1372 1054 1465 1109 statim
1489 1053 1624 1111 credimus
1652 1054 1680 1108 in
1706 1061 1744 1120 te,

99 1138 167 1197 dicit
182 1160 188 1196 z
203 1165 214 1190 ι
232 1142 298 1199 llaeo
316 1148 359 1199 est
382 1148 472 1198 autem
488 1144 542 1198 vita
561 1151 672 1204 aeterna,
686 1147 716 1195 ut
730 1145 896 1212 cognoscant
947 1142 1067 1208 Patrem,
1082 1141 1178 1196 Filium
1192 1148 1221 1196 et
1233 1140 1363 1212 Spiritum
1379 1150 1513 1198 sanctum.

98 1233 127 1284 te
141 1228 229 1286 Deum
244 1246 350 1298 verum,
367 1239 394 1286 et
416 1247 497 1304 quem
523 1229 619 1285 misisti
640 1230 733 1284 lesum
761 1227 893 1282 Christum
983 1227 1081 1297 Neque
1095 1226 1169 1281 enim
1183 1226 1289 1282 Veritas
1304 1227 1356 1284 hoc
1372 1228 1484 1291 diceret,
1501 1228 1556 1283 nisi
1570 1230 1623 1285 boc
1637 1229 1743 1286 essetis.

101 1319 194 1396 (loon.
205 1320 282 1389 xvir).
302 1343 313 1367 u
336 1321 370 1376 Ut
384 1319 455 1375 enim
471 1319 509 1373 ibi
523 1318 613 1373 rideat
627 1317 721 1373 oculus
736 1315 848 1371 interior
861 1314 895 1368 ad
948 1317 1007 1372 Nec
1017 1314 1145 1385 baptizari
1159 1329 1209 1369 nos
1221 1315 1344 1385 juberes,
1355 1316 1470 1372 Domine
1483 1318 1567 1383 Deua,
1579 1317 1608 1372 in
1617 1319 1675 1388 ejus
1687 1334 1740 1373 no-

100 1411 252 1471 videndum
268 1409 357 1464 Dcum
376 1407 468 1475 lactus,
484 1407 527 1463 hic
541 1406 699 1473 mundatur,
715 1404 761 1460 ubi
782 1403 895 1460 inchoa·
948 1404 1031 1471 mine,
1041 1402 1223 1475 quinonessat
1231 1404 1363 1460 Dominus
1371 1406 1453 1460 Deus.
1461 1407 1518 1460 Nec
1529 1406 1681 1472 innomine,
1692 1406 1742 1461 sed

100 1509 145 1556 tur
167 1499 244 1563 visin,
260 1512 321 1566 qum
347 1495 385 1549 ibi
412 1493 562 1567 perficitur.
585 1495 728 1550 lncboatur
751 1491 825 1548 enim
851 1491 895 1546 hic
947 1493 975 1547 in
1003 1491 1167 1559 nominibus,
1185 1491 1238 1547 nisi
1252 1507 1312 1558 vos,
1328 1492 1417 1559 Pater,
1438 1501 1465 1548 et
1480 1493 1570 1561 Filius,
1583 1499 1611 1551 et
1624 1494 1742 1565 Spiritus

100 1588 246 1645 sanctitate
260 1584 331 1650 vitre,
345 1587 373 1638 el
384 1599 435 1638 usu
458 1583 558 1639 divinae
579 1579 831 1652 contemplationis;
849 1577 895 1634 ubi
948 1580 1171 1647 sanctus,essetis
1184 1595 1254 1635 unus
1263 1580 1348 1635 Deus.
1359 1581 1420 1636 Non
1436 1583 1508 1636 enim
1529 1582 1664 1639 diceretur
1676 1599 1744 1638 voce

101 1690 177 1731 amor
190 1680 308 1728 meretur
335 1670 479 1740 visionem,
493 1685 556 1726 cum
580 1668 707 1735 creditur,
722 1674 848 1738 speratur
860 1681 892 1722 ac
907 1691 935 1751 Β
949 1669 1057 1725 divina:
1077 1691 1088 1717 ι
1105 1668 1185 1737 ludi,
1215 1669 1311 1739 lsrael,
1328 1669 1459 1725 Dominus
1476 1670 1549 1726 Deus
1576 1678 1646 1737 tuus,
1673 1672 1747 1727 Deus

100 1763 235 1835 diligitur,
264 1760 337 1831 quod
364 1774 418 1814 non
445 1758 569 1814 videtur:
585 1755 750 1829 perficienda
773 1755 822 1824 ibi,
847 1753 894 1811 ubi
949 1773 1019 1813 unus
1032 1763 1074 1812 est
1094 1757 1188 1826 (Dent.
1203 1757 1252 1823 ιι),
1271 1781 1282 1805 u
1309 1756 1361 1812 nisi
1384 1774 1453 1812 unus
1480 1759 1552 1813 Deus
1576 1760 1682 1825 essetis,
1699 1753 1748 1831 qui

101 1851 486 1922 uisiopascetamorem30um
500 1847 589 1903 omnis
603 1845 685 1901 virtus
702 1844 762 1913 erit,
781 1843 897 1916 diligere
949 1845 1040 1914 Pater,
1055 1852 1083 1900 et
1097 1843 1195 1910 Filius,
1212 1852 1237 1898 et
1254 1843 1371 1914 Spiritus
1386 1853 1497 1901 sanctus
1525 1845 1602 1900 estis.
1621 1847 1655 1901 Et
1681 1846 1749 1902 situ

100 1937 175 2012 quod
184 1935 339 2002 habebitur,
354 1943 381 1989 et
407 1938 466 1990 tnta
481 1933 628 1999 beatitudo,
645 1931 749 1988 habere
765 1931 837 2002 qnod
851 1932 896 1986 di·
950 1933 1023 1989 Deus
1050 1933 1138 2000 Pater,
1154 1932 1212 2003 ipse
1240 1947 1314 1987 esses
1339 1933 1424 1987 Filius
1448 1936 1520 2002 tuus,
1532 1934 1650 1991 Verbum
1671 1942 1749 1989 tuum

98 2025 207 2100 ligetur.
226 2024 331 2080 ldcireo
346 2022 464 2088 dicebat,
480 2022 528 2091 qui
551 2022 590 2076 sic
605 2028 681 2088 crat;
696 2028 723 2075 et
745 2019 837 2076 dicunt
852 2019 898 2091 qui
950 2021 1072 2077 Christus
1088 2035 1096 2090 3
1112 2028 1139 2077 et
1153 2021 1214 2091 ipse
1228 2035 1305 2075 esses
1316 2020 1419 2077 donum
1434 2029 1518 2090 tuum,
1535 2022 1670 2078 etdnnum
1687 2023 1749 2078 Filii

99 2115 139 2171 sic
162 2117 226 2169 sunt
239 2128 245 2168 :
260 2136 272 2162 a
289 2110 374 2183 Cupio
400 2109 524 2177 dissolvi,
547 2117 573 2165 et
596 2125 656 2164 esse
683 2124 745 2164 cum
769 2107 896 2164 Christo:
950 2108 990 2164 tui
1003 2107 1122 2180 Spiritus
1135 2115 1256 2172 sanctus,
1267 2123 1322 2163 non
1348 2107 1505 2180 legeremus
1519 2109 1547 2164 in
1568 2109 1665 2165 litteris
1676 2111 1751 2165 veri·

98 2203 184 2258 multo
213 2201 285 2256 enim
310 2199 409 2254 melius
424 2198 460 2270 (ll
475 2197 536 2254 Cor.
550 2197 588 2260 v).
607 2219 618 2245 ·
635 2196 681 2251 Sic
708 2203 897 2264 autemeam,
950 2195 1748 2271 tatis:sllisitDeuaFiliumsuum3nnectu,Unigenite,

99 2288 146 2358 qui
161 2303 210 2359 per
229 2286 311 2341 iidem
334 2285 515 2350 ambulantes,
528 2291 555 2339 el
568 2284 592 2339 si
607 2282 719 2354 perlecti
745 2291 811 2338 sunt
837 2283 898 2339 via-
950 2284 1057 2340 diceres
1067 2283 1104 2339 de
1131 2283 1231 2354 Spiritu
1257 2291 1361 2351 sancto,
1377 2285 1423 2357 qui
1438 2301 1453 2339 a
1468 2285 1547 2340 Patre
1562 2294 1590 2340 et
1604 2300 1620 2341 n
1635 2293 1662 2341 tc
1682 2301 1750 2358 pro-

97 2373 318 2445 comanendum
343 2379 433 2427 tamen
462 2375 525 2426 sunt
547 2378 749 2442 perventores:
771 2370 898 2443 perlecti,
951 2371 1159 2440 cediteruem
1186 2373 1273 2426 mittet
1293 2373 1373 2428 Pater
1401 2373 1429 2426 in
1453 2373 1564 2429 nomine
1579 2389 1641 2430 meo
1655 2375 1749 2445 (loon.

101 2462 262 2533 inquantum
277 2477 309 2514 aa
323 2475 384 2532 quae
398 2467 471 2514 retro
494 2467 556 2515 sunt
570 2458 657 2524 obliti,
673 2458 702 2514 in
722 2460 852 2515 interiora
867 2475 897 2514 sa
951 2461 1007 2530 ιιι)
1017 2475 1024 2529 ;
1036 2468 1082 2515 set
1094 2479 1125 2514 :a
1142 2459 1229 2528 Quem
1253 2475 1305 2530 ego
1327 2460 1430 2516 mittam
1441 2461 1517 2517 vobis
1531 2477 1548 2517 a
1564 2464 1640 2518 Patre
1650 2464 1747 2533 (loon.

98 2550 249 2606 extendunt
260 2567 267 2611 ;
279 2549 404 2614 viatores,
421 2548 583 2617 inquantum
611 2546 700 2603 adhuc
715 2546 742 2601 in
767 2548 811 2603 via
825 2554 897 2603 sunt.
951 2549 1008 2618 xv).
1030 2548 1118 2604 »Non
1150 2563 1216 2619 ergo
1242 2548 1299 2618 ipse
1316 2549 1402 2617 Pater,
1419 2549 1465 2622 qui
1489 2549 1573 2605 Filius
1589 2571 1597 2618 ;
1614 2566 1669 2605 non
1693 2549 1752 2620 ipse

99 2636 407 2694 DomineDeuscordis
425 2635 489 2703 mei,
505 2643 609 2706 etpars
634 2650 695 2689 mea
709 2636 738 2688 in
754 2640 896 2699 aeternum,
951 2636 1102 2708 Filius,qui
1117 2635 1233 2707 Spiritus
1255 2638 1430 2692 sanctuaarl
1455 2640 1523 2694 hauc
1544 2637 1665 2710 regulam
1687 2635 1752 2693 fidei

101 2723 164 2780 finis
178 2725 266 2780 omnis
278 2723 405 2779 desiderii
419 2725 481 2788 mei,
497 2730 525 2778 et
537 2723 700 2779 destinatum
723 2721 897 2791 intentionis;
950 2725 1072 2797 dirigens
1087 2739 1196 2797 omnem
1215 2723 1390 2780 intentionem
1416 2740 1516 2794 meam,
1526 2732 1655 2795 quantum
1670 2741 1753 2795 posse

97 2812 170 2870 inter
188 2815 247 2881 bos,
262 2813 386 2884 quamvis
411 2811 492 2882 longe
520 2810 590 2865 inira
605 2826 662 2877 eos,
679 2818 706 2865 et
727 2811 898 2867 dissimiliter
950 2830 993 2869 mc
1009 2812 1108 2880 iacies,
1127 2828 1259 2884 quaeram,
1276 2813 1400 2879 Domine,
1413 2814 1519 2868 vultum
1535 2823 1629 2877 tuum;
1647 2813 1752 2868 vultum

98 2902 134 2958 ab
148 2902 196 2967 eis,
210 2902 266 2971 jam
291 2900 355 2956 olim
379 2915 527 2973 aggressus
552 2899 624 2955 viam
653 2900 689 2954 ad
708 2906 736 2956 te
750 2916 798 2971 per
814 2899 896 2956 tidem
951 2901 1315 2973 tuum,Domine,requiram
1324 2917 1441 2972 semper.
1453 2902 1573 2959 Domina
1585 2902 1655 2958 Deus
1664 2917 1750 2969 meus,

97 2988 255 3046 ambulandi
269 2989 304 3044 ad
319 2995 392 3044 recte
406 2986 565 3052 vivendum,
581 2995 607 3043 et
619 2987 791 3059 disciplinam
805 2989 897 3046 cordis
908 3031 933 3096 C
951 3005 1004 3047 nna
1018 3005 1080 3061 spes
1094 3005 1164 3054 mea,
1176 2989 1285 3058 exaudi,
1295 3005 1329 3045 ne
1340 2989 1471 3062 fatigatus
1480 2991 1565 3046 nolim
1574 2998 1601 3047 te
1615 3004 1750 3063 quaerere,

98 3077 245 3135 mundandi
259 3077 294 3132 ad
321 3075 465 3132 ridendum
485 3081 512 3132 te
539 3079 566 3131 at
591 3076 827 3147 contemplandum
844 3078 892 3147 ;in
947 3077 1126 3148 sedquaeram
1137 3083 1164 3132 te
1180 3091 1291 3147 semper
1303 3076 1445 3133 ardenter.
1456 3078 1497 3133 Do
1510 3077 1648 3149 quaerendi
1668 3075 1751 3143 viros,

99 3167 152 3223 hoc
160 3164 305 3232 consenui,
319 3163 477 3220 elnondum
492 3164 574 3234 coepi,
948 3166 994 3236 qni
1008 3164 1173 3222 voluntatem
1189 3164 1286 3219 dedisti
1296 3182 1303 3226 3
1315 3172 1343 3220 et
1359 3172 1488 3234 quantum
1508 3172 1552 3220 sat
1569 3166 1629 3231 erit,
1642 3165 1752 3234 adauge

134 3253 239 3326 Saepius
264 3257 356 3309 aulem
382 3249 514 3324 cogitanti
541 3250 608 3306 mibi
636 3250 670 3306 de
684 3252 821 3307 communi
842 3251 895 3308 lide
949 3253 1115 3312 voluntatem
1125 3267 1205 3325 quam
1213 3251 1501 3308 dedisti.lleminerim
1522 3269 1630 3324 semper
1642 3252 1690 3317 tui,
1705 3251 1751 3306 in-

98 3350 191 3400 nostra
205 3341 234 3395 in
262 3347 299 3408 te,
313 3338 373 3396 aine
392 3355 445 3412 qua
466 3338 624 3411 impossible
651 3347 693 3394 est
718 3338 826 3410 placere
846 3340 896 3397 tibi
949 3341 1070 3413 telligam
1094 3347 1128 3405 te,
1158 3338 1271 3413 diligam
1300 3348 1336 3407 tc,
1360 3341 1448 3398 donec
1475 3340 1593 3396 lideliter
1620 3339 1751 3395 reminis-

98 3429 216 3487 Domino
242 3428 300 3484 Deo
329 3432 433 3494 nostro,
450 3430 477 3483 et
496 3427 524 3482 in
553 3442 605 3497 qna
633 3428 752 3483 salutem
775 3428 896 3483 omnium
950 3436 1059 3487 centem
1074 3427 1121 3496 tui,
1136 3428 1266 3483 etsobrio
1289 3428 1487 3500 intelligentem
1512 3436 1587 3494 te,et
1613 3429 1753 3484 veraciter

99 3516 263 3574 constituisti
280 3534 287 3578 ;
302 3522 329 3571 et
342 3515 404 3572 ideo
431 3513 554 3570 omniurn
580 3529 638 3570 esse
662 3514 753 3582 debet,
770 3522 823 3570 lam
844 3532 898 3588 pu·
951 3516 1113 3588 diligentem
1128 3523 1197 3585 te‚n
1221 3516 1339 3571 ‘trinitas
1354 3517 1438 3585 Dens,
1451 3517 1533 3586 juxtn
1556 3514 1752 3587 plenitudinem

101 3604 266 3661 aillorumin
293 3601 422 3659 Ecclesia
436 3602 497 3669 Dei,
512 3617 595 3673 quam
626 3617 811 3675 magnorum;
833 3621 898 3673 quo·
952 3620 1033 3676 quam
1049 3611 1078 3658 tu
1092 3604 1155 3668 sois,
1167 3603 1300 3659 reformes
1323 3620 1366 3659 me
1389 3604 1424 3659 nd
1454 3604 1600 3675 imaginem
1616 3610 1700 3667 tuem,
1717 3601 1754 3655 ad

100 3691 193 3759 nodo,
209 3704 272 3747 cum
283 3689 494 3760 quaeriturapud
516 3696 625 3745 sanctos
638 3688 764 3746 doutores
787 3690 900 3748 scientia
953 3708 1034 3764 qnam
1048 3707 1092 3748 me
1102 3692 1210 3747 creasti.
1225 3692 1322 3747 lotum
1338 3706 1404 3763 ergo
1422 3690 1469 3748 hic
1484 3692 1573 3747 habeo
1587 3690 1622 3746 do
1637 3688 1755 3745 Domino

104 3777 163 3849 ejus
178 3776 258 3832 tantis
273 3775 604 3846 inveniturquaestionnm
622 3776 847 3849 perplexitatibus
861 3778 902 3833 in·
953 3780 1012 3836 Deo
1035 3794 1106 3847 men,
1122 3779 1195 3850 quod
1223 3779 1329 3833 interim
1346 3779 1515 3850 querebam,
1532 3777 1591 3833 sine
1614 3776 1756 3833 tormentis

101 3867 203 3931 voluta,
219 3863 301 3919 tantis
315 3861 529 3933 disputationum
544 3863 736 3934 aenigmatibus
746 3865 899 3932 obscurata,
955 3868 1144 3940 questionum,
1161 3865 1220 3921 sine
1246 3866 1442 3937 sophismatum
1468 3866 1585 3935 insidiis,
1600 3865 1658 3920 sine
1681 3874 1755 3920 stre·

102 3953 187 4010 utrix
202 3950 398 4022 apaucissimis
422 3950 583 4006 bominibus
611 3952 713 4023 puritas
736 3953 796 4023 ejus
821 3963 902 4025 queat
955 3958 1014 4028 pitu
1037 3955 1268 4027 disputationum:
1285 3954 1388 4010 scilicet
1407 3955 1480 4026 quod
1509 3954 1552 4022 sit,
1569 3953 1640 4025 quod
1667 3954 1753 4019 Pater,

101 4038 278 4112 apprehendi,
292 4037 379 4094 risum
395 4045 438 4093 est
464 4038 613 4109 aliquando
627 4041 661 4095 ad
675 4039 834 4098 felicissima
856 4042 901 4097 illa
955 4053 984 4100 et
997 4044 1091 4110 Filius,
1103 4050 1129 4098 et
1156 4042 1273 4113 Spiritus
1301 4051 1411 4098 sanctus
1439 4043 1483 4097 sit.
1501 4044 1563 4098 llaec
1588 4041 1622 4097 de
1642 4042 1700 4097 Deo
1713 4048 1755 4096 est

104 4133 132 4185 et
159 4142 241 4184 aurea
269 4124 438 4198 evangelicae
464 4125 644 4198 simplicitatis
667 4136 790 4201 tempora
816 4131 902 4201 prima
955 4147 1017 4189 mea
1032 4130 1101 4187 ildes
1117 4131 1318 4203 ;quiaipsaest
1336 4129 1657 4186 catholicasrdos.Credo
1678 4129 1752 4184 enim

102 4229 255 4282 recurrere,
278 4221 305 4270 et
333 4213 369 4269 ad
394 4212 535 4287 pmprium
559 4214 635 4270 illum
664 4218 762 4287 stylum
786 4217 903 4288 Spiritus
956 4219 1103 4291 qoodlego
1117 4220 1161 4275 rel
1175 4218 1269 4285 audio,
1284 4218 1348 4290 quia
1363 4218 1527 4287 accredere,
1543 4225 1571 4274 et
1584 4220 1636 4273 hoc
1662 4217 1753 4287 ipsum

103 4304 190 4361 sancti
204 4303 251 4369 tui,
268 4317 322 4372 qno
349 4317 399 4373 per
420 4302 597 4359 ministerium
613 4317 720 4371 eorum,
736 4305 783 4375 qui
810 4305 904 4376 unige·
957 4308 1097 4380 praecepit,
1108 4309 1154 4379 qui
1168 4307 1309 4362 venulam
1331 4323 1362 4362 ae
1385 4306 1549 4362 nominavit.
1572 4305 1646 4360 Dixit
1659 4305 1751 4358 enim:

102 4392 188 4449 nilum
202 4399 277 4448 tuum
289 4389 461 4448 Salvatorem
476 4398 601 4447 nostrum
615 4401 758 4448 venturum
777 4394 806 4448 in
819 4408 902 4449 carne
917 4370 943 4432 D
958 4417 970 4446 ι
986 4395 1037 4466 Qui
1052 4395 1206 4462 crediderit,
1223 4395 1315 4451 salvus
1343 4395 1395 4451 erit
1412 4412 1418 4457 ;
1435 4394 1482 4465 qui
1497 4409 1561 4452 vero
1588 4408 1643 4449 nou
1665 4390 1753 4448 credi·

105 4487 253 4554 potuerunt
265 4478 425 4552 praevidere,
437 4494 485 4536 seu
502 4479 548 4551 qni
567 4479 723 4538 venientem
746 4491 904 4538 meruerunt
958 4485 1038 4554 derit,
1053 4483 1277 4541 condemnabitur
1290 4483 1385 4553 (Dore.
1402 4483 1469 4553 xm).
1484 4505 1495 4531 n
1511 4482 1546 4537 Et
1568 4482 1611 4537 cui
1621 4479 1753 4546 creditur,

102 4570 206 4635 videre,
235 4568 324 4640 primo
353 4570 435 4639 coepit
462 4567 577 4624 inscribi
604 4566 651 4625 lex
666 4569 779 4640 spiritus
800 4569 903 4626 vitaein
957 4573 1048 4629 sinon
1063 4572 1183 4628 creditur
1198 4571 1332 4628 veritati?

101 4657 203 4716 tabulis
216 4657 307 4713 cordis
315 4655 473 4712 carnalibus
490 4656 671 4713 credentium.
683 4657 734 4714 Ubi
750 4673 811 4714 cum
821 4658 902 4729 plana
991 4663 1054 4733 lpse
1068 4668 1110 4716 cst
1125 4659 1256 4716 Dominus
1270 4661 1347 4715 lesus
1361 4659 1500 4715 Christus:
1516 4657 1560 4714 cui
1576 4656 1621 4729 qui
1630 4654 1755 4721 credere,

102 4744 327 4812 omniainvenio,
354 4751 380 4800 et
396 4760 452 4799 rem
468 4758 643 4801 communem
659 4753 712 4802 tam
734 4746 902 4819 sapientibus
955 4755 983 4805 et
1009 4749 1038 4803 in
1066 4764 1128 4804 eum
1152 4747 1276 4815 credere,
1290 4747 1482 4815 noluerit,non
1512 4754 1553 4802 est
1577 4744 1756 4801 Christianus.

102 4850 183 4907 quam
214 4833 391 4904 simplicibus,
407 4841 433 4888 et
460 4848 521 4903 quae
548 4833 571 4888 si
599 4833 685 4891 sortes
712 4842 848 4904 exerceat,
872 4843 901 4891 ut
954 4836 1014 4909 ligo
1041 4836 1230 4893 Christianum
1245 4851 1289 4890 me
1304 4835 1457 4907 profiteor;
1483 4834 1566 4892 credo
1581 4841 1607 4889 et
1630 4832 1658 4887 in
1673 4847 1755 4904 quem

103 4921 767 4993 inllrmosquosqueesenonabsterrent;redit
786 4923 818 4978 ad
841 4937 899 4981 me·
953 4925 1100 4990 eredo;et
1122 4923 1205 4980 oredo
1237 4923 1395 4995 Scripturis,
1413 4923 1440 4978 in
1467 4922 1566 4996 quibus
1595 4921 1677 4978 vitam
1709 4935 1756 4975 me

103 5011 223 5069 moriam
238 5009 413 5081 exprobratio
428 5007 474 5064 illa
490 5011 649 5082 prophetica
663 5010 692 5066 in
706 5013 835 5085 populum
848 5012 899 5068 lu·
953 5001 1106 5069 habitu'mm
1134 5010 1251 5068 confido.
1277 5013 1333 5068 lloc
1363 5011 1434 5066 onim
1463 5010 1672 5066 tundamentum
1700 5015 1752 5074 est,

103 5109 235 5176 daeorum,
247 5106 320 5180 quod
346 5115 566 5178 contempserunt
590 5124 675 5181 aquas
689 5109 764 5165 Siloe
785 5109 898 5166 domes·
952 5109 1026 5181 quod
1041 5108 1171 5181 sapientia
1187 5107 1236 5163 Dei
1250 5107 1403 5178 ordinarit3
1423 5108 1542 5164 Verbum
1558 5106 1608 5162 Dei
1617 5103 1749 5170 dictavit,

101 5208 179 5278 lions,
199 5204 373 5263 decurrentes
403 5219 464 5261 cum
491 5204 598 5262 silentio
622 5207 686 5276 (lan.
706 5207 787 5276 ι·ιιι);
810 5207 898 5261 iemnt
950 5204 1067 5277 apostoli
1091 5205 1159 5261 sicut
1188 5204 1324 5275 sapientes
1352 5205 1491 5261 architecti
1516 5208 1668 5274 posuerunt
1684 5216 1690 5255 :
1708 5199 1752 5254 cui

104 5305 132 5359 in
152 5303 223 5360 riam
255 5300 363 5375 AEgypti
396 5300 489 5358 bibere
516 5316 602 5374 aquas
627 5301 747 5359 turbidas
777 5301 896 5358 lluminis
950 5300 1329 5374 quicunqnasuperaedilicare
1343 5302 1466 5367 voluerit,
1480 5301 1569 5357 rideat
1584 5301 1648 5372 quial
1664 5315 1746 5374 supe·

102 5399 220 5473 Egyptii
232 5401 345 5470 (terem.
362 5401 403 5470 ιι).
419 5399 480 5456 Non
495 5399 567 5456 enim
588 5400 655 5456 sicut
670 5399 815 5472 paralium
832 5414 895 5470 pro·
948 5399 1090 5465 rediisset,
1111 5400 1146 5456 de
1157 5400 1334 5456 fundamento
1345 5410 1433 5456 autem
1447 5414 1557 5455 securus
1569 5398 1613 5454 sit.
1632 5399 1745 5456 Funda-

101 5498 212 5569 phetam
223 5496 334 5570 quidam
344 5494 497 5568 deplorant,
507 5496 633 5571 cogimur
646 5495 776 5569 ibisquas
790 5505 895 5552 nostras
948 5503 1069 5553 mantum
1088 5495 1161 5553 enirn
1176 5496 1355 5568 stabitzqnod
1373 5504 1463 5552 autem
1484 5494 1746 5570 snperaediflmbirur
