3728 6000
56 254 110 309 ‘257

599 247 806 305 dispertito
824 247 907 305 ant.
932 250 1163 307 ABAELARDUhl.

1654 260 1707 316 238

55 378 116 449 ipsa
132 377 198 432 aeris
217 376 369 432 substantia
387 375 431 431 vel
444 373 561 428 essentia
584 372 683 428 dicitnr
705 389 777 438 esse,
794 388 855 429 eum
870 373 897 433 A
913 371 1000 443 magis
1019 373 1171 429 secuudum
1199 373 1288 444 ipsum
1315 374 1456 430 eharitatis
1483 376 1621 445 allectum,
1651 380 1709 437 sivo

57 484 120 523 esse
137 465 264 523 videlieet
283 481 384 521 aerenm
403 462 524 534 sigillum
544 463 578 516 sit
593 462 856 535 eseaesquoduem

57 564 83 612 et
98 573 164 612 esse
179 554 330 620 huminem,
347 555 398 608 hoc
412 559 454 607 est
468 551 567 606 animal
583 550 716 606 rationale
732 551 856 617 mortale,

56 645 89 700 sit
112 661 178 701 esse
200 643 299 699 animal
321 641 470 712 quoddam,
495 641 532 695 ita
557 640 650 696 diuina
673 639 808 709 sapientia
823 639 858 693 de

56 732 208 788 substantia
222 731 321 787 divinae
334 730 461 800 potentiae
476 728 577 784 dicitnr
592 745 663 792 esse,
680 743 741 783 eum
759 727 858 782 videli-

56 829 99 879 cet
114 839 177 878 esse
202 820 373 892 sapientiam,
390 819 441 874 hoc
465 825 514 884 est,
533 818 679 888 potentiani
700 816 858 871 discernen-

55 911 92 978 di,
108 911 147 965 sit
165 925 228 965 esse
253 908 400 979 potentium
430 906 615 978 quamdam.»
647 905 751 959 Deinde
781 903 859 973 quusi

56 998 206 1064 concludit,
222 997 272 1053 sed
288 1014 321 1053 ex
336 994 514 1059 inconcessis,
531 994 633 1050 etdicit
650 1010 656 1048 ι
675 1017 686 1041 ι
705 994 737 1047 Ει
751 996 804 1049 hoc
818 1002 860 1047 est

57 1089 158 1145 Filium
173 1087 207 1142 de
221 1085 371 1141 substantia
386 1084 470 1139 Patris
485 1099 556 1148 esse,
575 1082 634 1137 sive
648 1082 770 1154 genitum
786 1097 857 1147 esse,

59 1178 128 1233 dont
152 1177 247 1231 dicunt
275 1173 442 1244 philosophi,
465 1172 571 1243 species
595 1187 628 1225 ex
653 1186 754 1239 genere
768 1168 858 1241 gigni,

57 1267 113 1321 sire
128 1264 231 1320 creari.
249 1286 260 1312 ι
279 1264 319 1317 Ex
333 1263 376 1317 his
391 1262 517 1318 omnibus
532 1261 597 1330 quid
610 1260 731 1327 judicent
744 1259 799 1322 alii,
817 1257 860 1312 vi-

58 1355 149 1410 derint
166 1353 217 1424 ipsi
235 1369 243 1408 ι
271 1353 319 1406 sed
335 1351 536 1407 nobisvidetur
559 1349 686 1420 quoniam
708 1348 779 1417 quod
794 1347 861 1400 sub·

60 1445 190 1498 sistentes
206 1451 231 1496 et
246 1442 342 1513 plenas
356 1455 500 1511 personas,
518 1455 585 1510 quus
598 1436 687 1492 Graeci
704 1437 863 1506 hypostases

58 1522 209 1590 ὕπόστασες
232 1528 519 1599 vocant,coaeqnules,
549 1526 601 1580 sibi
629 1541 678 1594 per
704 1523 806 1589 omnia,
836 1529 863 1578 et

59 1622 219 1678 consimiles
238 1627 265 1675 et
288 1615 540 1680 consubstantiales,
556 1614 583 1668 in
604 1613 752 1684 potentiam
776 1620 800 1666 et
817 1627 862 1665 se·

58 1710 253 1782 mipotentiam
269 1715 422 1763 extenuare
438 1704 539 1771 nititur,
556 1710 687 1774 quantum
703 1701 736 1756 ad
752 1701 862 1755 destru-
877 1728 903 1791 B

57 1801 179 1856 ctionem
204 1810 382 1868 personarum
398 1792 587 1848 Sabellianum
603 1798 662 1856 est;
682 1797 810 1861 quantum
826 1788 861 1843 ad

59 1887 312 1944 dissimilitudinem
327 1891 354 1938 et
368 1881 577 1952 imparilitatem,
590 1881 642 1935 hoc
657 1879 683 1933 in
699 1879 861 1933 sententiam

58 1978 114 2033 hrii
130 1976 248 2048 pedibus
270 1974 308 2028 ire
327 1981 379 2029 est.
405 1971 460 2027 Sed
474 1972 591 2025 haereses
618 1969 678 2023 istae
701 1967 819 2038 untiquae
833 1974 862 2021 et

58 2066 252 2122 uetustissimae
271 2071 394 2118 veterum
411 2068 485 2115 sunt.
505 2056 583 2127 Quod
599 2066 689 2112 autem
710 2058 791 2111 liorno
805 2055 862 2109 dia·

58 2156 172 2211 laedens
194 2155 237 2209 sic
258 2151 318 2224 agit
339 2150 374 2205 de
399 2151 456 2205 beo
474 2149 551 2202 Patre
575 2161 608 2202 ac
631 2145 707 2208 Filio,
734 2145 804 2199 sicut
828 2143 863 2199 de

59 2243 178 2299 materia
200 2250 227 2298 et
241 2240 393 2304 materiato,
410 2254 470 2293 cum
495 2234 653 2304 hujusmodi
672 2233 762 2289 omnia
778 2232 863 2302 lunge

60 2329 96 2383 ab
112 2329 160 2383 illa
185 2324 336 2380 substantie
358 2322 429 2384 sint;
455 2328 482 2375 et
506 2318 579 2390 qnod
596 2318 692 2372 Filium
713 2333 747 2371 ea
770 2317 861 2380 Putre,

60 2415 141 2486 qnasi
157 2412 278 2485 speciem
290 2410 421 2481 praedicat
437 2423 469 2462 ex
485 2422 599 2480 genere,
615 2406 673 2459 lianc
689 2418 758 2458 nova
772 2403 863 2457 haere-

60 2505 100 2558 sis
116 2518 230 2575 prorsus
253 2507 280 2555 et
295 2498 403 2570 propria
417 2496 476 2563 eius
498 2503 549 2551 est.
566 2501 594 2548 et
618 2493 646 2546 in
660 2493 723 2557 lroo,
744 2491 813 2545 sieut
830 2490 864 2546 de

61 2593 145 2648 Paulo
174 2589 302 2645 dicebant
321 2585 507 2648 Athenienses,
527 2582 594 2654 ipse,
610 2589 638 2636 ut
659 2580 750 2634 mitius
764 2579 863 2649 loqua-

60 2698 131 2747 mur,
161 2694 297 2735 nouorum
331 2676 447 2731 deorum
472 2673 665 2728 annuntiator
692 2669 815 2739 apparuit
837 2667 865 2721 in

59 2767 165 2824 mundo
178 2768 255 2837 (Act.
268 2765 345 2831 xvir).
369 2761 421 2818 Ubi
432 2759 502 2815 onim
511 2759 565 2827 juin
574 2757 691 2812 Trinitas
701 2756 798 2810 Deus‘l
814 2753 865 2809 Ubi

912 459 1019 526 ellectu,
1036 461 1195 532 accipienda
1213 470 1266 518 est.
1282 464 1409 518 Charitas
1432 473 1532 533 antem,
1549 473 1616 524 teste
1630 468 1709 525 beato

912 548 1057 620 Gregorio,
1074 550 1162 605 minus
1177 567 1257 622 quarn
1272 551 1342 606 inter
1356 553 1425 607 dnos
1437 552 1530 609 haberi
1546 570 1599 609 nou
1613 563 1710 627 potest.
1806 568 1809 579 ·

912 638 998 692 Nemo
1019 638 1160 704 enimait,
1177 640 1211 693 ad
1233 641 1410 711 semetipsum
1437 643 1537 698 habere
1552 644 1711 700 charitatem

912 725 1022 793 dicitur,
1038 727 1097 792 sed,
1124 727 1269 783 dilectione
1289 745 1319 784 se
1344 729 1371 784 in
1394 731 1509 785 alterum
1534 733 1664 800 extendit,
1683 739 1712 789 ut
1814 798 1816 803 ¹

912 815 1030 870 charitas
1045 832 1102 871 esse
1117 816 1212 886 possit.
1234 818 1383 874 Procedere
1399 834 1464 891 ergo
1481 819 1530 874 Dei
1545 829 1587 876 est
1607 821 1712 877 sesain

912 903 1028 974 aliquam
1050 920 1106 958 reru
1127 920 1177 975 per
1194 902 1324 960 affectum
1347 907 1489 962 charitatis
1512 907 1713 979 quodammodo

914 993 1072 1059 extendere,
1097 1001 1125 1047 ut
1149 1009 1207 1049 earn
1232 994 1359 1050 videlicet
1381 995 1484 1067 diligat,
1508 1011 1541 1053 ac
1557 1013 1588 1053 se
1611 997 1636 1052 ei
1662 1013 1713 1070 per

914 1096 1034 1136 amorem
1058 1081 1213 1154 conjungat.
1239 1083 1306 1138 Cum
1330 1083 1423 1155 itaque
1446 1092 1501 1139 tam
1524 1085 1606 1140 Filius
1628 1102 1712 1157 quarn

915 1169 1031 1239 Spiritus
1052 1179 1161 1226 sanctus
1176 1188 1209 1226 ex
1227 1173 1305 1227 Putre
1330 1172 1374 1237 sit,
1391 1172 1435 1228 hio
1459 1172 1567 1242 quidem
1591 1175 1711 1244 genitus,

914 1258 960 1312 ille
976 1259 1136 1328 procedens,
1151 1259 1240 1316 diliert
1254 1260 1279 1314 in
1294 1277 1327 1315 eo
1342 1261 1480 1332 processio
1494 1276 1511 1315 a
1524 1262 1711 1334 generatione,

915 1347 989 1416 quod
1010 1347 1092 1418 isqui
1108 1358 1302 1420 generaturus
1319 1350 1377 1418 ipsu
1393 1351 1479 1404 Patris
1494 1351 1646 1406 substantia
1659 1361 1711 1423 est,

916 1451 975 1489 enm
1001 1437 1071 1506 ipsu,
1086 1446 1114 1491 ut
1136 1438 1304 1505 dictumest,
1330 1439 1462 1509 sapientia
1477 1439 1566 1508 ipsum
1590 1456 1651 1496 esse
1664 1441 1713 1495 ha·

916 1523 990 1590 beat,
1007 1533 1033 1578 ut
1047 1525 1082 1579 sit
1097 1527 1221 1597 quaedam
1237 1529 1357 1597 potentia
1376 1544 1383 1581 r
1400 1527 1459 1596 ipso
1483 1543 1550 1583 vero
1574 1528 1714 1585 charitatis

917 1610 1029 1669 affectus
1057 1614 1147 1686 magis
1175 1615 1210 1670 ad
1233 1615 1429 1687 benignitatem
1460 1615 1553 1682 animi,
1569 1633 1651 1687 quarn
1677 1617 1714 1674 ad

918 1702 1068 1771 potentiam
1106 1704 1227 1758 attineat.
1265 1704 1343 1760 Unde
1393 1704 1463 1759 bene
1500 1704 1641 1775 sapientia,
1680 1722 1714 1762 ex

918 1791 1050 1861 potentia,
1080 1791 1164 1846 Fiius
1192 1808 1226 1846 ex
1255 1793 1333 1848 Patre
1361 1808 1420 1849 esse
1445 1791 1555 1860 dicitur,
1587 1795 1638 1850 hoo
1660 1802 1712 1863 est,

916 1894 953 1933 ex
985 1878 1045 1949 ipsa
1077 1880 1161 1933 Putris
1193 1880 1346 1935 substantia
1378 1897 1457 1948 esse;
1488 1881 1605 1951 Spiritus
1637 1898 1712 1951 vero,

916 1967 1040 2037 quamvis
1058 1967 1183 2037 ejusdem
1200 1969 1234 2022 sit
1248 1969 1406 2025 substantiae
1419 1985 1479 2024 cnm
1497 1970 1573 2024 l‘atre
1593 1977 1620 2026 et
1633 1971 1712 2040 Filio,

917 2056 1002 2111 etiam
1025 2056 1144 2111 Trinitas
1169 2057 1229 2126 ipsa
1257 2056 1421 2113 homousion
1448 2048 1600 2128 ὁμοούσιον,
1630 2058 1715 2115 idest

916 2145 997 2199 unius
1013 2144 1168 2199 substantia
1192 2145 1362 2216 praedicatur,
1384 2146 1495 2203 minime
1517 2157 1606 2202 tamen
1622 2154 1662 2203 est
1681 2163 1714 2204 ex

918 2233 1067 2287 substantia
1083 2233 1167 2288 Patris
1181 2241 1208 2288 et
1223 2233 1293 2299 lilii,
1309 2234 1381 2305 quod
1396 2244 1468 2291 esset
1481 2235 1569 2306 ipsum
1584 2250 1620 2291 ex
1635 2237 1715 2293 Patre

918 2322 1039 2390 Filioque
1054 2322 1132 2393 gigni
1144 2341 1150 2385 ;
1162 2321 1210 2377 sed
1226 2323 1313 2394 magis
1323 2323 1357 2377 ab
1373 2323 1439 2393 ipsis
1449 2325 1532 2380 habet
1546 2325 1713 2396 procedere;

918 2410 992 2481 quod
1006 2417 1050 2465 est
1063 2411 1150 2465 Deum
1166 2427 1194 2464 se
1205 2427 1254 2480 per
1263 2410 1424 2466 charitatem
1439 2412 1605 2469 adulterum
1619 2421 1715 2470 exten·

918 2500 983 2554 dere
1000 2498 1211 2570 quodammodo.
1228 2500 1316 2555 Nemo
1338 2501 1409 2555 enim
1433 2500 1551 2572 sibiipsi
1576 2502 1716 2576 benignus
1738 2496 1743 2505 ’

918 2604 980 2644 esse
993 2596 1098 2659 potest;
1115 2588 1163 2642 sed
1183 2589 1269 2643 alteri.
1289 2590 1363 2645 Tunc
1379 2604 1446 2645 vero
1467 2591 1539 2644 Deus
1554 2590 1599 2662 qui
1615 2591 1715 2646 nullius

918 2677 1032 2748 indiget,
1052 2677 1079 2730 in
1094 2694 1124 2733 se
1145 2693 1194 2747 per
1218 2677 1410 2746 benignitatem
1434 2685 1599 2746 remaneret,
1615 2681 1640 2734 si
1661 2679 1714 2734 sibi

919 2767 1056 2837 benignus
1072 2781 1134 2821 esse
1156 2774 1258 2836 posset,
1274 2766 1384 2837 aliquod
1406 2767 1458 2823 sibi
1481 2766 1642 2824 heneficium
1657 2767 1714 2824 im-

61 2871 188 2930 personae
202 2851 340 2927 gignentis
355 2859 382 2906 et
397 2849 493 2922 geniti,
503 2855 529 2901 et
544 2847 577 2900 ab
590 2855 706 2915 utroque
717 2842 866 2914 proceden-
918 2854 1075 2926 pendendo,
1093 2878 1104 2903 .,

62 2948 121 3002 nse
136 2945 187 3002 uus
204 2944 304 3008 uarias,
320 2941 354 2994 de
368 2955 423 3011 qus
437 2938 501 2992 dicit
518 2936 624 2992 Veritas
640 2949 646 2988 :
664 2935 718 3005 Ero
733 2936 761 2989 er
779 2934 866 2987 eures·
954 2945 1018 2999 uec
1029 2952 1070 2998 esi
1080 2944 1217 3015 theologia
1227 2943 1348 3016 magistri
1360 2945 1435 3000 Petri
1445 2944 1479 3001 ue
1491 2945 1590 3017 span
1600 2953 1714 3014 sanem

62 3051 157 3091 unuin
167 3030 289 3088 summ-⁹
314 3032 405 3099 (toan.
428 3028 468 3091 x.)
486 3024 591 3080 Etenim
614 3022 762 3078 deslsutlffl
773 3034 865 3090 WSO·
920 3032 974 3088 hoc
988 3033 1022 3087 de
1032 3049 1065 3088 eo
1076 3032 1223 3104 praedicat:
1240 3041 1266 3088 et
1276 3035 1380 3088 utinam
1396 3049 1448 3089 non
1463 3039 1557 3089 contra
1571 3037 1656 3090 euml
1672 3034 1717 3091 sd

61 3139 172 3188 uarum,
199 3119 314 3176 destruit
340 3117 368 3171 iu
392 3117 449 3171 Deo
478 3113 634 3168 Trinitatem
647 3129 653 3175 ;
671 3108 863 3164 dissimililuth
878 3083 904 3147 C
918 3122 1022 3176 lihitum
1038 3138 1117 3177 suurn
1132 3137 1244 3176 summae
1258 3120 1309 3175 sibi
1323 3122 1447 3177 essentiae
1463 3121 1560 3177 lormat
1574 3122 1713 3195 effigiem

63 3212 184 3281 maioris
210 3215 236 3263 et
263 3205 377 3262 minoris
406 3206 548 3258 unitatem.
577 3201 650 3255 Deus
678 3198 863 3261 scientiarum,
919 3211 1041 3265 ,forma
1065 3225 1131 3265 vero
1155 3209 1219 3265 fidei
1242 3210 1276 3264 ab
1295 3211 1424 3281 apostolis
1447 3210 1587 3277 qadim
1614 3211 1716 3282 spiriru

61 3301 148 3370 judex
163 3296 398 3358 conscientiarum,
411 3299 440 3347 ill
455 3291 518 3358 Scis,
534 3298 563 3344 ill
576 3288 653 3344 Vides
667 3285 738 3359 quod
756 3285 865 3340 mallem
920 3310 1014 3353 saneto
1030 3313 1078 3368 pgr
1092 3297 1167 3367 ipsos
1188 3297 1303 3351 formata
1324 3305 1351 3352 et
1370 3296 1497 3352 omnihus
1521 3297 1716 3353 commendam

63 3405 108 3445 me
124 3389 153 3442 in
168 3386 259 3442 ι’θιῧῑὸ
273 3383 343 3453 01⁰⁸·
360 3396 454 3437 elme
478 3393 558 3448 ‘lum
578 3377 665 3447 ipsum
692 3375 721 3428 5¹¹
737 3373 800 3442 fidssr
816 3372 865 3427 sed
919 3385 1056 3453 fidelibus,
1074 3385 1165 3440 aulert
1180 3401 1241 3455 quae
1265 3385 1332 3453 vult,
1347 3385 1460 3456 apponit
1485 3402 1546 3456 quae
1560 3387 1626 3452 uult,
1642 3401 1717 3442 nova

63 3478 98 3535 de
113 3475 208 3532 verbis
220 3474 292 3543 ejus,
308 3471 362 3526 nisi
382 3468 453 3524 alius
468 3484 512 3523 me
527 3468 633 3533 doceat,
649 3480 710 3520 meo
725 3479 804 3519 sensu
819 3478 865 3517 sa-

64 3570 171 3624 niorem
187 3563 353 3620 intellectum
368 3574 476 3631 nequeo
489 3556 624 3628 eliquare.

370 3673 487 3730 CAPUT
517 3671 562 3727 lv.

99 3782 161 3836 lam
180 3778 216 3834 ad
231 3775 361 3848 Spiritum
376 3781 504 3829 sanctum
523 3769 673 3834 veniamus,
691 3765 755 3838 quin
777 3764 867 3836 potius

66 3872 128 3943 ipse
143 3867 236 3924 ueniat
247 3865 275 3920 in
301 3879 362 3926 nos,
378 3876 427 3916 noo
441 3860 476 3914 de
490 3874 521 3914 se
534 3857 624 3912 aliena
638 3871 687 3911 nos
701 3869 799 3926 sapere
815 3869 868 3923 pa·

68 3962 166 4024 liatur,
181 3955 232 4011 aad
246 3969 296 4025 per
311 3950 401 4007 emnia
416 3965 466 4002 rios
482 3947 564 4002 iaciat
579 3942 734 4000 consentire
760 3939 868 3998 veritali

70 4048 181 4119 spiritns
193 4041 326 4099 veritatis.
352 4039 392 4093 De
408 4051 462 4109 quo
476 4034 591 4105 plurima
611 4046 671 4103 quae
685 4030 749 4086 dicit
762 4031 867 4083 utinam

71 4153 124 4194 non
139 4136 254 4198 dicaret,
270 4130 375 4184 utinam
391 4126 488 4181 saltem
511 4130 607 4179 eontra
621 4119 799 4191 semetipsum
813 4133 867 4173 non

74 4227 219 4284 scriberet.
240 4218 322 4275 lueis
338 4213 470 4286 siqnidem
490 4227 551 4284 quae
572 4209 711 4282 premissa
735 4213 807 4275 sunt,
824 4214 869 4262 ta-

73 4316 150 4372 metsi
163 4313 240 4368 dicat
253 4323 328 4378 saepe
339 4304 412 4377 qnod
422 4300 553 4364 offendit;
570 4308 659 4354 tamen
669 4296 742 4352 aliud
757 4303 783 4350 et
793 4295 869 4351 alind

74 4402 198 4468 dicendo,
227 4398 274 4453 dat
306 4391 508 4467 quodammodo
536 4386 661 4458 intelligi,
690 4399 745 4440 non
779 4400 810 4439 so
835 4399 866 4439 ex

75 4493 185 4549 dillinito
200 4488 291 4544 dicere
306 4481 383 4555 quod
397 4480 469 4535 dicit.
486 4480 537 4533 llic
555 4483 645 4532 autem
663 4475 770 4547 absque
793 4471 869 4528 omni

74 4583 226 4639 velamento
245 4569 423 4630 simulationis
446 4577 500 4623 tam
527 4565 615 4622 libere
643 4563 729 4619 currit
755 4569 868 4617 senten·

74 4673 118 4741 tia,
133 4676 164 4723 ut
177 4668 290 4721 omuino
304 4659 384 4717 etiam
398 4655 548 4713 defendere
563 4651 634 4708 velle
655 4650 782 4706 videatur
797 4647 870 4720 qnod

74 4760 145 4815 dicit.
162 4753 236 4811 Dicit
250 4764 336 4822 ergo:
354 4770 364 4794 ι
379 4745 495 4816 Spiritus
505 4741 580 4816 qnasi
595 4738 754 4811 aspirando
769 4737 867 4794 dictus.

75 4847 149 4906 Unde
170 4850 198 4901 et
223 4840 329 4897 Veritas
343 4836 407 4892 dicit
422 4851 429 4888 ι
446 4833 561 4904 Spiritus
584 4829 632 4884 ubi
646 4828 705 4884 vult
727 4827 821 4898 spirat.
836 4828 871 4882 Et

75 4936 209 5008 Propheta
226 4923 403 4986 convenienti
426 4921 587 4990 metaphora
609 4917 736 4988 spiritum
761 4914 870 4971 Domini

75 5026 248 5097 distinguens
262 5016 388 5087 spiritum
402 5011 457 5067 oris
472 5009 532 5078 ejus
543 5008 633 5077 ipsum
648 5004 767 5075 appellat
781 5004 869 5074 (Prot.

77 5118 191 5182 xxxii),
221 5109 340 5175 ideoque
367 5102 427 5173 ipso
455 5099 567 5153 nomine
592 5110 641 5151 suo
662 5098 811 5165 procedere
838 5108 871 5148 aa

75 5206 132 5261 Deo
148 5204 227 5257 Patre
245 5202 273 5251 et
288 5191 366 5252 Filio,
381 5190 472 5260 potius
492 5201 576 5258 quam
597 5184 685 5257 gigni,
704 5181 870 5237 declaratur.

75 5289 233 5363 Benignitas
246 5283 351 5356 quippe
366 5279 435 5350 ipsa,
453 5291 516 5348 quae
537 5276 590 5329 hoc
610 5272 721 5328 nornine
745 5270 871 5326 declara·

73 5401 123 5463 tur,
142 5393 255 5445 nonest
277 5381 308 5437 in
337 5379 394 5434 Deo
422 5374 542 5448 potentia
569 5372 625 5428 sive
654 5367 873 5439 sapientiarum

71 5490 202 5549 videlieet
226 5484 320 5557 ipsum
342 5476 496 5549 benignum
510 5488 580 5541 esse,
605 5485 659 5526 non
682 5468 758 5524 sitin
782 5466 874 5539 aliquo

68 5592 213 5666 potentem
226 5593 298 5651 esse,
312 5574 372 5635 sire
385 5570 548 5646 sapientem,
562 5567 613 5627 sed
625 5566 685 5624 haee
695 5565 752 5637 ejus
765 5563 874 5622 bonitas

922 3475 1025 3530 iaciens
1040 3474 1142 3541 omnia,
1155 3489 1226 3529 nova
1241 3473 1337 3541 verba,
1354 3489 1424 3529 nova
1447 3476 1584 3545 dogmata,
1600 3489 1716 3545 qnorum

920 3562 1027 3618 nonnisi
1056 3563 1112 3633 ipsu
1141 3570 1237 3617 auctor
1264 3569 1315 3617 est.
1341 3562 1498 3619 Cavendum
1526 3565 1617 3618 autem
1640 3561 1716 3637 quod

920 3651 996 3723 quasi
1011 3651 1169 3722 impropriis
1192 3650 1306 3706 sublatis
1319 3650 1354 3706 de
1381 3649 1434 3707 fide
1449 3651 1537 3706 sacris
1562 3650 1717 3707 nominibus

920 3741 1005 3795 Patris
1020 3747 1050 3795 et
1060 3739 1118 3793 Filii
1133 3747 1160 3794 et
1169 3737 1286 3807 Spiritus
1301 3740 1397 3805 sancti,
1409 3738 1616 3795 credentessibi
1627 3739 1717 3811 primo

920 3829 1023 3884 irretire
1038 3827 1130 3882 nititur
1153 3827 1258 3883 ratione
1286 3827 1425 3882 nominum
1450 3827 1578 3894 aliorum,
1601 3843 1716 3898 quorum
1782 3877 1784 3881 a

923 3918 1003 3989 quusi
1017 3915 1173 3971 rationabili
1193 3914 1388 3985 consequentia
1402 3914 1513 3971 inducat
1531 3930 1579 3971 eos
1593 3915 1620 3969 in
1636 3915 1716 3972 nori·

920 4013 1004 4060 tatem
1023 4020 1152 4060 sensuum
1167 4019 1287 4058 sitorum.
1304 4003 1333 4057 Si
1349 4003 1419 4058 enirn
1435 4003 1584 4059 seeundum
1607 4003 1718 4078 regulas

921 4102 946 4148 et
962 4093 1079 4149 formam
1091 4091 1164 4155 lidei,
1172 4100 1196 4146 et
1205 4092 1395 4164 euangelicam
1407 4099 1434 4147 et
1446 4092 1625 4163 apostolicam
1634 4092 1718 4150 disci·

920 4182 1033 4253 plinum,
1050 4190 1146 4252 agatur
1159 4180 1193 4235 de
1209 4182 1296 4244 Patre,
1313 4188 1340 4235 et
1357 4179 1434 4248 Tillo,
1450 4188 1477 4235 et
1491 4180 1595 4252 Spiritu
1608 4190 1716 4252 saneto,

921 4286 981 4342 quae
997 4269 1075 4325 nobis
1093 4269 1202 4324 nomina
1216 4269 1275 4340 ipsa
1290 4269 1393 4323 Veritas
1408 4268 1521 4324 dietavit
1534 4284 1595 4325 cum
1618 4269 1693 4325 dixit
1709 4289 1718 4328 ι

924 4380 935 4406 u
953 4358 1122 4428 baptizantes
1136 4357 1164 4411 in
1179 4358 1292 4413 uomina
1313 4357 1397 4411 Patris
1414 4364 1441 4411 et
1462 4356 1530 4423 Filii,
1547 4366 1574 4414 et
1598 4358 1717 4430 Spiritus

883 4434 908 4495 D
923 4448 1011 4501 saneti
1025 4447 1135 4514 (lluttlt.
1153 4448 1261 4514 xxviii),
1280 4469 1291 4494 r·
1308 4453 1420 4517 repente
1435 4446 1461 4500 in
1485 4446 1577 4501 divina
1599 4447 1719 4504 essentia

923 4535 993 4591 fides
1009 4543 1035 4590 et
1048 4534 1201 4591 intellectus
1215 4535 1325 4590 unitatis
1344 4549 1398 4590 uno
1410 4533 1530 4590 veritatis
1543 4534 1619 4591 radio
1634 4534 1720 4591 dissi-

922 4631 969 4697 pat
989 4639 1099 4680 omnem
1119 4624 1189 4679 hano
1209 4623 1389 4696 undecunque
1408 4620 1548 4678 collectam
1570 4623 1718 4695 caliginem

923 4712 1033 4768 erroris.
1064 4712 1137 4767 Sient
1163 4713 1237 4767 enim
1260 4714 1316 4781 jam
1345 4727 1432 4783 supra
1459 4710 1560 4766 dietum
1587 4719 1638 4778 est,
1654 4727 1718 4769 cum

922 4801 1104 4871 praedicamus
1127 4800 1242 4866 Patrem,
1267 4808 1293 4856 et
1318 4799 1425 4866 Filium,
1446 4807 1473 4855 et
1500 4799 1629 4871 Spiritum
1653 4816 1719 4856 san·

923 4898 1007 4956 ctum,
1032 4888 1207 4961 exprimimus
1233 4889 1372 4944 veritatem
1400 4889 1547 4957 Trinitatis,
1563 4905 1624 4945 cum
1652 4905 1720 4946 vero

924 4978 1078 5049 adjicimus,
1099 4978 1171 5032 Dens
1193 4978 1279 5044 Pater,
1295 4977 1368 5031 Deus
1397 4976 1488 5042 Filius,
1501 4978 1574 5033 Deus
1602 4977 1719 5050 Spiritus

925 5076 1043 5134 sanetus,
1061 5066 1128 5121 tides
1148 5065 1297 5121 indubitata
1312 5063 1418 5121 deitatis
1433 5064 1532 5120 format
1545 5065 1573 5120 in
1590 5066 1720 5123 cordibus

925 5166 1028 5223 nostris
1045 5165 1183 5221 veritatem
1197 5180 1309 5220 snmmae
1319 5170 1346 5218 et
1359 5161 1507 5218 individua
1522 5161 1720 5219 unitatisNolo

926 5281 994 5339 ergo
1017 5263 1179 5319 recederes
1201 5261 1311 5318 nomine
1334 5261 1416 5329 bono,
1441 5261 1469 5315 in
1494 5275 1549 5334 quo
1571 5261 1722 5333 baptizatus

926 5377 997 5431 snm,
1012 5359 1040 5415 in
1055 5375 1109 5430 quo
1124 5359 1294 5416 Christianus
1307 5373 1367 5413 sum
1382 5356 1557 5428 designatus:
1575 5374 1626 5414 nee
1640 5374 1721 5430 pror-

928 5477 975 5516 sus
989 5457 1063 5529 loqui
1078 5456 1137 5514 scio
1156 5456 1190 5513 de
1204 5457 1272 5525 Deo,
1289 5456 1347 5513 sive
1370 5454 1476 5523 andire,
1493 5455 1552 5512 sive
1566 5454 1723 5528 intelligere

929 5557 1041 5630 aliquid,
1061 5554 1112 5611 nisi
1135 5554 1164 5610 in
1182 5554 1292 5613 nomine
1306 5552 1404 5625 Patris,
1428 5559 1456 5610 et
1477 5551 1547 5622 lilii,
1569 5559 1596 5610 et
1609 5552 1729 5627 Spiritus
