3728 6000
95 221 145 280 ill

599 213 788 278 ominatur
805 214 951 277 ARMIS
970 215 999 276 fl·
1019 214 1237 279 tueoaotttct

1688 218 1742 280 li!

96 341 168 400 illius
177 339 336 399 substantie
344 339 372 397 la
383 340 505 406 Terreat
514 338 592 406 Tillo,
604 346 631 396 et
639 339 738 411 Spiritu
750 347 855 406 sanato,
866 347 895 396 ει
907 340 936 404 A
949 356 1021 407 rere,
1037 342 1098 414 quis
1111 341 1193 408 Deua,
1210 355 1273 401 cnm
1288 357 1344 400 non
1357 341 1391 400 eit
1400 341 1454 400 nlsl
1467 355 1537 398 unus
1551 340 1636 408 Deus,
1649 340 1740 411 Pater,

96 429 227 502 quidquid
237 429 271 485 de
286 427 400 500 singulis
413 429 447 484 ad
458 428 562 499 seipsos
573 428 745 494 dicitur,n0n
753 427 892 500 pluraliter

97 519 126 574 in
152 533 266 584 summa,
297 518 348 573 sed
376 517 550 588 singulariter
577 517 734 587 accipiatur.
771 517 892 572 Dicimus

98 606 183 673 enim,
193 606 266 660 Deus
278 605 551 671 Pater,Deus1·'ilius,
563 605 635 659 Deus
649 605 763 676 Spiritus
773 612 891 673 sanctae,

99 693 192 756 sedin
207 708 313 749 summa
328 708 383 749 noo
399 700 453 748 tres
463 693 581 748 dicimus
590 693 667 760 deas,
679 693 728 748 sod
740 709 835 749 unum.

134 783 169 838 Et
182 782 241 837 haec
255 780 392 853 generalis
413 789 454 837 est
473 782 568 853 regula
581 781 711 847 omnium,
736 797 791 837 non
806 782 893 837 solum

100 886 170 943 quse,
187 878 216 925 ut
229 869 392 939 dictumest,
407 869 624 927 substantialiter
637 870 672 927 de
686 870 892 934 Deodicuntur;

100 959 150 1015 sed
165 974 256 1015 carum
272 959 353 1015 etiam
376 975 437 1028 qum
452 959 487 1014 ad
510 966 673 1025 creaturam,
688 959 756 1015 sicot
779 975 840 1014 eum
855 958 895 1013 di·

101 1047 168 1105 citur
177 1047 298 1114 Creator,
312 1047 456 1112 Dominus,
469 1054 497 1102 et
510 1055 609 1103 caetera
634 1047 709 1103 talia.
732 1047 895 1116 Hujusmodi

101 1137 183 1204 enim,
207 1135 276 1190 sicut
302 1143 365 1191 sunt
390 1135 560 1208 magnitudo,
586 1135 703 1204 bonitas,
731 1145 758 1191 et
788 1143 893 1201 catera,

100 1236 180 1296 prout
195 1224 221 1278 in
232 1223 313 1282 rebus
322 1232 392 1291 sunt,
408 1225 560 1280 accidentia
574 1232 635 1279 sant
650 1243 658 1290 3
673 1240 728 1279 non
746 1232 837 1280 autem
865 1226 895 1278 in

101 1314 169 1370 Dea.
186 1313 217 1367 ln
229 1313 287 1368 Deo
302 1312 374 1367 enim
390 1330 452 1369 cum
467 1315 525 1368 haea
543 1313 680 1380 dicuntur,
702 1312 896 1385 intelligendus

103 1409 145 1457 εει
156 1402 317 1471 inquantum
332 1417 477 1472 possumus
488 1400 546 1456 siue
567 1400 694 1472 qualitate
708 1400 807 1467 boans
836 1401 896 1456 eine

944 436 971 485 et
986 428 1079 497 Filius,
1095 437 1122 485 et
1136 430 1251 500 Spiritus
1269 441 1376 488 sanctus
1393 452 1399 488 :
1416 433 1570 502 Paterergo
1594 437 1621 486 ει
1647 428 1740 495 Filius,

945 533 999 573 non
1011 535 1093 573 uuum
1109 525 1158 585 est,
1175 519 1244 575 sicut
1259 520 1326 577 dicit
1337 521 1482 588 sabellius,
1498 519 1546 574 sed
1569 534 1652 577 unam
1667 524 1741 586 sual,

945 605 1089 663 siautdiolt
1103 608 1243 663 Dominus.
1267 609 1382 665 Sanctus
1411 624 1519 680 quoque
1548 606 1665 678 Spiritus
1688 606 1742 663 nisi

947 702 1019 752 asset
1028 696 1101 750 Deus
1115 697 1299 765 homoousios,
1315 698 1368 754 hoc
1382 704 1424 752 est
1438 695 1560 766 ejusdem
1585 694 1742 754 substantiae

947 799 1009 841 cam
1031 784 1108 839 Patre
1121 791 1149 840 ει
1158 785 1237 851 Filio,
1266 801 1436 858 nequaquam
1466 784 1596 840 Dominus
1619 782 1741 840 diceret:

950 873 1091 943 «Spiritus
1105 882 1147 928 est
1159 875 1232 930 Deus
1259 877 1349 947 (ioan.
1373 876 1427 946 iv).
1450 898 1460 921 a
1478 875 1510 929 Et
1539 872 1624 928 alibi:
1643 893 1654 921 a
1671 871 1700 926 Si
1715 871 1742 926 in

947 961 1040 1033 spiritu
1055 962 1105 1017 Dei
1119 963 1198 1032 eiicio
1213 963 1347 1020 daemonia
1361 965 1440 1033 (lac.
1460 966 1509 1033 xa),
1526 982 1538 1012 s
1556 962 1642 1019 item:
1660 984 1672 1009 ε
1689 959 1743 1014 lli-

949 1050 984 1106 sit
998 1064 1041 1104 me
1056 1051 1196 1116 Dominus,
1217 1059 1244 1107 et
1257 1052 1373 1122 Spiritus
1389 1051 1449 1121 ejus
1464 1052 1527 1119 (lea.
1555 1050 1661 1119 rovira).
1680 1071 1690 1097 r
1708 1048 1744 1103 Et

949 1154 1044 1195 omnes
1070 1138 1098 1192 iu
1117 1139 1169 1194 hoc
1195 1140 1361 1196 conveniunt
1389 1140 1545 1209 Scripturas,
1573 1154 1658 1195 unum
1682 1153 1743 1192 esse

948 1227 1036 1282 Deum
1052 1243 1113 1282 cum
1128 1228 1206 1283 Patre
1221 1236 1248 1283 et
1262 1228 1330 1283 Filio
1342 1227 1471 1299 Spiritum
1482 1234 1617 1281 sanctum.
1633 1225 1668 1280 Et
1683 1225 1744 1280 baec

950 1324 1066 1381 estana,
1089 1314 1196 1373 velhoc
1219 1325 1259 1372 est
1273 1332 1367 1383 unum,
1398 1315 1469 1388 quod
1497 1315 1565 1387 petit
1585 1330 1601 1368 a
1629 1312 1745 1369 Domino

949 1404 1046 1471 David,
1079 1419 1111 1459 ac
1140 1405 1253 1474 requirit
1282 1404 1316 1459 ad
1344 1403 1596 1474 contemplandum,
1629 1401 1745 1458 dicens:

104 1490 250 1561 quantitate
269 1505 394 1562 magnus,
424 1491 483 1545 sine
511 1489 662 1561 indigentia
685 1489 809 1556 Creator,
839 1490 897 1544 sine

104 1579 156 1633 situ
170 1594 303 1648 praesens,
319 1579 477 1633 sinehabitu
492 1578 647 1646 continens,
675 1578 736 1633 sine
762 1578 823 1634 loao
834 1577 896 1633 ubi·

951 1516 963 1542 r
982 1494 1069 1549 Unam
1082 1493 1146 1564 petii
1161 1493 1527 1563 aDomiuo,baucrequiram
1536 1493 1623 1562 (Psoi.
1636 1491 1720 1559 xxrr).
1734 1514 1745 1539 ι

951 1584 1041 1639 Unum
1056 1589 1146 1635 autem
1161 1582 1212 1637 boe
1228 1598 1281 1637 non
1295 1595 1410 1636 numero
1425 1597 1508 1635 unum
1520 1588 1572 1646 est,
1582 1579 1630 1634 sed
1641 1588 1747 1646 natura,

104 1683 156 1739 que
171 1676 251 1734 totus,
262 1667 320 1723 sine
337 1673 459 1738 ternpore
473 1668 665 1738 sempitemus‚
694 1667 753 1722 sine
778 1667 820 1721 sui
834 1683 897 1721 mu·
912 1696 939 1756 B
953 1668 1081 1724 videlicet
1094 1669 1209 1724 solidum
1225 1669 1353 1741 idipsum,
1367 1685 1421 1725 non
1436 1668 1542 1723 habens
1567 1677 1668 1738 partes,
1698 1666 1748 1723 sed

105 1755 205 1811 tatione
234 1755 376 1810 mutabilia
400 1755 513 1826 iaciens,
541 1756 662 1826 nihilque
689 1755 805 1827 patiens.
831 1755 899 1809 Cum
952 1757 1069 1813 inomni
1085 1758 1156 1829 quod
1172 1759 1378 1825 estvelhabet,
1395 1758 1498 1812 habeus
1512 1756 1647 1827 integrum
1661 1762 1749 1810 totum

104 1858 171 1915 ergo
197 1844 326 1914 quaeritur
353 1844 388 1899 de
399 1844 488 1905 Patre.
505 1852 532 1900 et
546 1844 622 1910 Filio,
638 1851 665 1899 et
678 1844 781 1914 Spiritu
805 1850 899 1898 sancto
953 1861 1031 1900 suum
1046 1864 1054 1909 ;
1071 1845 1195 1900 sitamen
1205 1860 1296 1911 omne,
1312 1845 1355 1901 vel
1372 1852 1466 1907 totum,
1483 1842 1527 1899 rel
1546 1842 1680 1915 integrum
1694 1840 1751 1897 dici

104 1932 170 2005 quid
183 1940 237 1988 tres
251 1932 314 2000 sint,
326 1947 383 1988 non
397 1933 451 1988 boc
465 1933 599 2002 quaeritur
611 1932 640 1986 in
655 1947 687 1988 eo
711 1931 783 2002 quod
806 1931 841 1985 ad
856 1931 899 1985 al·
953 1937 1053 2004 potest,
1064 1932 1110 1987 ubi
1124 1941 1215 2004 partes
1239 1933 1320 1988 nullm
1345 1941 1417 1987 sunt.
1433 1930 1590 2000 Ubicunque
1617 1937 1707 1987 autem
1722 1928 1751 1983 in

104 2027 236 2077 teratrum
251 2028 321 2089 sunt,
335 2021 384 2076 sed
398 2021 427 2075 in
438 2036 470 2076 eo
485 2022 557 2093 quod
567 2025 652 2089 sunt3
669 2036 719 2075 neo
741 2020 830 2091 magis
846 2027 901 2074 tres
955 2021 1099 2092 scripturis
1113 2021 1192 2090 plura
1207 2021 1297 2090 alique
1308 2036 1391 2075 unum
1406 2019 1541 2085 dicuntur,
1558 2025 1584 2074 et
1598 2034 1653 2077 non
1670 2016 1751 2079 addi-

104 2108 179 2175 uani,
195 2125 243 2164 seu
258 2116 313 2165 tres
326 2109 427 2181 magni,
444 2109 488 2164 rel
503 2109 604 2179 aliquid
626 2108 791 2176 huJusmodi,
821 2122 901 2176 quam
955 2117 998 2165 tur
1008 2111 1072 2179 quid
1087 2125 1180 2176 unum,
1192 2109 1262 2165 sicut
1276 2109 1383 2164 additur
1403 2108 1448 2162 ubi
1474 2107 1580 2175 dicitur,
1605 2122 1653 2162 cor
1666 2121 1750 2160 unum

49 2208 53 2213 '
106 2205 160 2253 tres
173 2197 210 2252 dii
224 2197 278 2253 dici
292 2205 413 2268 possunt,
425 2196 571 2251 secundum
586 2197 769 2266 supradictam
779 2195 901 2267 regulam
956 2199 1086 2253 stenima
1101 2213 1152 2252 una
1167 2198 1239 2266 (Act.
1255 2199 1293 2266 iv)
1312 2217 1318 2251 z
1344 2197 1439 2252 eadem
1454 2204 1550 2250 natura
1572 2194 1600 2249 in
1612 2194 1687 2250 nullo
1697 2193 1752 2249 dis·

107 2284 326 2342 substantialium
337 2284 478 2339 nominum
501 2285 529 2338 in
539 2285 606 2338 Deo.
632 2284 686 2338 Sed
701 2285 781 2337 instat
809 2285 902 2337 buma-
956 2286 1102 2341 similisrel
1113 2285 1278 2340 dissentiens
1292 2283 1469 2357 significatur.
1500 2285 1659 2354 lnquantum
1684 2298 1752 2354 ergo

107 2370 304 2437 nainfirmitas,
329 2388 502 2427 numerorum
526 2379 553 2426 et
578 2387 667 2425 rerum
694 2370 901 2426 numerabilium
956 2374 1106 2443 tricaliqua
1120 2373 1246 2440 sicsunt,
1265 2373 1397 2428 intantum
1413 2388 1494 2427 unum
1519 2380 1590 2426 suot.
1615 2370 1671 2425 Sed
1686 2386 1754 2427 rere

107 2461 305 2517 consuetudine
320 2459 420 2515 iniecta
436 2477 443 2524 ;
459 2467 486 2515 ει
500 2460 582 2514 dicit:
599 2459 687 2514 Omna
700 2459 771 2530 quod
791 2458 902 2515 relative
956 2463 995 2517 sio
1010 2463 1060 2517 tria
1075 2462 1163 2533 aliqua
1179 2477 1250 2530 esse,
1266 2461 1350 2516 solius
1370 2469 1413 2516 est
1427 2459 1566 2514 Trinitatis
1591 2459 1671 2523 illius,
1689 2474 1753 2533 quae

109 2547 144 2605 ad
159 2548 263 2619 aliquid
278 2547 384 2611 dicitur,
399 2556 441 2603 est
455 2548 536 2604 etiam
550 2547 652 2618 aliquid
679 2547 713 2602 ad
740 2564 779 2613 se,
804 2555 903 2618 praetar
956 2551 1030 2606 Deus
1047 2557 1095 2605 est.
1118 2552 1188 2605 Nam
1208 2551 1258 2605 etsi
1288 2556 1351 2604 sunt
1378 2548 1522 2620 aliquando
1546 2556 1602 2604 tres
1627 2547 1753 2603 homines

108 2636 136 2692 id
164 2636 237 2708 quod
265 2636 376 2692 relative
396 2635 430 2690 ad
445 2635 547 2705 aliquid
562 2635 672 2691 dicitur.
697 2635 779 2690 Verbi
805 2635 901 2706 gretia,
956 2638 1081 2710 ejusdem
1098 2645 1208 2705 naturae,
1224 2637 1401 2709 ejusdemque
1417 2636 1752 2692 voluntatisrelconsen-

109 2732 164 2780 tres
179 2723 306 2779 homines
316 2732 379 2779 sunt
388 2731 467 2795 pater
475 2731 502 2778 ει
515 2722 597 2791 lilius,
614 2731 641 2779 et
662 2723 774 2793 quilibet
800 2724 905 2778 amicus
957 2743 1012 2795 sus,
1024 2735 1098 2783 certe
1112 2735 1165 2780 tres
1187 2726 1310 2781 homines
1322 2733 1377 2781 tres
1393 2741 1502 2795 semper
1516 2723 1640 2780 homiues
1666 2730 1751 2788 sunt;

109 2826 217 2868 eornm.
236 2813 266 2866 la
281 2827 313 2866 eo
328 2812 399 2884 quod
415 2813 450 2867 ad
463 2828 493 2868 se
514 2819 586 2878 sunt,
603 2820 658 2868 tres
686 2813 809 2867 homines
822 2820 902 2878 sunt;
957 2822 985 2871 ει
995 2814 1021 2870 si
1035 2814 1179 2884 aliqnando
1193 2814 1219 2868 in
1231 2813 1365 2886 aliquibus
1391 2813 1574 2882 consentiunt,
1603 2812 1632 2867 in
1659 2811 1754 2866 multis

109 2899 261 2969 iaeoquod
276 2899 452 2966 adinvicem,
471 2908 557 2970 pater,
586 2908 614 2956 et
638 2899 720 2968 filius,
751 2909 778 2956 et
804 2901 905 2955 amicus
957 2903 1135 2960 dissentiunt.
1152 2902 1480 2972 lnTrinitateveroquae
1495 2902 1628 2967 Deasest,
1644 2900 1753 2972 quitres

109 2996 180 3046 aunt.
194 2988 252 3043 Nisi
267 2987 295 3043 id
309 2988 382 3059 quod
396 2989 429 3043 ad
441 3005 470 3044 se
480 2999 552 3056 suot,
569 2997 662 3044 essent
676 3007 684 3056 ;
700 2990 772 3060 quod
787 2989 823 3044 ad
836 2989 905 3045 invi·
933 3041 942 3065 ,
959 2999 1021 3047 sunt
1036 2991 1179 3047 verissime
1194 3007 1277 3045 unum
1293 2998 1372 3052 sunt:
1390 2997 1480 3044 elnon
1492 2988 1607 3055 tresdii,
1622 2987 1671 3044 sed
1683 3005 1754 3043 nnus

110 3092 170 3133 aem
186 3085 259 3144 sunt,
279 3092 340 3132 esse
354 3092 408 3132 non
418 3085 540 3147 possent.
556 3078 619 3133 Tria
647 3092 713 3148 ergo
739 3076 840 3148 aliqua,
853 3093 902 3133 seu
957 3081 1030 3135 Dens
1044 3086 1117 3145 sunt,
1133 3079 1212 3133 unius
1227 3087 1341 3143 nature,
1358 3078 1481 3146 eiusdem
1509 3076 1642 3133 essentiae.
1667 3075 1753 3132 Unius

112 3172 167 3220 tres
180 3165 264 3234 aliqui
276 3165 421 3221 adsesunt
436 3184 443 3231 ;
460 3166 507 3237 qui
522 3167 612 3232 Pater,
629 3173 655 3221 et
670 3165 761 3231 Filius,
774 3172 800 3220 et
814 3165 902 3235 Spiri-
957 3168 1029 3224 enim
1045 3166 1169 3222 essentiae
1182 3166 1340 3237 praedicatio
1355 3165 1503 3236 perlectam
1531 3164 1664 3220 concludit
1689 3163 1755 3218 uni-

111 3261 155 3308 tus
176 3261 286 3310 sanctus
297 3254 451 3309 adinvicem
463 3261 538 3308 sunt.
555 3253 626 3322 Quid
642 3255 723 3308 tres?
739 3252 810 3322 Quid
826 3253 903 3308 tria?
958 3262 1051 3312 tatem.
1081 3255 1149 3310 Cum
1174 3254 1386 3327 ergoquaeritur
1409 3253 1442 3307 de
1471 3255 1560 3319 Patre,
1586 3259 1613 3307 ει
1638 3252 1717 3319 Filio,
1729 3260 1756 3306 et

111 3341 162 3398 llic
175 3343 228 3398 nisi
238 3342 446 3412 respondeatur,
461 3343 576 3398 obtinuit
591 3342 724 3399 sabellius
738 3341 775 3408 id,
791 3357 904 3412 proquo
959 3345 1061 3415 Spiritu
1076 3350 1180 3409 sancto,
1194 3343 1218 3396 si
1233 3351 1297 3402 tres.
1309 3341 1372 3411 quid
1388 3348 1442 3395 tres
1458 3340 1515 3396 tex
1529 3339 1756 3396 auctoritateDo-

110 3429 256 3487 baereticae
271 3430 379 3487 dicitur.
405 3430 520 3486 Excedit
533 3446 599 3486 uero
613 3430 846 3501 supereminentia
860 3430 905 3483 di·
958 3432 1036 3497 mini,
1049 3438 1076 3486 ει
1085 3431 1232 3486 secundum
1256 3430 1390 3485 rationem
1414 3427 1488 3490 fidei,
1518 3429 1556 3482 nil
1580 3427 1678 3483 melius
1706 3443 1756 3482 sea

110 3518 230 3576 vinitatis
257 3535 366 3575 omnem
382 3519 534 3575 communis
564 3519 664 3590 eloquii
688 3519 856 3574 facultatem.
876 3517 905 3574 Si
959 3519 1162 3576 convenientius
1190 3518 1299 3574 ueritati
1335 3517 1525 3588 respondetur,
1556 3532 1637 3586 quam
1661 3532 1754 3572 unum.

110 3607 184 3661 enim
199 3622 254 3661 rem
280 3607 349 3662 sicut
372 3614 413 3661 est
432 3607 634 3677 perpendimus,
651 3606 844 3677 proculdubio
863 3610 906 3661 εει
960 3609 1061 3664 Placuit
1076 3616 1165 3662 tamen
1181 3607 1303 3661 Patribus
1318 3614 1428 3677 propter
1448 3604 1601 3677 disputandi
1631 3603 1754 3659 nenessi-

111 3694 199 3762 Pater,
212 3701 254 3748 est
269 3694 360 3761 Filius,
378 3703 418 3748 est
430 3695 546 3764 Spiritus
569 3695 838 3764 sanctua3necipse
865 3702 907 3749 εει
960 3705 1052 3761 tatem,
1080 3711 1128 3751 seu
1156 3695 1290 3750 tractandi
1304 3695 1348 3749 vel
1370 3693 1543 3764 colloquendi
1558 3691 1754 3757 difficultatem,

111 3780 197 3834 Filius
211 3783 256 3851 qui
270 3783 360 3848 Pater,
372 3796 424 3837 nea
438 3781 495 3851 ipse
510 3790 550 3837 est
565 3781 684 3853 Spiritus
712 3792 830 3846 sanatus,
861 3780 907 3852 qui
961 3784 1082 3854 exceptis
1107 3782 1234 3839 relativis
1258 3782 1423 3848 nominibus,
1454 3780 1588 3853 pluralem
1614 3795 1755 3841 numerum

111 3869 191 3924 Pater
218 3877 245 3924 et
260 3870 353 3924 Tilius.
369 3870 436 3924 Tres
451 3884 519 3941 ergo
537 3880 607 3924 sunt.
637 3869 750 3926 Dices:
777 3868 907 3941 Nunquid
961 3875 1103 3929 admittere
1120 3887 1127 3926 :
1143 3879 1171 3926 ει
1196 3879 1226 3925 ut
1247 3886 1301 3925 uno
1332 3870 1441 3925 nomine
1469 3869 1665 3940 respondeatur
1689 3866 1755 3939 quid

112 3960 167 4013 tres
181 3957 417 4012 essentiaetdbsit
433 3957 439 4011 i
456 3958 526 4013 Nam
554 3957 703 4013 secundum
727 3958 907 4029 supradictam
962 3963 1023 4027 tria,
1040 3961 1131 4017 dicere
1147 3968 1203 4015 tres
1219 3973 1366 4030 personas:
1391 3957 1431 4012 sic
1445 3963 1547 4020 tamen,
1569 3960 1598 4010 ut
1621 3954 1702 4013 nullae
1718 3954 1757 4010 ibi

112 4044 236 4116 regulam
251 4045 393 4100 nominum
414 4046 581 4112 divinorum,
608 4045 725 4101 essentia
751 4053 793 4100 εει
818 4047 906 4111 Pater,
962 4051 1058 4117 moles,
1081 4048 1155 4103 nulla
1176 4046 1319 4102 intervalla
1344 4045 1503 4118 cogitentur,
1525 4042 1601 4098 nulla
1629 4042 1758 4099 distantia

113 4132 230 4187 essentia
243 4132 337 4199 Filius,
347 4134 587 4205 essentiaSpiritns
605 4143 713 4189 sanctus
729 4149 736 4204 ;
753 4134 801 4188 sed
817 4140 907 4187 tamen
961 4136 1141 4206 cujuscunque
1162 4132 1404 4200 dissimilitudinis,
1422 4131 1497 4191 nulla
1520 4131 1680 4202 separabilis
1698 4131 1758 4185 dis-

113 4229 230 4277 nontres
240 4220 376 4287 essentiae,
392 4221 439 4275 sed
449 4238 502 4276 uua
513 4223 641 4279 essentia.
660 4222 736 4294 Ergo
750 4222 814 4293 quid
825 4221 908 4276 tres‘l
962 4224 1054 4279 tinctio
1081 4239 1130 4279 seu
1141 4221 1291 4293 personalis
1306 4221 1440 4277 conlusio.
1463 4221 1525 4276 Non
1540 4235 1602 4291 pars
1628 4218 1667 4274 ibi
1681 4215 1759 4291 cogi·

112 4306 247 4365 Deficiunt
262 4309 693 4366 humanaverbeadverbaverbi
707 4310 906 4379 confugiamus.
963 4320 1033 4367 tetur
1059 4311 1104 4367 uel
1120 4318 1204 4367 totum
1221 4325 1228 4377 ;
1244 4325 1299 4365 non
1315 4310 1404 4379 majus
1419 4306 1522 4380 aliquid
1549 4306 1665 4361 Trinitas
1677 4322 1758 4376 quam

114 4397 180 4453 Cum
194 4399 265 4452 enim
279 4398 436 4468 loqueretur
451 4397 696 4453 DominusJudoais
705 4397 739 4453 de
750 4397 907 4467 semetipso,
922 4391 949 4451 D
963 4417 1015 4455 una
1030 4415 1156 4471 persana,
1166 4414 1219 4453 non
1230 4398 1320 4452 minus
1335 4411 1455 4469 persona
1464 4412 1545 4466 quam
1560 4395 1678 4449 Trinitas
1692 4401 1757 4450 tota.

114 4494 142 4543 et
155 4487 189 4542 de
201 4487 277 4542 Patre
291 4503 352 4554 suo,
370 4487 496 4543 dixerunt
513 4504 519 4541 ι
538 4509 549 4534 ι
567 4487 618 4542 Ubi
633 4493 673 4540 εει
699 4487 777 4540 Pater
789 4485 878 4538 tuusi
895 4506 906 4533 ε
963 4489 1037 4542 Licet
1048 4487 1121 4542 enim
1141 4502 1202 4542 ese
1220 4486 1337 4541 invicem
1351 4483 1526 4540 determinari
1555 4483 1760 4548 rideantur,ta·

91 4568 95 4573 ’
114 4577 211 4640 (lona.
230 4577 301 4645 vm.)
316 4578 355 4631 Aa
375 4575 398 4630 si
412 4575 533 4630 dicerent
549 4590 556 4630 τ
574 4575 647 4629 Duos
662 4573 814 4639 moedicia,
839 4580 865 4628 te
884 4580 911 4628 et
963 4591 1026 4631 men
1037 4575 1106 4630 sicut
1117 4571 1170 4629 fide
1180 4573 1294 4643 intelligi
1309 4580 1407 4643 potest,
1435 4571 1538 4626 infinita
1553 4571 1579 4625 in
1596 4586 1625 4625 se
1654 4569 1757 4625 intelli-

115 4664 222 4719 Patrem
238 4671 312 4719 tuum
329 4679 336 4732 ;
352 4671 379 4718 ιε
390 4663 525 4727 videmus,
543 4662 589 4716 ubi
604 4669 644 4717 est
661 4663 740 4716 Pater
753 4661 839 4715 tuus‘?
853 4661 908 4716 lle-

115 4752 224 4823 spoudit
236 4753 367 4808 Dominus
379 4767 385 4806 :
397 4772 408 4802 ι
426 4752 484 4822 Ego
494 4759 520 4806 et
535 4751 613 4806 Pater
622 4766 704 4807 unum
715 4766 809 4805 sumus
817 4750 909 4819 (loen.

117 4851 155 4920 x).
173 4872 184 4900 ι
202 4851 245 4905 Αε
256 4850 280 4905 si
291 4850 393 4905 diceret
410 4864 417 4903 :
433 4849 531 4916 Unum,
549 4848 612 4920 quia
625 4864 697 4904 unus
712 4865 772 4903 sum
788 4862 849 4904 cum
864 4847 910 4902 Pa·

118 4954 159 5002 tre
173 4946 254 5014 Deus,
270 4964 373 5011 sumus,
389 4947 454 5019 quia
466 4962 519 5019 ego
534 4957 560 5001 et
575 4946 654 5001 l‘ater
666 4946 720 5001 duo
735 4961 839 5001 sumus.

152 5041 227 5099 Siout
241 5057 308 5114 ergo
319 5042 463 5113 requisitus
477 5042 608 5097 Dominus
627 5058 657 5097 se
674 5049 700 5096 ct
727 5042 833 5096 Patrem
849 5039 914 5096 dicit

117 5156 178 5196 esse
193 5156 276 5195 unum
293 5158 300 5207 ;
314 5139 352 5194 sic
366 5146 394 5193 ει
408 5155 458 5194 nas
474 5140 509 5194 ab
520 5155 553 5196 eo
563 5141 651 5196 edocti
665 5139 839 5195 deTrinitate
852 5156 913 5211 quae

116 5239 191 5292 Deus
205 5249 255 5305 est,
271 5236 420 5309 requirenti
435 5237 500 5310 quid
516 5238 575 5305 tria,
593 5236 657 5307 quid
673 5244 737 5303 tres,
767 5234 915 5306 responde-

116 5349 187 5400 mus,
203 5350 299 5388 unum.
320 5333 348 5389 Si
364 5334 501 5406 improbus
516 5340 566 5398 est,
583 5340 608 5388 et
624 5331 717 5387 adhuc
732 5333 820 5404 pergit
835 5348 913 5401 qaee-

118 5446 189 5499 rera,
207 5429 273 5501 quid
296 5447 391 5495 unum,
407 5431 531 5497 dicimus,
547 5446 616 5485 unus
632 5430 718 5486 Deus.
748 5429 806 5485 Nec
826 5436 914 5485 temen

119 5526 259 5601 improbus
268 5525 327 5595 erit,
344 5527 368 5583 si
382 5530 463 5584 humo
477 5524 565 5581 fidelis
579 5533 633 5594 est,
648 5535 678 5582 ut
693 5532 812 5596 apponat
836 5540 914 5596 qute-

963 4665 1054 4734 genda
1068 4670 1128 4716 sunt
1143 4661 1196 4716 tria
1210 4660 1265 4728 illa,
1282 4676 1341 4729 quae
1356 4669 1410 4714 tres
1425 4675 1552 4731 personae
1567 4658 1715 4724 dicuntur,
1732 4665 1760 4713 et

964 4750 1071 4822 singula
1095 4765 1154 4805 esse
1168 4749 1195 4803 in
1214 4748 1339 4821 singulis,
1368 4755 1396 4803 et
1422 4746 1530 4818 singula
1554 4747 1581 4799 in
1608 4746 1759 4814 omnibus3

965 4856 992 4905 et
1005 4847 1097 4903 omnia
1111 4847 1139 4901 in
1154 4846 1289 4909 omnibus,
1319 4853 1344 4899 et
1369 4843 1460 4899 omnia
1483 4859 1577 4898 unum.
1598 4843 1664 4897 Cum
1685 4843 1760 4897 enim

966 4943 1102 5001 ineffabile
1116 4944 1168 4999 lroc
1182 4942 1254 5011 quod
1269 4958 1304 4996 ex
1311 4941 1438 4995 sensibus
1453 4947 1480 4995 et
1495 4940 1585 4994 verbis
1605 4947 1763 4993 sanctarum

966 5044 1073 5097 Patrum
1085 5057 1153 5112 pene
1168 5038 1345 5094 ineffabiliter
1374 5038 1426 5092 lari
1453 5037 1544 5093 conati
1561 5054 1664 5104 sumus,
1679 5052 1762 5092 cona-

967 5147 1040 5194 retur
1054 5139 1171 5192 bumana
1186 5136 1278 5206 inopia
1292 5134 1428 5209 loquendo
1456 5134 1578 5205 prolerre
1603 5133 1637 5197 ad
1653 5149 1764 5189 sensum

967 5236 1115 5301 bominum,
1127 5233 1285 5303 inquantum
1301 5232 1367 5287 illud
1381 5232 1409 5286 in
1426 5233 1570 5287 secretario
1585 5231 1685 5287 mentis
1715 5246 1765 5302 pro

968 5341 1048 5403 captu
1064 5330 1183 5395 tenebat,
1200 5329 1234 5384 de
1247 5331 1367 5385 Domino
1382 5330 1440 5385 Deo
1455 5345 1515 5391 suo,
1543 5329 1601 5383 sive
1618 5345 1667 5398 per
1691 5328 1764 5398 piam

968 5428 1061 5499 iidem,
1076 5431 1133 5484 sive
1148 5443 1197 5496 per
1212 5427 1427 5499 qualemcunque
1445 5423 1660 5496 intelligentiam,
1673 5422 1766 5476 timuit

968 5526 1099 5583 catholica
1126 5524 1213 5594 pietas
1237 5523 1328 5581 dicere
1360 5530 1419 5578 tres
1445 5520 1587 5588 essentias,
1611 5535 1645 5575 ne
1673 5519 1701 5573 in
1716 5517 1764 5573 illa
