3728 6000
106 228 160 285 bct
559 227 747 287 expostam
766 228 803 285 ΙΝ
822 226 944 287 EPIST.
965 229 1011 285 tlt
1025 226 1113 286 ΗΘΜ.
1131 260 1168 273 -
1182 229 1249 287 ctu.
1268 231 1293 286 l.
1699 231 1752 287 tat

107 367 158 422 per
170 350 339 408 sollicituset
362 351 495 409 aedificare
510 358 536 409 et
555 352 740 416 honorificare,
757 352 1127 425 postquamAjudiciaejus
1142 370 1197 410 non
1217 353 1334 428 lugiunt,
1350 353 1398 410 sed
1423 360 1562 426 appetunt,
1581 352 1643 425 quia
1663 352 1690 409 in
1715 353 1756 410 eis

107 440 175 495 satis
196 444 306 511 partem
333 440 454 514 gentium
483 440 632 497 seeundum
656 440 776 513 priorem
805 449 903 496 statum
955 443 1146 513 justilicandos
1165 460 1195 499 so
1218 460 1278 499 esse
1299 443 1451 502 conlidunt.
1468 444 1552 499 Porro
1568 442 1614 514 qui
1638 441 1756 515 lugiunt.

107 528 245 602 depressit
266 536 292 584 et
316 528 479 599 humiliarit,
502 529 566 601 quia
587 529 626 585 sic
648 529 823 601 expediebat,
844 530 903 599 jam
958 529 1079 603 elingere
1092 547 1146 587 non
1160 541 1284 604 possunt.
1298 532 1436 604 Sequitur.

106 633 141 674 ne
155 632 257 675 cornua
272 617 386 674 adderet
401 618 567 674 insultationi
582 618 749 683 iudeorum,
764 618 904 690 flagellum
994 620 1081 676 Vsus.
1094 623 1119 677 t.
1136 651 1171 662 -
1188 643 1199 669 ι
1216 622 1263 676 Aa
1276 621 1383 677 divitias
1398 620 1526 679 bonitatis
1539 621 1598 692 ejus
1612 626 1640 678 et
1654 621 1759 694 patian-

105 705 287 776 correptionis
301 707 328 762 in
343 722 390 763 eos
405 707 545 774 convertit,
562 714 590 762 ut
605 722 673 777 quos
688 723 769 777 pares
788 723 905 763 censura
959 707 1003 764 tiae
1017 716 1043 765 at
1057 709 1272 780 longanimitatis
1286 710 1461 766 contemnis?
1478 734 1489 760 υ
1506 710 1568 765 Jam
1583 718 1758 781 contempto-

105 793 258 865 discipliuae
282 796 393 863 laceret,
415 812 464 868 per
487 795 569 852 etiam
598 795 750 851 consolatio
778 795 806 850 in
833 810 903 865 pace
959 812 1016 852 ram
1033 797 1305 854 reddiditsollicitum
1323 815 1329 854 :
1344 798 1406 854 ideo
1421 798 1761 870 causampatientiaesub·

104 882 203 940 Christi
217 883 322 940 dulcius
336 886 438 940 uniret.
451 884 557 940 Etcum
574 883 670 940 eadem
685 900 746 958 quae
765 883 904 956 gentibus,
958 884 1042 941 nectit
1063 885 1181 943 dicens:
1206 908 1217 938 ι
1244 888 1359 959 Ignoras
1383 887 1508 959 quonlam
1533 887 1688 959 benignitas
1710 886 1762 944 Dei

104 974 237 1045 qnantum
253 972 288 1027 ad
302 972 462 1029 idololatriae
476 975 503 1028 at
517 972 697 1028 immunditiae
719 972 815 1029 sordes
837 988 905 1046 gra·
958 974 993 1030 ad
1016 973 1205 1045 paenitentiam
1232 982 1259 1031 te
1287 974 1548 1032 adducittBonitas
1575 975 1624 1031 Dei
1652 975 1760 1031 inaesti-

104 1060 223 1116 sissima
236 1059 277 1116 eis
305 1061 438 1132 imputare
467 1065 572 1133 posset,
588 1061 688 1133 quippe
718 1060 816 1134 quibus
842 1060 905 1117 libri
959 1062 1072 1119 mobiles
1087 1062 1190 1119 diritiae
1214 1069 1286 1130 sunt,
1303 1062 1365 1136 quia
1388 1062 1457 1120 sicut
1481 1063 1569 1119 solem
1590 1079 1668 1118 suum
1693 1062 1759 1119 oriri

104 1148 300 1220 propbetamm
322 1148 397 1220 pleni
423 1156 495 1214 sunt,
518 1149 664 1221 pmdenter
691 1155 782 1207 tamen
808 1149 903 1222 parcit,
960 1150 1035 1219 lacit,
1051 1151 1092 1208 sic
1119 1151 1200 1208 etiam
1227 1158 1327 1208 caetera
1351 1152 1424 1208 bona
1452 1167 1501 1207 sua
1526 1149 1678 1207 diffundere
1704 1167 1760 1208 non

105 1252 139 1292 na
153 1253 218 1292 cum
233 1243 342 1292 ventum
357 1236 439 1293 luerit
452 1238 486 1293 ad
501 1238 570 1310 legis
585 1239 758 1309 quaestiones,
769 1255 838 1310 quas
849 1254 906 1296 rno-
958 1248 1048 1296 cessat
1063 1240 1245 1311 superbonus
1260 1248 1287 1296 et
1299 1241 1398 1297 malos.
1417 1240 1554 1296 Patientia
1569 1255 1637 1297 vero
1652 1240 1702 1296 Dei
1717 1248 1761 1296 est

104 1324 267 1381 lestissimas
283 1326 324 1381 eis
340 1324 444 1382 futuras
461 1342 515 1381 non
531 1326 682 1392 dubitabat,
698 1326 828 1400 patientia
848 1327 905 1383 las·
958 1329 986 1384 in
1001 1329 1108 1401 eosqui
1122 1337 1308 1397 contemnunt,
1324 1328 1517 1400 longanimitas
1539 1329 1568 1383 in
1583 1344 1631 1385 eos
1646 1328 1692 1399 qui
1714 1328 1759 1385 in·

105 1429 217 1469 seseens
230 1414 338 1470 caderet
352 1413 402 1469 sub
416 1415 546 1486 pondere,
561 1415 584 1471 si
599 1414 679 1471 nimis
694 1422 807 1471 onerata
822 1421 903 1472 esset.
959 1416 1085 1473 firmitate
1101 1418 1286 1490 potiusquam
1309 1417 1452 1491 proposito
1474 1418 1643 1491 delinquunt.
1660 1418 1759 1474 Perse·

108 1500 180 1571 Quin
195 1502 279 1558 etiam
294 1502 327 1559 de
341 1503 432 1574 specie
450 1518 584 1562 conuersa
598 1503 633 1559 ud
656 1520 752 1576 genus,
769 1503 905 1575 publicam
958 1506 1117 1564 verentibus
1131 1507 1233 1580 quippe
1247 1506 1437 1579 peccatoribus
1461 1506 1490 1562 in
1512 1506 1646 1581 nequitia,
1660 1523 1759 1578 persa·

106 1590 152 1647 bic
165 1590 231 1648 lacit
245 1607 307 1648 esse
330 1593 454 1648 omnium
478 1608 572 1648 eorum
594 1594 795 1664 correptionem
818 1593 905 1649 curri·
958 1603 1035 1652 uorat
1048 1596 1121 1651 Deus
1144 1595 1173 1650 in
1194 1595 1331 1666 patientia,
1348 1611 1399 1666 par
1421 1609 1511 1666 pauca
1531 1595 1559 1650 in
1583 1597 1636 1652 hoc
1657 1595 1757 1653 seculo

106 1678 364 1750 pientismodastia‚
379 1688 409 1736 ut
436 1688 463 1737 et
492 1680 536 1737 alii
564 1680 591 1736 in
616 1681 784 1737 correctione
807 1697 903 1737 eornm
916 1707 943 1768 Β
958 1684 1073 1756 puniens
1087 1700 1121 1740 ne
1144 1684 1237 1740 divina
1259 1683 1430 1757 providentia
1454 1700 1509 1741 non
1531 1700 1593 1741 esse
1616 1683 1755 1753 credatur,

104 1769 282 1842 proficerent,
297 1778 324 1825 et
338 1770 401 1843 ipsi,
417 1777 446 1826 ut
469 1770 568 1825 dictum
588 1777 639 1836 est,
656 1769 683 1824 in
706 1769 837 1841 patientia
849 1786 904 1827 non
957 1771 1042 1829 multa
1056 1780 1181 1829 extremo
1196 1772 1316 1829 examini
1331 1788 1486 1841 reservans,
1502 1780 1532 1829 ut
1549 1771 1667 1828 loturum
1679 1772 1757 1844 judi-

103 1855 269 1914 delicerent.
287 1856 358 1927 Quia
372 1874 449 1933 ergo,
464 1858 559 1930 inquit,
575 1874 671 1914 omnes
694 1867 721 1914 et
737 1859 782 1930 qui
793 1856 903 1928 iaciunt,
958 1860 1027 1918 cium
1042 1860 1260 1917 commendetur.
1275 1860 1388 1916 Animus
1402 1875 1467 1917 vem
1482 1860 1554 1918 mals
1567 1860 1758 1920 sibiconscius

105 1949 133 2001 et
148 1946 198 2019 qni
214 1947 396 2013 consentiunt,
408 1947 486 2020 digni
497 1954 559 2002 sunt
570 1955 669 2017 morte,
683 1969 693 1994 u
707 1946 905 2003 inexcusabilis
954 1948 1014 2020 jam
1029 1957 1102 2004 totns
1117 1949 1194 2004 datus
1207 1949 1235 2004 in
1250 1964 1370 2021 posnam,
1386 1965 1448 2006 cum
1463 1949 1564 2005 nullam
1579 1949 1631 2005 sibi
1647 1965 1756 2021 poenum

104 2051 146 2103 es,
161 2050 180 2091 o
195 2036 288 2091 homo.
307 2059 318 2084 n
336 2035 530 2092 lnexeusabilis
544 2042 596 2100 est,
610 2051 689 2106 quem
705 2050 758 2091 non
776 2035 842 2090 lutet
857 2050 904 2090 ve·
957 2037 1065 2094 videtur
1079 2038 1146 2109 pati,
1161 2036 1249 2094 credit
1262 2037 1325 2108 quia
1337 2052 1393 2092 non
1405 2036 1511 2108 judicet
1530 2037 1612 2093 Deus.
1629 2040 1694 2110 lpse
1717 2044 1758 2095 est

105 2122 182 2194 ritas,
193 2131 220 2179 et
230 2130 387 2196 perseverat
397 2125 424 2180 in
435 2141 468 2181 ec
479 2124 617 2196 iniquitas.
631 2146 642 2172 s
655 2123 678 2180 0
690 2125 780 2179 homo.
795 2146 806 2173 n
817 2124 905 2180 llomo
958 2142 1054 2181 sensus
1069 2125 1212 2198 reprobus,
1225 2125 1286 2198 ipsa
1301 2134 1342 2182 ast
1357 2126 1467 2182 cecitas
1481 2134 1507 2182 et
1530 2125 1674 2182 obduratio
1689 2141 1756 2184 cor-

106 2211 153 2285 qui
167 2211 311 2269 inhonore
331 2213 436 2285 positus
459 2213 549 2285 legem
572 2212 622 2269 Dei
644 2213 737 2281 habes,
754 2215 782 2269 et
804 2228 905 2269 secun·
958 2214 1095 2288 dis3ipsae
1116 2222 1180 2270 sunt
1199 2214 1341 2271 interiores
1365 2214 1495 2283 tenebre,
1511 2213 1607 2284 qrdbus
1629 2215 1664 2270 ab
1683 2215 1757 2273 inte·

106 2301 174 2356 dum
185 2301 277 2375 legem
301 2302 351 2359 liei
376 2302 496 2374 judicas,
512 2311 538 2357 et
565 2317 627 2358 cum
655 2318 687 2358 eo
712 2301 795 2357 horno
816 2300 906 2358 omnis
958 2304 1024 2361 riori
1038 2303 1098 2360 luce
1110 2304 1160 2361 Dei
1174 2312 1301 2377 peccator
1314 2304 1489 2372 secludatur;
1504 2318 1560 2359 non
1574 2310 1665 2360 autem
1679 2303 1756 2375 peni·

106 2398 243 2460 peccator,
258 2388 302 2446 vel
323 2406 356 2446 ex
370 2397 448 2445 reatu
472 2389 599 2461 originis,
618 2388 660 2445 vel
674 2405 708 2444 ex
721 2389 905 2445 additamento
959 2400 1002 2447 tus
1021 2391 1143 2467 quandiu
1166 2392 1194 2447 in
1218 2393 1268 2448 hac
1293 2391 1348 2449 rita
1367 2399 1421 2448 est.
1447 2391 1517 2448 Sunt
1539 2392 1615 2447 enim
1638 2392 1758 2449 tenebrae

107 2478 228 2550 propris
254 2478 408 2546 uoluntatis,
425 2480 484 2535 sire
512 2479 558 2550 qui
588 2478 672 2546 novit,
688 2477 748 2534 sive
774 2477 823 2550 qui
851 2493 906 2534 non
959 2481 1120 2546 exteriores,
1143 2496 1204 2554 quaa
1228 2481 1320 2553 magis
1343 2482 1379 2537 ad
1400 2480 1472 2536 diem
1502 2479 1600 2551 judicil
1620 2479 1758 2552 pertinere

104 2566 192 2634 norit,
209 2567 271 2638 qnid
286 2574 313 2624 et
326 2566 387 2639 ipsa
401 2568 556 2641 ignorantia
576 2566 604 2623 in
619 2567 658 2623 cis
683 2565 727 2639 qui
751 2565 906 2639 intelligere
959 2568 1153 2642 intelliguntur,
1169 2576 1198 2625 ut
1211 2569 1319 2640 penitus
1333 2577 1411 2626 extra
1426 2569 1516 2625 Deum
1532 2570 1568 2625 sit
1587 2569 1633 2639 qui
1656 2568 1760 2642 corrigi

104 2654 261 2723 noluemnt‚
277 2656 336 2712 sine
351 2656 433 2712 dubio
458 2663 599 2728 peccatum
623 2662 682 2724 est;
698 2656 727 2710 in
749 2655 792 2711 eis
815 2664 906 2711 autem
959 2672 1013 2712 non
1028 2657 1095 2723 vult,
1110 2656 1175 2713 dum
1200 2663 1306 2729 tempus
1328 2656 1424 2714 habat.
1444 2657 1553 2714 Penitus
1576 2665 1668 2713 autam
1693 2672 1758 2714 esso

104 2744 152 2815 qui
162 2760 219 2800 non
229 2749 384 2817 potueruut,
393 2761 474 2817 poena
487 2745 602 2816 peccati.
614 2744 771 2816 Propterea,
783 2761 799 2800 o
811 2743 903 2812 homo,
959 2752 1035 2801 extra
1048 2746 1147 2810 Deum,
1162 2745 1226 2818 quid
1241 2752 1293 2809 est,
1305 2745 1357 2801 nisi
1372 2761 1432 2802 essa
1445 2744 1474 2801 in
1487 2760 1594 2802 summa
1609 2745 1758 2803 cecitate?

103 2832 208 2904 quiex
235 2833 296 2906 lego
320 2833 439 2903 judicas,
455 2833 650 2889 inexcusabilis
677 2849 718 2900 es,
745 2833 794 2888 sed
823 2839 849 2887 et
877 2837 905 2886 tu
960 2833 1102 2905 Siquidem
1126 2835 1200 2890 Deus
1220 2833 1326 2889 habitat
1348 2835 1437 2890 lucam
1460 2833 1690 2901 inaccessibilem,
1705 2847 1760 2905 quo

103 2921 197 2978 omnis
223 2921 318 2989 homo,
333 2923 379 2993 qui
406 2938 457 2978 nec
481 2921 571 2993 legem
600 2920 680 2989 nosti,
709 2936 761 2978 nec
785 2920 903 2991 judicas,
959 2922 1149 2995 ingrediuntur
1171 2922 1269 2995 quibus
1292 2922 1421 2979 dicitur:
1449 2943 1460 2971 ι
1487 2922 1558 2977 lutra
1580 2922 1608 2977 in
1630 2922 1761 2996 gaudium

103 3010 281 3067 nihilominus
308 3010 502 3067 inexcusabilis
529 3026 567 3065 es.
598 3011 660 3065 Non
688 3009 760 3066 enim
789 3008 906 3065 admittit
961 3010 1067 3067 bomini
1085 3011 1124 3067 tui
1145 3011 1256 3082 (llctllt.
1273 3013 1349 3082 xxv).
1372 3013 1497 3084 Ignoras,
1514 3010 1611 3083 inquit,
1629 3011 1761 3083 quoniam

102 3099 321 3170 excusationem,
337 3099 382 3172 qui
397 3098 447 3155 scit
461 3115 492 3155 se
512 3097 652 3154 hominem
673 3105 776 3154 rectum
797 3096 904 3168 lenisse,
960 3098 1113 3173 benignitas
1126 3100 1177 3156 Dei
1189 3099 1223 3155 ad
1248 3100 1436 3172 paenitentiam
1456 3106 1484 3156 te
1509 3098 1648 3157 adducitt
1664 3120 1675 3148 ι
1692 3100 1761 3171 lloc,

103 3189 258 3262 etinsnper
276 3188 439 3245 obedientiae
448 3187 557 3244 dedisse
572 3198 740 3261 preceptum
756 3203 763 3244 :
780 3186 906 3243 testimo·
961 3188 1080 3260 quandiu
1095 3195 1203 3262 tempus
1217 3195 1259 3245 est
1279 3187 1487 3246 misericordia.
1506 3187 1554 3244 via
1573 3187 1670 3245 audire
1692 3196 1763 3246 tent·

103 3277 181 3335 nium
195 3277 367 3334 conscientia
381 3280 410 3332 in
433 3277 496 3351 lege
519 3280 632 3332 naturae.
657 3278 689 3331 ln
718 3282 813 3332 neutro
837 3288 906 3348 ergo
960 3276 1148 3348 pusjudtatit

99 3367 179 3438 justa
192 3366 409 3437 estexcusati03
426 3366 474 3422 sed
494 3366 521 3422 in
536 3373 680 3436 utrumque
694 3366 766 3434 iusta
789 3363 906 3419 damna·
999 3366 1081 3421 Vnus.
1098 3369 1124 3423 5.
1148 3396 1185 3408 -
1210 3386 1221 3414 r
1245 3363 1400 3422 Secundum
1421 3361 1551 3420 duritiem
1572 3371 1646 3421 tuam
1667 3372 1694 3421 et
1716 3379 1766 3423 cor

101 3455 155 3512 tio.
175 3455 205 3513 Si
220 3455 295 3513 enim
309 3455 510 3511 inexcusabiles
526 3452 573 3520 illi,
589 3453 634 3524 qui
649 3453 799 3509 invisibilia
814 3452 865 3509 Dei
889 3469 906 3508 u
960 3455 1145 3528 impoenitens,
1167 3452 1332 3509 thesaurizas
1359 3451 1408 3507 tibi
1434 3451 1502 3508 iram
1531 3452 1559 3507 in
1586 3451 1634 3510 die
1661 3454 1707 3510 irae
1734 3461 1763 3512 et

102 3550 229 3602 creatura
244 3543 339 3601 mundi
362 3561 412 3617 per
431 3559 463 3599 eu
482 3560 543 3616 quae
572 3544 643 3598 lacta
666 3549 728 3597 sunt
749 3542 904 3615 intelligere
960 3543 1138 3604 revelationis
1155 3541 1222 3612 justi
1242 3541 1338 3611 iudicii
1362 3540 1426 3597 Dei.
1455 3562 1466 3591 u
1494 3541 1554 3597 Duo
1576 3548 1639 3597 sunt
1660 3557 1765 3614 genera

100 3648 158 3689 non
173 3636 329 3704 potuerunt,
346 3637 447 3705 quanto
462 3631 550 3704 magis
574 3630 620 3704 qui
640 3648 675 3686 ex
695 3630 758 3703 lege
779 3631 836 3700 ejus
860 3629 904 3685 in·
960 3631 1134 3707 pertinaciter
1173 3629 1362 3703 peccantium
1391 3628 1506 3688 alterum
1544 3629 1761 3689 misericordiam

101 3721 211 3788 structi,
226 3720 402 3778 conliduntse
417 3736 479 3775 asse
492 3721 575 3775 duces
601 3733 746 3785 caecorum,
762 3723 789 3774 et
812 3717 904 3773 lumen
958 3721 1070 3780 Deisibi
1087 3718 1317 3792 pmmittentinm3
1333 3717 1449 3774 alterum
1472 3719 1509 3775 ob
1535 3718 1671 3776 scelomm
1694 3735 1762 3778 suo·

102 3825 200 3868 eorum
214 3811 260 3883 qui
272 3810 299 3865 in
312 3810 432 3865 tenebris
441 3808 575 3864 suntthd
583 3823 631 3863 eos
644 3807 743 3879 quippe
757 3806 801 3863 hic
811 3822 904 3864 sermo
958 3827 1020 3867 rum
1040 3808 1229 3867 enormitatem
1253 3807 1469 3879 desperantium.
1488 3808 1603 3878 Propter
1626 3808 1698 3876 illos,
1714 3808 1763 3882 qni

101 3898 258 3972 dirigitur:
275 3922 286 3947 ι
302 3898 325 3954 0
339 3899 432 3964 homo,
451 3913 527 3952 »non
538 3896 659 3969 spiritus,
672 3897 789 3950 bumana
803 3894 904 3968 quippe
959 3916 992 3956 ex
1010 3915 1059 3971 spe
1080 3896 1274 3954 misericordia
1296 3895 1472 3952 dilationibus
1493 3895 1652 3964 illuduntur,
1668 3904 1760 3955 extra·

101 3986 233 4060 superbia
256 4001 388 4043 excusare
415 3994 441 4042 te
469 3985 571 4051 niteris,
593 3986 709 4040 humana
729 3984 849 4054 sapiens,
877 3990 905 4039 et
959 4004 1032 4045 mum
1050 3987 1127 4043 diem
1147 3985 1212 4042 lecit
1234 3986 1310 4041 Dans
1333 3984 1487 4048 incertnm;
1503 3991 1615 4058 propter
1636 4001 1695 4054 eos,
1711 3986 1759 4057 qai

101 4076 253 4133 secundum
268 4074 552 4146 hominemjudicans.
572 4075 628 4128 «ln
643 4089 696 4145 quo
711 4073 783 4128 enim
796 4071 904 4140 iudicas
956 4073 1127 4148 desperando
1158 4073 1357 4146 periclitantur,
1371 4072 1548 4146 indulgentiae
1572 4081 1693 4145 portum.
1722 4075 1758 4133 lit

101 4166 231 4233 alterum,
242 4168 269 4222 te
284 4164 373 4235 ipsum
389 4164 517 4220 damnas.
540 4162 642 4218 Eadem
665 4159 736 4216 enim
761 4159 821 4233 agis
843 4176 904 4232 qua
957 4164 1015 4221 sius
1030 4162 1085 4231 hic,
1101 4162 1160 4219 sive
1175 4162 1232 4234 ille,
1249 4162 1302 4218 nisi
1315 4161 1369 4219 cito
1383 4177 1414 4218 su
1437 4161 1570 4234 corrigat,
1587 4162 1616 4217 in
1639 4162 1684 4220 die
1707 4163 1757 4222 iras

98 4254 221 4325 judicas.
247 4276 259 4301 n
284 4252 444 4308 Hominibus
472 4251 499 4307 in
523 4250 679 4307 hominibus
705 4247 901 4319 judicantibus,
956 4252 1025 4310 iram
1039 4252 1093 4309 sibi
1121 4252 1297 4308 thesaurizat.
1319 4251 1475 4306 Thesaurus
1497 4257 1549 4318 est,
1563 4250 1610 4306 ubi
1632 4250 1757 4308 diversa·

102 4342 148 4399 uel
161 4341 243 4399 etiam
258 4341 434 4414 punientibus
444 4339 563 4412 quaeipsl
574 4347 668 4411 agunt,
678 4336 795 4393 mundus
806 4336 903 4409 plenus
957 4358 1016 4398 mm
1032 4357 1114 4414 opum
1128 4340 1230 4397 divide
1244 4338 1323 4412 quasi
1337 4339 1490 4394 minutatim
1511 4339 1711 4407 reconduntur,
1728 4347 1757 4399 ut

100 4439 162 4498 est;
178 4430 223 4504 qui
244 4446 306 4486 cum
329 4429 396 4487 alios
412 4429 547 4499 judicant,
563 4427 590 4482 in
612 4427 720 4498 seipsos
740 4425 901 4481 sententiam
916 4406 942 4467 D
958 4430 1035 4501 quasi
1059 4428 1143 4485 simul
1169 4428 1198 4484 in
1224 4444 1308 4484 unum
1335 4427 1381 4482 ubi
1409 4427 1545 4484 cumulum
1572 4425 1754 4484 inueniuntur.

99 4521 216 4578 dictant.
957 4519 1023 4575 Tres
1037 4533 1103 4590 ergo
1128 4517 1248 4572 thesauri
1269 4515 1441 4571 inueniuntur
1463 4516 1491 4571 in
1516 4513 1673 4586 scripturis,
1688 4516 1752 4573 the-

138 4610 225 4669 ans.
239 4612 268 4667 2.
282 4639 317 4650 -
335 4630 346 4658 a
360 4606 468 4663 Scimus
482 4605 555 4661 enim
569 4601 840 4675 quoniamjudioium
851 4601 902 4658 Dei
956 4622 1056 4663 saurus
1071 4605 1098 4662 in
1113 4612 1194 4672 terra,
1211 4606 1354 4661 thesaurus
1367 4603 1395 4658 in
1408 4603 1489 4670 coelo,
1505 4608 1532 4660 et
1550 4601 1595 4658 hic
1619 4603 1665 4675 qui
1689 4604 1752 4661 thc-

99 4708 145 4758 est
158 4698 308 4756 secundnm
323 4691 798 4764 veritatemineosquitaliaagunt.
810 4713 822 4740 s
835 4691 901 4747 Cum
955 4710 1054 4751 saurus
1080 4693 1131 4751 irae
1157 4692 1317 4766 appellatur.
1334 4689 1385 4759 Qui
1405 4690 1486 4748 corde
1513 4689 1694 4763 impoeuitenti
1719 4691 1752 4748 in

98 4787 249 4863 aliqnando
263 4785 401 4858 quaedam,
418 4799 478 4855 qnae
492 4781 561 4836 mala
578 4781 715 4849 videnlur,
726 4778 902 4835 bonoanimo
956 4785 1086 4840 thesauro
1100 4782 1149 4838 irae
1163 4788 1240 4838 actus
1255 4796 1318 4836 suos
1333 4778 1465 4840 recondit.
1480 4778 1565 4836 durus
1575 4779 1689 4850 dicitur3
1705 4778 1752 4852 qni

101 4879 170 4935 fiant
183 4885 210 4933 et
224 4876 296 4932 bona
317 4873 408 4935 malo;
425 4871 478 4927 alia
501 4886 565 4927 varo
589 4869 654 4939 sint,
669 4868 697 4924 in
720 4867 819 4941 quibus
844 4867 902 4924 elva
956 4871 1120 4928 thesaurizat
1134 4870 1162 4926 in
1182 4876 1265 4934 mira.
1280 4867 1380 4926 stultus
1403 4866 1572 4926 nominatur.
1593 4868 1749 4938 «Stulta»

99 4968 131 5023 in
145 4966 218 5024 bono
232 4962 333 5021 sivein
347 4962 420 5017 malo
434 4959 574 5032 operantis
596 4956 704 5013 animus
729 4954 899 5014 concordat:
955 4958 1053 5029 inquit,
1070 4977 1082 5010 r
1100 4957 1155 5015 hac
1175 4964 1256 5014 nocta
1283 4955 1402 5014 animem
1429 4962 1502 5013 tuam
1531 4962 1654 5027 repetunt
1680 4972 1697 5013 a
1725 4963 1752 5015 ts

99 5056 162 5126 ejns
174 5052 259 5111 solius
271 5059 313 5109 ast
327 5051 353 5107 in
368 5049 483 5108 veritate
494 5046 637 5119 judicium,
654 5045 699 5118 qui
721 5045 806 5103 corda
826 5042 902 5103 uouit
957 5047 1024 5117 (Luc
1038 5047 1087 5117 ιι).
1106 5045 1248 5119 »Sapiens
1262 5051 1355 5103 summ
1369 5051 1397 5101 et
1409 5042 1438 5100 in
1457 5043 1545 5101 Deum
1567 5043 1657 5114 diras,
1672 5060 1751 5118 qun·

98 5151 263 5224 diiudicare.
956 5159 1061 5217 cunque
1079 5142 1146 5216 agit,
1161 5142 1246 5217 digna
1267 5140 1332 5199 tacit
1353 5155 1441 5214 muno
1464 5140 1605 5199 caelorum.
1627 5141 1754 5199 Thesm-

137 5250 224 5307 Vsns.
239 5250 265 5303 3.
278 5277 315 5288 -
331 5267 343 5296 a
360 5243 506 5301 Existimas
528 5249 618 5300 antem
638 5240 701 5311 hro,
717 5240 841 5308 chamo,
857 5239 903 5312 qui
956 5241 1023 5297 rizat
1034 5255 1101 5316 argo
1115 5238 1233 5298 carnalla
1251 5238 1280 5296 in
1303 5246 1384 5308 terra,
1399 5237 1525 5296 animalis
1548 5237 1578 5295 iu
1600 5238 1652 5306 irs,
1666 5237 1754 5310 spiri-

96 5346 267 5421 judicaseoa
294 5343 341 5417 qui
369 5342 432 5399 talia
458 5349 542 5415 agunt
570 5345 598 5396 et
625 5337 693 5395 lacis
721 5353 766 5405 ea,
782 5336 847 5410 quia
875 5344 903 5394 tu
956 5339 1086 5407 tualis,iu
1099 5339 1183 5396 arelo.
1202 5337 1267 5395 Dies
1280 5335 1331 5395 ira
1343 5334 1524 5406 diesJ'udicii
1539 5335 1588 5392 nbi
1608 5334 1754 5408 unicuique

99 5443 219 5519 effugias
230 5442 364 5514 iudicium
377 5442 453 5498 [teil
468 5440 583 5513 Fugiant
596 5437 643 5512 qui
666 5438 783 5494 oderunt
806 5453 868 5494 aum
887 5452 903 5492 a
955 5435 1069 5494 fideliter
1080 5437 1244 5508 proferatur,
1261 5435 1335 5508 uum,
1350 5433 1429 5508 quid,
1444 5434 1488 5491 sal
1511 5432 1558 5490 ubi
1580 5433 1754 5491 thesaurisa-

99 5541 248 5613 redeam
261 5541 349 5615 (Prot.
364 5539 458 5612 nstra).
476 5536 560 5608 »Qut
581 5535 653 5593 enim
674 5536 763 5593 Deum
785 5533 903 5609 diligunt
956 5533 1033 5591 verit.
1060 5532 1113 5593 Ubi
1138 5533 1226 5606 judex
1254 5546 1310 5590 nou
1337 5538 1392 5593 ttrtt
1418 5530 1559 5590 mabit
1586 5528 1756 5609 stammam,
1782 5560 1787 5569 =
